<?xml version="1.0" encoding="UTF-8"?>
<!DOCTYPE html PUBLIC "-//W3C//DTD XHTML 1.0 Transitional//EN"
    "http://www.w3.org/TR/xhtml1/DTD/xhtml1-transitional.dtd">
<html xmlns="http://www.w3.org/1999/xhtml" xml:lang="en" lang="en">
 <head>
  <title>
</title>
<meta http-equiv="Content-Type" content="text/html;charset=utf-8" />
  <meta name='ocr-system' content='tesseract 3.04.00' />
  <meta name='ocr-capabilities' content='ocr_page ocr_carea ocr_par ocr_line ocrx_word'/>
</head>
<body>
  <div class='ocr_page' id='page_1' title='image "./doctorisseraphic09bona_0550.png"; bbox 0 0 2243 3348; ppageno 0'>
   <div class='ocr_carea' id='block_1_1' title="bbox 242 924 334 943">
    <p class='ocr_par' dir='ltr' id='par_1_1' title="bbox 242 924 334 943">
     <span class='ocr_line' id='line_1_1' title="bbox 242 924 334 943; baseline -0.011 0"><span class='ocrx_word' id='word_1_1' title='bbox 242 924 334 943; x_wconf 77' lang='lat' dir='ltr'>uortatto.</span> 
     </span>
    </p>
   </div>
   <div class='ocr_carea' id='block_1_2' title="bbox 210 2524 340 2543">
    <p class='ocr_par' dir='ltr' id='par_1_2' title="bbox 210 2524 340 2543">
     <span class='ocr_line' id='line_1_2' title="bbox 210 2524 340 2543; baseline -0.015 0"><span class='ocrx_word' id='word_1_2' title='bbox 210 2524 238 2543; x_wconf 81' lang='lat' dir='ltr'>De</span> <span class='ocrx_word' id='word_1_3' title='bbox 251 2524 340 2543; x_wconf 82' lang='lat' dir='ltr'>obedien-</span> 
     </span>
    </p>
   </div>
   <div class='ocr_carea' id='block_1_3' title="bbox 352 187 408 214">
    <p class='ocr_par' dir='ltr' id='par_1_3' title="bbox 352 187 408 214">
     <span class='ocr_line' id='line_1_3' title="bbox 352 187 408 214; baseline 0 0"><span class='ocrx_word' id='word_1_4' title='bbox 352 187 408 214; x_wconf 68' lang='lat'>522</span> 
     </span>
    </p>
   </div>
   <div class='ocr_carea' id='block_1_4' title="bbox 351 257 1206 2789">
    <p class='ocr_par' dir='ltr' id='par_1_4' title="bbox 351 257 1204 2462">
     <span class='ocr_line' id='line_1_4' title="bbox 352 257 1198 296; baseline -0.008 -4"><span class='ocrx_word' id='word_1_5' title='bbox 352 263 532 292; x_wconf 79' lang='lat' dir='ltr'><strong>honestatem.</strong></span> <span class='ocrx_word' id='word_1_6' title='bbox 556 262 606 290; x_wconf 83' lang='lat' dir='ltr'>Pro</span> <span class='ocrx_word' id='word_1_7' title='bbox 628 261 697 289; x_wconf 78' lang='lat' dir='ltr'>Deo!</span> <span class='ocrx_word' id='word_1_8' title='bbox 721 259 873 296; x_wconf 79' lang='lat' dir='ltr'>respiciatis</span> <span class='ocrx_word' id='word_1_9' title='bbox 894 259 939 287; x_wconf 89' lang='lat' dir='ltr'>hic</span> <span class='ocrx_word' id='word_1_10' title='bbox 960 265 1047 286; x_wconf 86' lang='lat' dir='ltr'>unum</span> <span class='ocrx_word' id='word_1_11' title='bbox 1066 257 1198 292; x_wconf 86' lang='lat' dir='ltr'>verbum;</span> 
     </span>
     <span class='ocr_line' id='line_1_5' title="bbox 352 304 1200 345; baseline -0.008 -6"><span class='ocrx_word' id='word_1_12' title='bbox 352 310 398 339; x_wconf 88' lang='lat' dir='ltr'>illa</span> <span class='ocrx_word' id='word_1_13' title='bbox 419 310 490 338; x_wconf 86' lang='lat' dir='ltr'>inte-r</span> <span class='ocrx_word' id='word_1_14' title='bbox 511 316 572 342; x_wconf 78' lang='lat' dir='ltr'>vos,</span> <span class='ocrx_word' id='word_1_15' title='bbox 595 315 665 345; x_wconf 87' lang='lat' dir='ltr'>quae</span> <span class='ocrx_word' id='word_1_16' title='bbox 686 310 727 335; x_wconf 88' lang='lat' dir='ltr'>est</span> <span class='ocrx_word' id='word_1_17' title='bbox 748 306 835 342; x_wconf 83' lang='lat' dir='ltr'>magis</span> <span class='ocrx_word' id='word_1_18' title='bbox 855 305 998 342; x_wconf 85' lang='lat' dir='ltr'>despecta,</span> <span class='ocrx_word' id='word_1_19' title='bbox 1019 305 1041 333; x_wconf 93' lang='lat' dir='ltr'>si</span> <span class='ocrx_word' id='word_1_20' title='bbox 1063 304 1098 333; x_wconf 86' lang='lat' dir='ltr'>sit</span> <span class='ocrx_word' id='word_1_21' title='bbox 1114 304 1200 341; x_wconf 83' lang='lat' dir='ltr'>magis</span> 
     </span>
     <span class='ocr_line' id='line_1_6' title="bbox 352 351 1199 394; baseline -0.009 -8"><span class='ocrx_word' id='word_1_22' title='bbox 352 365 423 394; x_wconf 88' lang='lat' dir='ltr'>pura</span> <span class='ocrx_word' id='word_1_23' title='bbox 443 360 470 385; x_wconf 89' lang='lat' dir='ltr'>et</span> <span class='ocrx_word' id='word_1_24' title='bbox 491 355 609 388; x_wconf 87' lang='lat' dir='ltr'>munda,</span> <span class='ocrx_word' id='word_1_25' title='bbox 631 353 743 382; x_wconf 83' lang='lat' dir='ltr'>habebit</span> <span class='ocrx_word' id='word_1_26' title='bbox 764 352 896 381; x_wconf 86' lang='lat' dir='ltr'>maiorem</span> <span class='ocrx_word' id='word_1_27' title='bbox 917 351 1052 388; x_wconf 78' lang='lat' dir='ltr'>gratiam,</span> <span class='ocrx_word' id='word_1_28' title='bbox 1073 353 1101 379; x_wconf 88' lang='lat' dir='ltr'>et</span> <span class='ocrx_word' id='word_1_29' title='bbox 1129 351 1199 379; x_wconf 86' lang='lat' dir='ltr'>banc</span> 
     </span>
     <span class='ocr_line' id='line_1_7' title="bbox 352 397 1198 440; baseline -0.008 -8"><span class='ocrx_word' id='word_1_30' title='bbox 352 403 424 440; x_wconf 88' lang='lat' dir='ltr'>apud</span> <span class='ocrx_word' id='word_1_31' title='bbox 447 403 542 431; x_wconf 90' lang='lat' dir='ltr'>Deum.</span> <span class='ocrx_word' id='word_1_32' title='bbox 566 402 596 429; x_wconf 89' lang='lat' dir='ltr'>Et</span> <span class='ocrx_word' id='word_1_33' title='bbox 618 401 669 428; x_wconf 87' lang='lat' dir='ltr'>hoc</span> <span class='ocrx_word' id='word_1_34' title='bbox 691 399 770 428; x_wconf 90' lang='lat' dir='ltr'>nobis</span> <span class='ocrx_word' id='word_1_35' title='bbox 791 399 860 427; x_wconf 87' lang='lat' dir='ltr'>bene</span> <span class='ocrx_word' id='word_1_36' title='bbox 882 398 1066 435; x_wconf 75' lang='lat' dir='ltr'>significatum</span> <span class='ocrx_word' id='word_1_37' title='bbox 1094 397 1147 425; x_wconf 87' lang='lat' dir='ltr'>fuit</span> <span class='ocrx_word' id='word_1_38' title='bbox 1171 397 1198 425; x_wconf 91' lang='lat' dir='ltr'>in</span> 
     </span>
     <span class='ocr_line' id='line_1_8' title="bbox 352 444 1200 486; baseline -0.008 -7"><span class='ocrx_word' id='word_1_39' title='bbox 352 451 423 479; x_wconf 90' lang='lat' dir='ltr'>bona</span> <span class='ocrx_word' id='word_1_40' title='bbox 444 453 471 479; x_wconf 87' lang='lat' dir='ltr'>et.</span> <span class='ocrx_word' id='word_1_41' title='bbox 493 450 589 486; x_wconf 90' lang='lat' dir='ltr'>pulcra</span> <span class='ocrx_word' id='word_1_42' title='bbox 611 446 747 480; x_wconf 83' lang='lat' dir='ltr'>Esther¹;</span> <span class='ocrx_word' id='word_1_43' title='bbox 773 445 902 482; x_wconf 77' lang='lat' dir='ltr'>quamvis</span> <span class='ocrx_word' id='word_1_44' title='bbox 930 448 1002 473; x_wconf 87' lang='lat' dir='ltr'>esset</span> <span class='ocrx_word' id='word_1_45' title='bbox 1030 444 1200 481; x_wconf 87' lang='lat' dir='ltr'>paupercula</span> 
     </span>
     <span class='ocr_line' id='line_1_9' title="bbox 352 491 1199 533; baseline -0.009 -7"><span class='ocrx_word' id='word_1_46' title='bbox 352 500 379 526; x_wconf 90' lang='lat' dir='ltr'>et</span> <span class='ocrx_word' id='word_1_47' title='bbox 399 497 527 533; x_wconf 84' lang='lat' dir='ltr'>despecta</span> <span class='ocrx_word' id='word_1_48' title='bbox 547 497 682 531; x_wconf 88' lang='lat' dir='ltr'>quantum</span> <span class='ocrx_word' id='word_1_49' title='bbox 705 493 738 521; x_wconf 89' lang='lat' dir='ltr'>ad</span> <span class='ocrx_word' id='word_1_50' title='bbox 760 492 870 529; x_wconf 86' lang='lat' dir='ltr'>generis</span> <span class='ocrx_word' id='word_1_51' title='bbox 891 491 1077 525; x_wconf 73' lang='lat' dir='ltr'>nobilitatem,</span> <span class='ocrx_word' id='word_1_52' title='bbox 1107 493 1199 519; x_wconf 88' lang='lat' dir='ltr'>tamen</span> 
     </span>
     <span class='ocr_line' id='line_1_10' title="bbox 352 537 1198 578; baseline -0.008 -6"><span class='ocrx_word' id='word_1_53' title='bbox 352 544 396 572; x_wconf 87' lang='lat' dir='ltr'>ille</span> <span class='ocrx_word' id='word_1_54' title='bbox 412 551 461 572; x_wconf 81' lang='lat' dir='ltr'>rex</span> <span class='ocrx_word' id='word_1_55' title='bbox 480 549 604 578; x_wconf 81' lang='lat' dir='ltr'>magnus,</span> <span class='ocrx_word' id='word_1_56' title='bbox 620 542 764 573; x_wconf 74' lang='lat' dir='ltr'>Assuerus,</span> <span class='ocrx_word' id='word_1_57' title='bbox 780 542 894 576; x_wconf 88' lang='lat' dir='ltr'>propter</span> <span class='ocrx_word' id='word_1_58' title='bbox 908 539 969 567; x_wconf 89' lang='lat' dir='ltr'>eius</span> <span class='ocrx_word' id='word_1_59' title='bbox 984 537 1198 575; x_wconf 72' lang='lat' dir='ltr'>pulcritudinem</span> 
     </span>
     <span class='ocr_line' id='line_1_11' title="bbox 352 585 1199 622; baseline -0.007 -4"><span class='ocrx_word' id='word_1_60' title='bbox 352 594 378 619; x_wconf 91' lang='lat' dir='ltr'>et</span> <span class='ocrx_word' id='word_1_61' title='bbox 399 588 635 618; x_wconf 75' lang='lat' dir='ltr'>conversationem</span> <span class='ocrx_word' id='word_1_62' title='bbox 657 586 826 615; x_wconf 73' lang='lat' dir='ltr'>exteriorem</span> <span class='ocrx_word' id='word_1_63' title='bbox 853 586 977 622; x_wconf 89' lang='lat' dir='ltr'>pulcram</span> <span class='ocrx_word' id='word_1_64' title='bbox 1006 585 1111 621; x_wconf 87' lang='lat' dir='ltr'>accepit</span> <span class='ocrx_word' id='word_1_65' title='bbox 1139 591 1199 612; x_wconf 88' lang='lat' dir='ltr'>eam</span> 
     </span>
     <span class='ocr_line' id='line_1_12' title="bbox 352 631 1200 665; baseline -0.006 -1"><span class='ocrx_word' id='word_1_66' title='bbox 352 637 379 665; x_wconf 92' lang='lat' dir='ltr'>in</span> <span class='ocrx_word' id='word_1_67' title='bbox 401 643 528 664; x_wconf 88' lang='lat' dir='ltr'>uxorem.</span> <span class='ocrx_word' id='word_1_68' title='bbox 551 635 593 663; x_wconf 82' lang='lat' dir='ltr'>Sic</span> <span class='ocrx_word' id='word_1_69' title='bbox 615 634 749 662; x_wconf 81' lang='lat' dir='ltr'>Dominus</span> <span class='ocrx_word' id='word_1_70' title='bbox 770 636 863 662; x_wconf 90' lang='lat' dir='ltr'>noster</span> <span class='ocrx_word' id='word_1_71' title='bbox 879 633 954 661; x_wconf 87' lang='lat' dir='ltr'>lesus</span> <span class='ocrx_word' id='word_1_72' title='bbox 968 631 1096 660; x_wconf 81' lang='lat' dir='ltr'>Christus</span> <span class='ocrx_word' id='word_1_73' title='bbox 1111 631 1200 665; x_wconf 84' lang='lat' dir='ltr'>saciet,</span> 
     </span>
     <span class='ocr_line' id='line_1_13' title="bbox 353 678 1200 721; baseline -0.006 -10"><span class='ocrx_word' id='word_1_74' title='bbox 353 683 418 721; x_wconf 89' lang='lat' dir='ltr'>quia</span> <span class='ocrx_word' id='word_1_75' title='bbox 440 682 512 710; x_wconf 90' lang='lat' dir='ltr'>illam</span> <span class='ocrx_word' id='word_1_76' title='bbox 534 689 605 719; x_wconf 87' lang='lat' dir='ltr'>quae</span> <span class='ocrx_word' id='word_1_77' title='bbox 631 681 717 718; x_wconf 81' lang='lat' dir='ltr'>magis</span> <span class='ocrx_word' id='word_1_78' title='bbox 743 680 871 717; x_wconf 86' lang='lat' dir='ltr'>despecta</span> <span class='ocrx_word' id='word_1_79' title='bbox 896 682 937 708; x_wconf 86' lang='lat' dir='ltr'>est</span> <span class='ocrx_word' id='word_1_80' title='bbox 965 680 1037 708; x_wconf 88' lang='lat' dir='ltr'>inter</span> <span class='ocrx_word' id='word_1_81' title='bbox 1058 678 1125 707; x_wconf 86' lang='lat' dir='ltr'>alias</span> <span class='ocrx_word' id='word_1_82' title='bbox 1157 678 1200 706; x_wconf 91' lang='lat' dir='ltr'>vel</span> 
     </span>
     <span class='ocr_line' id='line_1_14' title="bbox 352 725 1198 767; baseline -0.007 -8"><span class='ocrx_word' id='word_1_83' title='bbox 352 738 402 767; x_wconf 85' lang='lat' dir='ltr'>per</span> <span class='ocrx_word' id='word_1_84' title='bbox 423 729 532 767; x_wconf 86' lang='lat' dir='ltr'>generis</span> <span class='ocrx_word' id='word_1_85' title='bbox 553 728 750 766; x_wconf 70' lang='lat' dir='ltr'>ignobilitatem</span> <span class='ocrx_word' id='word_1_86' title='bbox 773 728 815 756; x_wconf 87' lang='lat' dir='ltr'>vel</span> <span class='ocrx_word' id='word_1_87' title='bbox 841 734 891 763; x_wconf 89' lang='lat' dir='ltr'>per</span> <span class='ocrx_word' id='word_1_88' title='bbox 912 726 1032 763; x_wconf 77' lang='lat' dir='ltr'>aliquem</span> <span class='ocrx_word' id='word_1_89' title='bbox 1061 725 1198 754; x_wconf 87' lang='lat' dir='ltr'>defectum</span> 
     </span>
     <span class='ocr_line' id='line_1_15' title="bbox 353 772 1200 814; baseline -0.007 -8"><span class='ocrx_word' id='word_1_90' title='bbox 353 777 541 814; x_wconf 83' lang='lat' dir='ltr'>corporalem,</span> <span class='ocrx_word' id='word_1_91' title='bbox 562 776 628 804; x_wconf 91' lang='lat' dir='ltr'>dum</span> <span class='ocrx_word' id='word_1_92' title='bbox 652 779 741 804; x_wconf 91' lang='lat' dir='ltr'>tamen</span> <span class='ocrx_word' id='word_1_93' title='bbox 764 775 885 803; x_wconf 88' lang='lat' dir='ltr'>inveniat</span> <span class='ocrx_word' id='word_1_94' title='bbox 906 782 965 802; x_wconf 89' lang='lat' dir='ltr'>eam</span> <span class='ocrx_word' id='word_1_95' title='bbox 988 781 1087 810; x_wconf 91' lang='lat' dir='ltr'>puram</span> <span class='ocrx_word' id='word_1_96' title='bbox 1117 772 1200 809; x_wconf 82' lang='lat' dir='ltr'>virgi-</span> 
     </span>
     <span class='ocr_line' id='line_1_16' title="bbox 352 819 1200 859; baseline -0.006 -7"><span class='ocrx_word' id='word_1_97' title='bbox 352 832 413 852; x_wconf 87' lang='lat' dir='ltr'>nem</span> <span class='ocrx_word' id='word_1_98' title='bbox 436 827 462 852; x_wconf 87' lang='lat' dir='ltr'>et</span> <span class='ocrx_word' id='word_1_99' title='bbox 484 824 582 852; x_wconf 89' lang='lat' dir='ltr'>bonam</span> <span class='ocrx_word' id='word_1_100' title='bbox 601 826 628 851; x_wconf 90' lang='lat' dir='ltr'>et</span> <span class='ocrx_word' id='word_1_101' title='bbox 644 830 742 859; x_wconf 88' lang='lat' dir='ltr'>puram</span> <span class='ocrx_word' id='word_1_102' title='bbox 758 822 783 850; x_wconf 89' lang='lat' dir='ltr'>in</span> <span class='ocrx_word' id='word_1_103' title='bbox 801 825 893 850; x_wconf 90' lang='lat' dir='ltr'>mente</span> <span class='ocrx_word' id='word_1_104' title='bbox 907 824 935 849; x_wconf 87' lang='lat' dir='ltr'>et</span> <span class='ocrx_word' id='word_1_105' title='bbox 951 821 1092 849; x_wconf 79' lang='lat' dir='ltr'>honestam</span> <span class='ocrx_word' id='word_1_106' title='bbox 1109 819 1134 847; x_wconf 92' lang='lat' dir='ltr'>in</span> <span class='ocrx_word' id='word_1_107' title='bbox 1150 827 1200 847; x_wconf 81' lang='lat' dir='ltr'>ex-</span> 
     </span>
     <span class='ocr_line' id='line_1_17' title="bbox 353 868 1200 906; baseline -0.007 -7"><span class='ocrx_word' id='word_1_108' title='bbox 353 871 446 899; x_wconf 86' lang='lat' dir='ltr'>teriori</span> <span class='ocrx_word' id='word_1_109' title='bbox 469 870 686 903; x_wconf 84' lang='lat' dir='ltr'>conversatione,</span> <span class='ocrx_word' id='word_1_110' title='bbox 701 869 800 906; x_wconf 87' lang='lat' dir='ltr'>accipit</span> <span class='ocrx_word' id='word_1_111' title='bbox 821 876 880 897; x_wconf 89' lang='lat' dir='ltr'>eam</span> <span class='ocrx_word' id='word_1_112' title='bbox 904 868 929 895; x_wconf 89' lang='lat' dir='ltr'>in</span> <span class='ocrx_word' id='word_1_113' title='bbox 952 874 1070 896; x_wconf 89' lang='lat' dir='ltr'>uxorem</span> <span class='ocrx_word' id='word_1_114' title='bbox 1088 869 1200 903; x_wconf 89' lang='lat' dir='ltr'>propter</span> 
     </span>
     <span class='ocr_line' id='line_1_18' title="bbox 351 913 1201 956; baseline -0.008 -8"><span class='ocrx_word' id='word_1_115' title='bbox 351 927 430 949; x_wconf 89' lang='lat' dir='ltr'>suam</span> <span class='ocrx_word' id='word_1_116' title='bbox 452 918 600 956; x_wconf 87' lang='lat' dir='ltr'>puritatem</span> <span class='ocrx_word' id='word_1_117' title='bbox 623 921 649 945; x_wconf 84' lang='lat' dir='ltr'>et</span> <span class='ocrx_word' id='word_1_118' title='bbox 671 916 842 945; x_wconf 78' lang='lat' dir='ltr'>munditiam.</span> <span class='ocrx_word' id='word_1_119' title='bbox 865 931 903 935; x_wconf 78' lang='lat'>-—</span> <span class='ocrx_word' id='word_1_120' title='bbox 926 915 956 942; x_wconf 88' lang='lat' dir='ltr'>Et</span> <span class='ocrx_word' id='word_1_121' title='bbox 984 914 1044 942; x_wconf 89' lang='lat' dir='ltr'>ideo</span> <span class='ocrx_word' id='word_1_122' title='bbox 1068 913 1201 942; x_wconf 88' lang='lat' dir='ltr'>debemus</span> 
     </span>
     <span class='ocr_line' id='line_1_19' title="bbox 352 961 1201 1000; baseline -0.008 -5"><span class='ocrx_word' id='word_1_123' title='bbox 352 967 467 995; x_wconf 88' lang='lat' dir='ltr'>multam</span> <span class='ocrx_word' id='word_1_124' title='bbox 489 972 581 994; x_wconf 87' lang='lat' dir='ltr'>caram</span> <span class='ocrx_word' id='word_1_125' title='bbox 604 964 706 992; x_wconf 86' lang='lat' dir='ltr'>babere</span> <span class='ocrx_word' id='word_1_126' title='bbox 728 963 876 1000; x_wconf 88' lang='lat' dir='ltr'>puritatem</span> <span class='ocrx_word' id='word_1_127' title='bbox 900 965 926 990; x_wconf 90' lang='lat' dir='ltr'>et</span> <span class='ocrx_word' id='word_1_128' title='bbox 942 961 1119 995; x_wconf 82' lang='lat' dir='ltr'>munditiam,</span> <span class='ocrx_word' id='word_1_129' title='bbox 1136 961 1201 997; x_wconf 90' lang='lat' dir='ltr'>quia</span> 
     </span>
     <span class='ocr_line' id='line_1_20' title="bbox 352 1009 1201 1046; baseline -0.008 -3"><span class='ocrx_word' id='word_1_130' title='bbox 352 1013 486 1043; x_wconf 82' lang='lat' dir='ltr'>Dominus</span> <span class='ocrx_word' id='word_1_131' title='bbox 506 1016 547 1041; x_wconf 86' lang='lat' dir='ltr'>est</span> <span class='ocrx_word' id='word_1_132' title='bbox 570 1012 688 1039; x_wconf 89' lang='lat' dir='ltr'>multum</span> <span class='ocrx_word' id='word_1_133' title='bbox 711 1010 854 1046; x_wconf 83' lang='lat' dir='ltr'>zelotypus</span> <span class='ocrx_word' id='word_1_134' title='bbox 874 1009 908 1038; x_wconf 86' lang='lat' dir='ltr'>de</span> <span class='ocrx_word' id='word_1_135' title='bbox 931 1009 1087 1045; x_wconf 77' lang='lat' dir='ltr'>virginitate</span> <span class='ocrx_word' id='word_1_136' title='bbox 1109 1011 1135 1037; x_wconf 90' lang='lat' dir='ltr'>et</span> <span class='ocrx_word' id='word_1_137' title='bbox 1151 1016 1201 1045; x_wconf 89' lang='lat' dir='ltr'>pu-</span> 
     </span>
     <span class='ocr_line' id='line_1_21' title="bbox 352 1055 1201 1094; baseline -0.008 -4"><span class='ocrx_word' id='word_1_138' title='bbox 352 1062 433 1090; x_wconf 79' lang='lat' dir='ltr'>ritate</span> <span class='ocrx_word' id='word_1_139' title='bbox 454 1063 560 1094; x_wconf 82' lang='lat' dir='ltr'>nostra.⁷</span> <span class='ocrx_word' id='word_1_140' title='bbox 582 1062 609 1087; x_wconf 90' lang='lat' dir='ltr'>et</span> <span class='ocrx_word' id='word_1_141' title='bbox 630 1067 664 1087; x_wconf 88' lang='lat' dir='ltr'>ne</span> <span class='ocrx_word' id='word_1_142' title='bbox 685 1058 717 1086; x_wconf 90' lang='lat' dir='ltr'>ad</span> <span class='ocrx_word' id='word_1_143' title='bbox 740 1058 824 1086; x_wconf 87' lang='lat' dir='ltr'>alium</span> <span class='ocrx_word' id='word_1_144' title='bbox 847 1065 929 1094; x_wconf 89' lang='lat' dir='ltr'>quam</span> <span class='ocrx_word' id='word_1_145' title='bbox 953 1056 984 1085; x_wconf 90' lang='lat' dir='ltr'>ad</span> <span class='ocrx_word' id='word_1_146' title='bbox 1009 1056 1098 1093; x_wconf 90' lang='lat' dir='ltr'>ipsum</span> <span class='ocrx_word' id='word_1_147' title='bbox 1115 1055 1201 1092; x_wconf 87' lang='lat' dir='ltr'>respi-</span> 
     </span>
     <span class='ocr_line' id='line_1_22' title="bbox 353 1104 1200 1142; baseline -0.007 -6"><span class='ocrx_word' id='word_1_148' title='bbox 353 1108 466 1137; x_wconf 82' lang='lat' dir='ltr'>ciamus.</span> <span class='ocrx_word' id='word_1_149' title='bbox 488 1106 591 1140; x_wconf 85' lang='lat' dir='ltr'>Credo,</span> <span class='ocrx_word' id='word_1_150' title='bbox 613 1105 687 1142; x_wconf 92' lang='lat' dir='ltr'>quod</span> <span class='ocrx_word' id='word_1_151' title='bbox 710 1113 783 1133; x_wconf 88' lang='lat' dir='ltr'>uxor</span> <span class='ocrx_word' id='word_1_152' title='bbox 815 1104 900 1132; x_wconf 87' lang='lat' dir='ltr'>unius</span> <span class='ocrx_word' id='word_1_153' title='bbox 932 1104 1020 1140; x_wconf 84' lang='lat' dir='ltr'>regis,</span> <span class='ocrx_word' id='word_1_154' title='bbox 1052 1106 1200 1139; x_wconf 87' lang='lat' dir='ltr'>antequam</span> 
     </span>
     <span class='ocr_line' id='line_1_23' title="bbox 352 1150 1200 1189; baseline -0.007 -6"><span class='ocrx_word' id='word_1_155' title='bbox 352 1158 414 1183; x_wconf 87' lang='lat' dir='ltr'>ante</span> <span class='ocrx_word' id='word_1_156' title='bbox 436 1154 532 1182; x_wconf 81' lang='lat' dir='ltr'>faciem</span> <span class='ocrx_word' id='word_1_157' title='bbox 554 1153 638 1181; x_wconf 90' lang='lat' dir='ltr'>unius</span> <span class='ocrx_word' id='word_1_158' title='bbox 660 1152 748 1189; x_wconf 82' lang='lat' dir='ltr'>regis,</span> <span class='ocrx_word' id='word_1_159' title='bbox 770 1151 871 1179; x_wconf 87' lang='lat' dir='ltr'>domini</span> <span class='ocrx_word' id='word_1_160' title='bbox 895 1151 954 1184; x_wconf 86' lang='lat' dir='ltr'>sui,</span> <span class='ocrx_word' id='word_1_161' title='bbox 984 1150 1085 1178; x_wconf 79' lang='lat' dir='ltr'>laceret</span> <span class='ocrx_word' id='word_1_162' title='bbox 1113 1157 1200 1178; x_wconf 89' lang='lat' dir='ltr'>unum</span> 
     </span>
     <span class='ocr_line' id='line_1_24' title="bbox 353 1197 1202 1240; baseline -0.008 -9"><span class='ocrx_word' id='word_1_163' title='bbox 353 1204 495 1240; x_wconf 85' lang='lat' dir='ltr'>peccatum</span> <span class='ocrx_word' id='word_1_164' title='bbox 518 1200 624 1233; x_wconf 81' lang='lat' dir='ltr'>carnis,</span> <span class='ocrx_word' id='word_1_165' title='bbox 647 1200 690 1228; x_wconf 80' lang='lat' dir='ltr'>vel</span> <span class='ocrx_word' id='word_1_166' title='bbox 717 1207 798 1227; x_wconf 88' lang='lat' dir='ltr'>unam</span> <span class='ocrx_word' id='word_1_167' title='bbox 832 1198 969 1226; x_wconf 86' lang='lat' dir='ltr'>villaniam</span> <span class='ocrx_word' id='word_1_168' title='bbox 1002 1197 1044 1226; x_wconf 89' lang='lat' dir='ltr'>sui</span> <span class='ocrx_word' id='word_1_169' title='bbox 1077 1197 1202 1233; x_wconf 90' lang='lat' dir='ltr'>corporis</span> 
     </span>
     <span class='ocr_line' id='line_1_25' title="bbox 353 1243 1200 1283; baseline -0.008 -5"><span class='ocrx_word' id='word_1_170' title='bbox 353 1257 416 1279; x_wconf 92' lang='lat' dir='ltr'>cum</span> <span class='ocrx_word' id='word_1_171' title='bbox 438 1257 494 1277; x_wconf 90' lang='lat' dir='ltr'>uno</span> <span class='ocrx_word' id='word_1_172' title='bbox 516 1247 631 1281; x_wconf 86' lang='lat' dir='ltr'>ribaldo,</span> <span class='ocrx_word' id='word_1_173' title='bbox 654 1246 835 1283; x_wconf 86' lang='lat' dir='ltr'>permitteret,</span> <span class='ocrx_word' id='word_1_174' title='bbox 857 1245 907 1274; x_wconf 89' lang='lat' dir='ltr'>sibi</span> <span class='ocrx_word' id='word_1_175' title='bbox 930 1245 1055 1273; x_wconf 88' lang='lat' dir='ltr'>membra</span> <span class='ocrx_word' id='word_1_176' title='bbox 1077 1243 1200 1272; x_wconf 84' lang='lat' dir='ltr'>disc-indi.</span> 
     </span>
     <span class='ocr_line' id='line_1_26' title="bbox 352 1290 1202 1331; baseline -0.008 -6"><span class='ocrx_word' id='word_1_177' title='bbox 352 1297 431 1325; x_wconf 87' lang='lat' dir='ltr'>Certe</span> <span class='ocrx_word' id='word_1_178' title='bbox 453 1295 491 1324; x_wconf 81' lang='lat' dir='ltr'>sic</span> <span class='ocrx_word' id='word_1_179' title='bbox 514 1295 559 1323; x_wconf 90' lang='lat' dir='ltr'>illa</span> <span class='ocrx_word' id='word_1_180' title='bbox 579 1302 651 1331; x_wconf 89' lang='lat' dir='ltr'>quae</span> <span class='ocrx_word' id='word_1_181' title='bbox 673 1296 714 1322; x_wconf 89' lang='lat' dir='ltr'>est</span> <span class='ocrx_word' id='word_1_182' title='bbox 735 1300 835 1329; x_wconf 83' lang='lat' dir='ltr'>sponsa</span> <span class='ocrx_word' id='word_1_183' title='bbox 862 1291 963 1320; x_wconf 90' lang='lat' dir='ltr'>summi</span> <span class='ocrx_word' id='word_1_184' title='bbox 997 1291 1091 1327; x_wconf 82' lang='lat' dir='ltr'>Regis,</span> <span class='ocrx_word' id='word_1_185' title='bbox 1124 1290 1202 1327; x_wconf 85' lang='lat' dir='ltr'>prius</span> 
     </span>
     <span class='ocr_line' id='line_1_27' title="bbox 352 1337 1202 1377; baseline -0.008 -5"><span class='ocrx_word' id='word_1_186' title='bbox 352 1343 465 1372; x_wconf 87' lang='lat' dir='ltr'>deberet.</span> <span class='ocrx_word' id='word_1_187' title='bbox 496 1350 525 1370; x_wconf 88' lang='lat' dir='ltr'>se</span> <span class='ocrx_word' id='word_1_188' title='bbox 556 1345 640 1370; x_wconf 89' lang='lat' dir='ltr'>totam</span> <span class='ocrx_word' id='word_1_189' title='bbox 676 1340 838 1377; x_wconf 82' lang='lat' dir='ltr'>permittere</span> <span class='ocrx_word' id='word_1_190' title='bbox 870 1347 919 1376; x_wconf 92' lang='lat' dir='ltr'>per</span> <span class='ocrx_word' id='word_1_191' title='bbox 950 1339 1038 1366; x_wconf 82' lang='lat' dir='ltr'>frusta</span> <span class='ocrx_word' id='word_1_192' title='bbox 1070 1337 1202 1371; x_wconf 89' lang='lat' dir='ltr'>discindi,</span> 
     </span>
     <span class='ocr_line' id='line_1_28' title="bbox 353 1386 1202 1427; baseline -0.007 -9"><span class='ocrx_word' id='word_1_193' title='bbox 353 1390 460 1427; x_wconf 59' lang='lat' dir='ltr'>(quam)</span> <span class='ocrx_word' id='word_1_194' title='bbox 482 1388 555 1426; x_wconf 90' lang='lat' dir='ltr'>quod</span> <span class='ocrx_word' id='word_1_195' title='bbox 579 1396 660 1416; x_wconf 87' lang='lat' dir='ltr'>unam</span> <span class='ocrx_word' id='word_1_196' title='bbox 683 1387 875 1423; x_wconf 72' lang='lat' dir='ltr'>cogitationem</span> <span class='ocrx_word' id='word_1_197' title='bbox 906 1386 1021 1414; x_wconf 80' lang='lat' dir='ltr'>liaberet</span> <span class='ocrx_word' id='word_1_198' title='bbox 1049 1393 1111 1413; x_wconf 91' lang='lat' dir='ltr'>cum</span> <span class='ocrx_word' id='word_1_199' title='bbox 1138 1392 1202 1413; x_wconf 85' lang='lat' dir='ltr'>con-</span> 
     </span>
     <span class='ocr_line' id='line_1_29' title="bbox 353 1432 1202 1470; baseline -0.006 -5"><span class='ocrx_word' id='word_1_200' title='bbox 353 1445 435 1466; x_wconf 86' lang='lat' dir='ltr'>sensu</span> <span class='ocrx_word' id='word_1_201' title='bbox 458 1437 498 1464; x_wconf 78' lang='lat' dir='ltr'>vel</span> <span class='ocrx_word' id='word_1_202' title='bbox 521 1435 700 1464; x_wconf 79' lang='lat' dir='ltr'>delectatione</span> <span class='ocrx_word' id='word_1_203' title='bbox 722 1434 754 1462; x_wconf 90' lang='lat' dir='ltr'>de</span> <span class='ocrx_word' id='word_1_204' title='bbox 776 1437 888 1470; x_wconf 86' lang='lat' dir='ltr'>peccato</span> <span class='ocrx_word' id='word_1_205' title='bbox 910 1441 960 1462; x_wconf 89' lang='lat' dir='ltr'>suo</span> <span class='ocrx_word' id='word_1_206' title='bbox 986 1441 1049 1461; x_wconf 88' lang='lat' dir='ltr'>cum</span> <span class='ocrx_word' id='word_1_207' title='bbox 1080 1432 1202 1466; x_wconf 85' lang='lat' dir='ltr'>ribaldo,</span> 
     </span>
     <span class='ocr_line' id='line_1_30' title="bbox 352 1481 1202 1516; baseline -0.006 -4"><span class='ocrx_word' id='word_1_208' title='bbox 352 1484 460 1512; x_wconf 88' lang='lat' dir='ltr'>diabolo</span> <span class='ocrx_word' id='word_1_209' title='bbox 481 1483 513 1511; x_wconf 89' lang='lat' dir='ltr'>de</span> <span class='ocrx_word' id='word_1_210' title='bbox 535 1482 651 1515; x_wconf 86' lang='lat' dir='ltr'>inferno,</span> <span class='ocrx_word' id='word_1_211' title='bbox 674 1489 765 1510; x_wconf 86' lang='lat' dir='ltr'>coram</span> <span class='ocrx_word' id='word_1_212' title='bbox 784 1481 898 1509; x_wconf 91' lang='lat' dir='ltr'>Domino</span> <span class='ocrx_word' id='word_1_213' title='bbox 913 1488 977 1514; x_wconf 90' lang='lat' dir='ltr'>suo,</span> <span class='ocrx_word' id='word_1_214' title='bbox 994 1481 1064 1516; x_wconf 80' lang='lat' dir='ltr'>Rege</span> <span class='ocrx_word' id='word_1_215' title='bbox 1080 1482 1202 1512; x_wconf 87' lang='lat' dir='ltr'>aeterno,</span> 
     </span>
     <span class='ocr_line' id='line_1_31' title="bbox 352 1526 1203 1568; baseline -0.006 -9"><span class='ocrx_word' id='word_1_216' title='bbox 352 1532 456 1568; x_wconf 85' lang='lat' dir='ltr'>Sponso</span> <span class='ocrx_word' id='word_1_217' title='bbox 478 1538 536 1558; x_wconf 81' lang='grc'>5110.</span> <span class='ocrx_word' id='word_1_218' title='bbox 561 1529 638 1557; x_wconf 78' lang='lat' dir='ltr'>Plus!</span> <span class='ocrx_word' id='word_1_219' title='bbox 662 1536 716 1557; x_wconf 92' lang='lat' dir='ltr'>non</span> <span class='ocrx_word' id='word_1_220' title='bbox 738 1532 814 1565; x_wconf 91' lang='lat' dir='ltr'>puto,</span> <span class='ocrx_word' id='word_1_221' title='bbox 837 1527 909 1564; x_wconf 88' lang='lat' dir='ltr'>quod</span> <span class='ocrx_word' id='word_1_222' title='bbox 932 1528 968 1556; x_wconf 90' lang='lat' dir='ltr'>sit</span> <span class='ocrx_word' id='word_1_223' title='bbox 988 1527 1081 1564; x_wconf 87' lang='lat' dir='ltr'>aliqua</span> <span class='ocrx_word' id='word_1_224' title='bbox 1102 1526 1203 1555; x_wconf 88' lang='lat' dir='ltr'>femina</span> 
     </span>
     <span class='ocr_line' id='line_1_32' title="bbox 353 1574 1202 1612; baseline -0.005 -6"><span class='ocrx_word' id='word_1_225' title='bbox 353 1579 379 1606; x_wconf 91' lang='lat' dir='ltr'>in</span> <span class='ocrx_word' id='word_1_226' title='bbox 401 1577 505 1606; x_wconf 88' lang='lat' dir='ltr'>mundo</span> <span class='ocrx_word' id='word_1_227' title='bbox 527 1577 562 1605; x_wconf 85' lang='lat' dir='ltr'>ita</span> <span class='ocrx_word' id='word_1_228' title='bbox 585 1576 714 1605; x_wconf 80' lang='lat' dir='ltr'>calefacta</span> <span class='ocrx_word' id='word_1_229' title='bbox 735 1575 769 1604; x_wconf 87' lang='lat' dir='ltr'>de</span> <span class='ocrx_word' id='word_1_230' title='bbox 791 1579 903 1612; x_wconf 86' lang='lat' dir='ltr'>peccato</span> <span class='ocrx_word' id='word_1_231' title='bbox 924 1575 1015 1603; x_wconf 86' lang='lat' dir='ltr'>carnis</span> <span class='ocrx_word' id='word_1_232' title='bbox 1037 1574 1078 1603; x_wconf 88' lang='lat' dir='ltr'>vel</span> <span class='ocrx_word' id='word_1_233' title='bbox 1106 1582 1202 1611; x_wconf 86' lang='lat' dir='ltr'>corpo-</span> 
     </span>
     <span class='ocr_line' id='line_1_33' title="bbox 352 1622 1202 1662; baseline -0.005 -9"><span class='ocrx_word' id='word_1_234' title='bbox 352 1626 400 1659; x_wconf 84' lang='lat' dir='ltr'>ris,</span> <span class='ocrx_word' id='word_1_235' title='bbox 422 1624 505 1662; x_wconf 84' lang='lat' dir='ltr'>quod,</span> <span class='ocrx_word' id='word_1_236' title='bbox 527 1624 548 1652; x_wconf 87' lang='lat' dir='ltr'>si</span> <span class='ocrx_word' id='word_1_237' title='bbox 572 1623 711 1657; x_wconf 87' lang='lat' dir='ltr'>crederet,</span> <span class='ocrx_word' id='word_1_238' title='bbox 733 1623 806 1660; x_wconf 90' lang='lat' dir='ltr'>quod</span> <span class='ocrx_word' id='word_1_239' title='bbox 829 1623 935 1656; x_wconf 89' lang='lat' dir='ltr'>statim,</span> <span class='ocrx_word' id='word_1_240' title='bbox 957 1622 1068 1659; x_wconf 90' lang='lat' dir='ltr'>quando</span> <span class='ocrx_word' id='word_1_241' title='bbox 1090 1622 1202 1655; x_wconf 84' lang='lat' dir='ltr'>rediret,</span> 
     </span>
     <span class='ocr_line' id='line_1_34' title="bbox 354 1668 1202 1708; baseline -0.006 -7"><span class='ocrx_word' id='word_1_242' title='bbox 354 1675 425 1701; x_wconf 88' lang='lat' dir='ltr'>esset</span> <span class='ocrx_word' id='word_1_243' title='bbox 446 1672 482 1700; x_wconf 90' lang='lat' dir='ltr'>ita</span> <span class='ocrx_word' id='word_1_244' title='bbox 505 1671 629 1708; x_wconf 87' lang='lat' dir='ltr'>leprosa,</span> <span class='ocrx_word' id='word_1_245' title='bbox 651 1670 724 1707; x_wconf 89' lang='lat' dir='ltr'>quod</span> <span class='ocrx_word' id='word_1_246' title='bbox 749 1678 814 1698; x_wconf 86' lang='lat' dir='ltr'>caro</span> <span class='ocrx_word' id='word_1_247' title='bbox 835 1670 858 1698; x_wconf 89' lang='lat' dir='ltr'>ei</span> <span class='ocrx_word' id='word_1_248' title='bbox 888 1669 999 1697; x_wconf 87' lang='lat' dir='ltr'>caderet</span> <span class='ocrx_word' id='word_1_249' title='bbox 1027 1677 1075 1705; x_wconf 88' lang='lat' dir='ltr'>per</span> <span class='ocrx_word' id='word_1_250' title='bbox 1098 1668 1202 1702; x_wconf 86' lang='lat' dir='ltr'>frusta,</span> 
     </span>
     <span class='ocr_line' id='line_1_35' title="bbox 353 1715 1202 1757; baseline -0.006 -9"><span class='ocrx_word' id='word_1_251' title='bbox 353 1719 425 1757; x_wconf 87' lang='lat' dir='ltr'>quod</span> <span class='ocrx_word' id='word_1_252' title='bbox 448 1719 512 1747; x_wconf 91' lang='lat' dir='ltr'>illuc</span> <span class='ocrx_word' id='word_1_253' title='bbox 534 1718 650 1746; x_wconf 84' lang='lat' dir='ltr'>auderet</span> <span class='ocrx_word' id='word_1_254' title='bbox 672 1717 762 1746; x_wconf 87' lang='lat' dir='ltr'>redire</span> <span class='ocrx_word' id='word_1_255' title='bbox 777 1724 828 1745; x_wconf 89' lang='lat' dir='ltr'>nec</span> <span class='ocrx_word' id='word_1_256' title='bbox 842 1716 981 1745; x_wconf 80' lang='lat' dir='ltr'>accedere.</span> <span class='ocrx_word' id='word_1_257' title='bbox 998 1716 1048 1744; x_wconf 83' lang='lat' dir='ltr'>Sed</span> <span class='ocrx_word' id='word_1_258' title='bbox 1065 1724 1113 1752; x_wconf 86' lang='lat' dir='ltr'>per</span> <span class='ocrx_word' id='word_1_259' title='bbox 1131 1715 1202 1744; x_wconf 88' lang='lat' dir='ltr'>istud</span> 
     </span>
     <span class='ocr_line' id='line_1_36' title="bbox 353 1763 1202 1803; baseline -0.005 -8"><span class='ocrx_word' id='word_1_260' title='bbox 353 1769 497 1803; x_wconf 86' lang='lat' dir='ltr'>peccatum</span> <span class='ocrx_word' id='word_1_261' title='bbox 519 1765 549 1793; x_wconf 82' lang='lat' dir='ltr'>fit</span> <span class='ocrx_word' id='word_1_262' title='bbox 572 1766 655 1793; x_wconf 88' lang='lat' dir='ltr'>bomo</span> <span class='ocrx_word' id='word_1_263' title='bbox 669 1768 695 1793; x_wconf 89' lang='lat' dir='ltr'>et</span> <span class='ocrx_word' id='word_1_264' title='bbox 712 1764 811 1792; x_wconf 90' lang='lat' dir='ltr'>mulier</span> <span class='ocrx_word' id='word_1_265' title='bbox 827 1767 901 1792; x_wconf 85' lang='lat' dir='ltr'>totns</span> <span class='ocrx_word' id='word_1_266' title='bbox 917 1764 1051 1800; x_wconf 89' lang='lat' dir='ltr'>leprosus,</span> <span class='ocrx_word' id='word_1_267' title='bbox 1068 1763 1104 1791; x_wconf 85' lang='lat' dir='ltr'>ita</span> <span class='ocrx_word' id='word_1_268' title='bbox 1119 1763 1202 1800; x_wconf 88' lang='lat' dir='ltr'>quod,</span> 
     </span>
     <span class='ocr_line' id='line_1_37' title="bbox 353 1811 1203 1849; baseline -0.005 -7"><span class='ocrx_word' id='word_1_269' title='bbox 353 1814 424 1842; x_wconf 84' lang='lat' dir='ltr'>sicut</span> <span class='ocrx_word' id='word_1_270' title='bbox 446 1813 559 1846; x_wconf 80' lang='lat' dir='ltr'>videtis,</span> <span class='ocrx_word' id='word_1_271' title='bbox 581 1812 654 1849; x_wconf 91' lang='lat' dir='ltr'>quod</span> <span class='ocrx_word' id='word_1_272' title='bbox 678 1812 761 1840; x_wconf 88' lang='lat' dir='ltr'>homo</span> <span class='ocrx_word' id='word_1_273' title='bbox 783 1814 898 1848; x_wconf 89' lang='lat' dir='ltr'>propter</span> <span class='ocrx_word' id='word_1_274' title='bbox 924 1811 1027 1847; x_wconf 86' lang='lat' dir='ltr'>lepram</span> <span class='ocrx_word' id='word_1_275' title='bbox 1057 1813 1203 1847; x_wconf 84' lang='lat' dir='ltr'>separatur</span> 
     </span>
     <span class='ocr_line' id='line_1_38' title="bbox 352 1857 1203 1895; baseline -0.005 -6"><span class='ocrx_word' id='word_1_276' title='bbox 352 1869 367 1889; x_wconf 83' lang='lat' dir='ltr'>a</span> <span class='ocrx_word' id='word_1_277' title='bbox 382 1860 510 1889; x_wconf 84' lang='lat' dir='ltr'>societate</span> <span class='ocrx_word' id='word_1_278' title='bbox 526 1859 681 1893; x_wconf 89' lang='lat' dir='ltr'>bominum,</span> <span class='ocrx_word' id='word_1_279' title='bbox 696 1859 735 1887; x_wconf 87' lang='lat' dir='ltr'>sic</span> <span class='ocrx_word' id='word_1_280' title='bbox 751 1862 864 1895; x_wconf 87' lang='lat' dir='ltr'>propter</span> <span class='ocrx_word' id='word_1_281' title='bbox 880 1858 946 1886; x_wconf 89' lang='lat' dir='ltr'>illud</span> <span class='ocrx_word' id='word_1_282' title='bbox 963 1861 1104 1894; x_wconf 84' lang='lat' dir='ltr'>peccatum</span> <span class='ocrx_word' id='word_1_283' title='bbox 1122 1857 1203 1885; x_wconf 89' lang='lat' dir='ltr'>bomo</span> 
     </span>
     <span class='ocr_line' id='line_1_39' title="bbox 352 1905 1204 1943; baseline -0.004 -7"><span class='ocrx_word' id='word_1_284' title='bbox 352 1912 379 1937; x_wconf 89' lang='lat' dir='ltr'>et</span> <span class='ocrx_word' id='word_1_285' title='bbox 400 1908 500 1936; x_wconf 89' lang='lat' dir='ltr'>mulier</span> <span class='ocrx_word' id='word_1_286' title='bbox 522 1907 553 1935; x_wconf 86' lang='lat' dir='ltr'>fit</span> <span class='ocrx_word' id='word_1_287' title='bbox 575 1907 611 1935; x_wconf 81' lang='lat' dir='ltr'>ita</span> <span class='ocrx_word' id='word_1_288' title='bbox 634 1907 769 1943; x_wconf 86' lang='lat' dir='ltr'>leprosus,</span> <span class='ocrx_word' id='word_1_289' title='bbox 792 1906 853 1934; x_wconf 80' lang='lat' dir='ltr'>vilis</span> <span class='ocrx_word' id='word_1_290' title='bbox 875 1909 901 1934; x_wconf 90' lang='lat' dir='ltr'>et</span> <span class='ocrx_word' id='word_1_291' title='bbox 923 1905 1049 1938; x_wconf 77' lang='lat' dir='ltr'>foetidus,</span> <span class='ocrx_word' id='word_1_292' title='bbox 1072 1905 1144 1941; x_wconf 88' lang='lat' dir='ltr'>quod</span> <span class='ocrx_word' id='word_1_293' title='bbox 1165 1912 1204 1933; x_wconf 86' lang='lat' dir='ltr'>se-</span> 
     </span>
     <span class='ocr_line' id='line_1_40' title="bbox 353 1952 1202 1992; baseline -0.004 -9"><span class='ocrx_word' id='word_1_294' title='bbox 353 1959 468 1992; x_wconf 82' lang='lat' dir='ltr'>paratur</span> <span class='ocrx_word' id='word_1_295' title='bbox 490 1963 505 1983; x_wconf 90' lang='lat' dir='ltr'>a</span> <span class='ocrx_word' id='word_1_296' title='bbox 527 1954 655 1983; x_wconf 88' lang='lat' dir='ltr'>societate</span> <span class='ocrx_word' id='word_1_297' title='bbox 678 1953 724 1981; x_wconf 87' lang='lat' dir='ltr'>Dei</span> <span class='ocrx_word' id='word_1_298' title='bbox 747 1956 774 1982; x_wconf 91' lang='lat' dir='ltr'>et</span> <span class='ocrx_word' id='word_1_299' title='bbox 796 1953 970 1990; x_wconf 64' lang='lat' dir='ltr'>Angelorum.</span> <span class='ocrx_word' id='word_1_300' title='bbox 1003 1953 1032 1980; x_wconf 85' lang='lat' dir='ltr'>Et</span> <span class='ocrx_word' id='word_1_301' title='bbox 1061 1952 1121 1980; x_wconf 90' lang='lat' dir='ltr'>ideo</span> <span class='ocrx_word' id='word_1_302' title='bbox 1149 1960 1202 1980; x_wconf 92' lang='lat' dir='ltr'>non</span> 
     </span>
     <span class='ocr_line' id='line_1_41' title="bbox 353 2000 1204 2039; baseline -0.004 -9"><span class='ocrx_word' id='word_1_303' title='bbox 353 2002 464 2039; x_wconf 86' lang='lat' dir='ltr'>putetis,</span> <span class='ocrx_word' id='word_1_304' title='bbox 479 2001 680 2034; x_wconf 83' lang='lat' dir='ltr'>dilectissimae,</span> <span class='ocrx_word' id='word_1_305' title='bbox 696 2008 755 2029; x_wconf 85' lang='lat' dir='ltr'>esse</span> <span class='ocrx_word' id='word_1_306' title='bbox 771 2000 909 2028; x_wconf 90' lang='lat' dir='ltr'>modicum</span> <span class='ocrx_word' id='word_1_307' title='bbox 926 2000 1074 2036; x_wconf 87' lang='lat' dir='ltr'>puritatem</span> <span class='ocrx_word' id='word_1_308' title='bbox 1089 2003 1204 2028; x_wconf 73' lang='grc'>011111111-</span> 
     </span>
     <span class='ocr_line' id='line_1_42' title="bbox 352 2047 1203 2085; baseline -0.004 -8"><span class='ocrx_word' id='word_1_309' title='bbox 352 2049 461 2082; x_wconf 82' lang='lat' dir='ltr'>ditiam,</span> <span class='ocrx_word' id='word_1_310' title='bbox 483 2049 548 2085; x_wconf 87' lang='lat' dir='ltr'>quia</span> <span class='ocrx_word' id='word_1_311' title='bbox 570 2048 660 2084; x_wconf 75' lang='lat' dir='ltr'>magni</span> <span class='ocrx_word' id='word_1_312' title='bbox 684 2047 763 2084; x_wconf 88' lang='lat' dir='ltr'>pretii</span> <span class='ocrx_word' id='word_1_313' title='bbox 786 2050 851 2075; x_wconf 91' lang='lat' dir='ltr'>sunt</span> <span class='ocrx_word' id='word_1_314' title='bbox 872 2047 945 2083; x_wconf 85' lang='lat' dir='ltr'>apud</span> <span class='ocrx_word' id='word_1_315' title='bbox 968 2047 1065 2075; x_wconf 89' lang='lat' dir='ltr'>Deum.</span> <span class='ocrx_word' id='word_1_316' title='bbox 1089 2047 1203 2083; x_wconf 83' lang='lat' dir='ltr'>Propter</span> 
     </span>
     <span class='ocr_line' id='line_1_43' title="bbox 353 2094 1203 2124; baseline -0.004 0"><span class='ocrx_word' id='word_1_317' title='bbox 353 2096 424 2124; x_wconf 86' lang='lat' dir='ltr'>enim</span> <span class='ocrx_word' id='word_1_318' title='bbox 448 2096 499 2124; x_wconf 87' lang='lat' dir='ltr'>ista</span> <span class='ocrx_word' id='word_1_319' title='bbox 521 2096 576 2123; x_wconf 91' lang='lat' dir='ltr'>duo</span> <span class='ocrx_word' id='word_1_320' title='bbox 599 2099 672 2123; x_wconf 87' lang='lat' dir='ltr'>totus</span> <span class='ocrx_word' id='word_1_321' title='bbox 695 2094 816 2122; x_wconf 86' lang='lat' dir='ltr'>mundus</span> <span class='ocrx_word' id='word_1_322' title='bbox 837 2094 887 2122; x_wconf 84' lang='lat' dir='ltr'>fuit</span> <span class='ocrx_word' id='word_1_323' title='bbox 904 2094 986 2122; x_wconf 83' lang='lat' dir='ltr'>semel</span> <span class='ocrx_word' id='word_1_324' title='bbox 1003 2094 1134 2122; x_wconf 87' lang='lat' dir='ltr'>salvatus.</span> <span class='ocrx_word' id='word_1_325' title='bbox 1153 2094 1203 2121; x_wconf 88' lang='lat' dir='ltr'>Do-</span> 
     </span>
     <span class='ocr_line' id='line_1_44' title="bbox 354 2140 1203 2177; baseline -0.004 -6"><span class='ocrx_word' id='word_1_326' title='bbox 354 2143 446 2171; x_wconf 85' lang='lat' dir='ltr'>minus</span> <span class='ocrx_word' id='word_1_327' title='bbox 466 2142 538 2171; x_wconf 91' lang='lat' dir='ltr'>enim</span> <span class='ocrx_word' id='word_1_328' title='bbox 563 2142 645 2170; x_wconf 90' lang='lat' dir='ltr'>semel</span> <span class='ocrx_word' id='word_1_329' title='bbox 668 2145 756 2169; x_wconf 90' lang='lat' dir='ltr'>totum</span> <span class='ocrx_word' id='word_1_330' title='bbox 780 2140 914 2169; x_wconf 87' lang='lat' dir='ltr'>mundum</span> <span class='ocrx_word' id='word_1_331' title='bbox 937 2140 1078 2169; x_wconf 79' lang='lat' dir='ltr'>destruxit</span> <span class='ocrx_word' id='word_1_332' title='bbox 1099 2148 1148 2177; x_wconf 88' lang='lat' dir='ltr'>per</span> <span class='ocrx_word' id='word_1_333' title='bbox 1163 2140 1203 2168; x_wconf 92' lang='lat' dir='ltr'>di-</span> 
     </span>
     <span class='ocr_line' id='line_1_45' title="bbox 354 2188 1204 2226; baseline -0.004 -7"><span class='ocrx_word' id='word_1_334' title='bbox 354 2191 475 2224; x_wconf 82' lang='lat' dir='ltr'>luvium3</span> <span class='ocrx_word' id='word_1_335' title='bbox 499 2190 545 2218; x_wconf 87' lang='lat' dir='ltr'>sed</span> <span class='ocrx_word' id='word_1_336' title='bbox 567 2192 681 2226; x_wconf 88' lang='lat' dir='ltr'>propter</span> <span class='ocrx_word' id='word_1_337' title='bbox 703 2189 854 2217; x_wconf 82' lang='lat' dir='ltr'>castitatem</span> <span class='ocrx_word' id='word_1_338' title='bbox 874 2189 927 2217; x_wconf 80' lang='lat' dir='ltr'>Noe</span> <span class='ocrx_word' id='word_1_339' title='bbox 949 2192 975 2216; x_wconf 89' lang='lat' dir='ltr'>et</span> <span class='ocrx_word' id='word_1_340' title='bbox 999 2188 1160 2216; x_wconf 89' lang='lat' dir='ltr'>munditiam</span> <span class='ocrx_word' id='word_1_341' title='bbox 1177 2191 1204 2216; x_wconf 87' lang='lat' dir='ltr'>et</span> 
     </span>
     <span class='ocr_line' id='line_1_46' title="bbox 354 2235 1202 2273; baseline -0.002 -8"><span class='ocrx_word' id='word_1_342' title='bbox 354 2245 419 2266; x_wconf 82' lang='lat' dir='ltr'>snae</span> <span class='ocrx_word' id='word_1_343' title='bbox 441 2237 568 2270; x_wconf 86' lang='lat' dir='ltr'>familiae,</span> <span class='ocrx_word' id='word_1_344' title='bbox 591 2237 655 2273; x_wconf 81' lang='lat' dir='ltr'>quia</span> <span class='ocrx_word' id='word_1_345' title='bbox 677 2236 780 2272; x_wconf 88' lang='lat' dir='ltr'>placuit</span> <span class='ocrx_word' id='word_1_346' title='bbox 802 2236 866 2269; x_wconf 88' lang='lat' dir='ltr'>Deo,</span> <span class='ocrx_word' id='word_1_347' title='bbox 882 2235 996 2263; x_wconf 84' lang='lat' dir='ltr'>suerunt</span> <span class='ocrx_word' id='word_1_348' title='bbox 1011 2235 1105 2263; x_wconf 79' lang='lat' dir='ltr'>salvati</span> <span class='ocrx_word' id='word_1_349' title='bbox 1123 2235 1202 2271; x_wconf 87' lang='lat' dir='ltr'>pauci</span> 
     </span>
     <span class='ocr_line' id='line_1_47' title="bbox 355 2282 1204 2320; baseline -0.004 -7"><span class='ocrx_word' id='word_1_350' title='bbox 355 2284 488 2318; x_wconf 86' lang='lat' dir='ltr'>homines,</span> <span class='ocrx_word' id='word_1_351' title='bbox 504 2287 530 2312; x_wconf 87' lang='lat' dir='ltr'>et</span> <span class='ocrx_word' id='word_1_352' title='bbox 546 2287 639 2320; x_wconf 87' lang='lat' dir='ltr'>postea</span> <span class='ocrx_word' id='word_1_353' title='bbox 661 2292 695 2312; x_wconf 90' lang='lat' dir='ltr'>ex</span> <span class='ocrx_word' id='word_1_354' title='bbox 719 2283 785 2319; x_wconf 89' lang='lat' dir='ltr'>ipsis</span> <span class='ocrx_word' id='word_1_355' title='bbox 799 2283 850 2311; x_wconf 89' lang='lat' dir='ltr'>suit</span> <span class='ocrx_word' id='word_1_356' title='bbox 867 2286 940 2311; x_wconf 87' lang='lat' dir='ltr'>totus</span> <span class='ocrx_word' id='word_1_357' title='bbox 957 2282 1077 2311; x_wconf 88' lang='lat' dir='ltr'>mundus</span> <span class='ocrx_word' id='word_1_358' title='bbox 1092 2290 1204 2319; x_wconf 86' lang='lat' dir='ltr'>repara-</span> 
     </span>
     <span class='ocr_line' id='line_1_48' title="bbox 354 2329 1204 2365; baseline -0.002 -6"><span class='ocrx_word' id='word_1_359' title='bbox 354 2334 413 2364; x_wconf 78' lang='lat' dir='ltr'>tus3</span> <span class='ocrx_word' id='word_1_360' title='bbox 437 2339 485 2359; x_wconf 88' lang='lat' dir='ltr'>nec</span> <span class='ocrx_word' id='word_1_361' title='bbox 509 2338 558 2359; x_wconf 87' lang='lat' dir='ltr'>nos</span> <span class='ocrx_word' id='word_1_362' title='bbox 580 2330 660 2359; x_wconf 88' lang='lat' dir='ltr'>modo</span> <span class='ocrx_word' id='word_1_363' title='bbox 681 2338 806 2358; x_wconf 81' lang='lat' dir='ltr'>essemus</span> <span class='ocrx_word' id='word_1_364' title='bbox 829 2330 881 2364; x_wconf 83' lang='lat' dir='ltr'>liic,</span> <span class='ocrx_word' id='word_1_365' title='bbox 905 2330 954 2358; x_wconf 88' lang='lat' dir='ltr'>nisi</span> <span class='ocrx_word' id='word_1_366' title='bbox 978 2330 1074 2358; x_wconf 82' lang='lat' dir='ltr'>suisset</span> <span class='ocrx_word' id='word_1_367' title='bbox 1096 2329 1141 2357; x_wconf 90' lang='lat' dir='ltr'>illa</span> <span class='ocrx_word' id='word_1_368' title='bbox 1156 2337 1204 2365; x_wconf 86' lang='lat' dir='ltr'>pu-</span> 
     </span>
     <span class='ocr_line' id='line_1_49' title="bbox 356 2376 1204 2413; baseline -0.002 -7"><span class='ocrx_word' id='word_1_369' title='bbox 356 2379 431 2412; x_wconf 76' lang='lat' dir='ltr'>ritas,</span> <span class='ocrx_word' id='word_1_370' title='bbox 454 2378 587 2406; x_wconf 85' lang='lat' dir='ltr'>munditia</span> <span class='ocrx_word' id='word_1_371' title='bbox 609 2381 634 2406; x_wconf 90' lang='lat' dir='ltr'>et</span> <span class='ocrx_word' id='word_1_372' title='bbox 657 2378 776 2406; x_wconf 87' lang='lat' dir='ltr'>castitas.</span> <span class='ocrx_word' id='word_1_373' title='bbox 800 2377 916 2413; x_wconf 87' lang='lat' dir='ltr'>Oportet</span> <span class='ocrx_word' id='word_1_374' title='bbox 937 2385 1019 2413; x_wconf 82' lang='lat' dir='ltr'>ergo,</span> <span class='ocrx_word' id='word_1_375' title='bbox 1041 2376 1062 2404; x_wconf 89' lang='lat' dir='ltr'>si</span> <span class='ocrx_word' id='word_1_376' title='bbox 1086 2376 1204 2404; x_wconf 89' lang='lat' dir='ltr'>velimus</span> 
     </span>
     <span class='ocr_line' id='line_1_50' title="bbox 355 2423 1202 2462; baseline -0.002 -9"><span class='ocrx_word' id='word_1_377' title='bbox 355 2433 414 2454; x_wconf 86' lang='lat' dir='ltr'>esse</span> <span class='ocrx_word' id='word_1_378' title='bbox 436 2425 531 2458; x_wconf 86' lang='lat' dir='ltr'>sancti,</span> <span class='ocrx_word' id='word_1_379' title='bbox 554 2425 626 2462; x_wconf 89' lang='lat' dir='ltr'>quod</span> <span class='ocrx_word' id='word_1_380' title='bbox 651 2424 801 2453; x_wconf 79' lang='lat' dir='ltr'>habeamus</span> <span class='ocrx_word' id='word_1_381' title='bbox 823 2424 972 2460; x_wconf 87' lang='lat' dir='ltr'>puritatem</span> <span class='ocrx_word' id='word_1_382' title='bbox 988 2427 1015 2452; x_wconf 87' lang='lat' dir='ltr'>et</span> <span class='ocrx_word' id='word_1_383' title='bbox 1030 2423 1202 2451; x_wconf 84' lang='lat' dir='ltr'>munditiam.</span> 
     </span>
    </p>

    <p class='ocr_par' dir='ltr' id='par_1_5' title="bbox 357 2470 1206 2789">
     <span class='ocr_line' id='line_1_51' title="bbox 434 2470 1203 2504; baseline -0.001 -5"><span class='ocrx_word' id='word_1_384' title='bbox 434 2472 559 2500; x_wconf 80' lang='lat' dir='ltr'>Secundo</span> <span class='ocrx_word' id='word_1_385' title='bbox 581 2472 715 2500; x_wconf 80' lang='lat' dir='ltr'>debemus</span> <span class='ocrx_word' id='word_1_386' title='bbox 738 2472 839 2500; x_wconf 86' lang='lat' dir='ltr'>babere</span> <span class='ocrx_word' id='word_1_387' title='bbox 861 2471 1060 2499; x_wconf 57' lang='lat' dir='ltr'>obedientiam.</span> <span class='ocrx_word' id='word_1_388' title='bbox 1077 2470 1140 2504; x_wconf 84' lang='lat' dir='ltr'>Eva,</span> <span class='ocrx_word' id='word_1_389' title='bbox 1155 2478 1203 2498; x_wconf 93' lang='lat' dir='ltr'>no-</span> 
     </span>
     <span class='ocr_line' id='line_1_52' title="bbox 357 2517 1205 2555; baseline -0.002 -8"><span class='ocrx_word' id='word_1_390' title='bbox 357 2523 414 2547; x_wconf 85' lang='lat' dir='ltr'>stra</span> <span class='ocrx_word' id='word_1_391' title='bbox 436 2519 523 2555; x_wconf 87' lang='lat' dir='ltr'>prima</span> <span class='ocrx_word' id='word_1_392' title='bbox 546 2523 643 2553; x_wconf 85' lang='lat' dir='ltr'>mater,</span> <span class='ocrx_word' id='word_1_393' title='bbox 665 2519 734 2547; x_wconf 78' lang='lat' dir='ltr'>bene</span> <span class='ocrx_word' id='word_1_394' title='bbox 756 2518 807 2546; x_wconf 83' lang='lat' dir='ltr'>suit</span> <span class='ocrx_word' id='word_1_395' title='bbox 830 2526 899 2554; x_wconf 88' lang='lat' dir='ltr'>pura</span> <span class='ocrx_word' id='word_1_396' title='bbox 931 2520 958 2546; x_wconf 88' lang='lat' dir='ltr'>et</span> <span class='ocrx_word' id='word_1_397' title='bbox 990 2517 1107 2551; x_wconf 85' lang='lat' dir='ltr'>munda,</span> <span class='ocrx_word' id='word_1_398' title='bbox 1139 2517 1205 2553; x_wconf 87' lang='lat' dir='ltr'>quia</span> 
     </span>
     <span class='ocr_line' id='line_1_53' title="bbox 357 2564 1205 2602; baseline -0.002 -8"><span class='ocrx_word' id='word_1_399' title='bbox 357 2566 447 2594; x_wconf 79' lang='lat' dir='ltr'>adbuc</span> <span class='ocrx_word' id='word_1_400' title='bbox 479 2574 620 2602; x_wconf 86' lang='lat' dir='ltr'>nunquam</span> <span class='ocrx_word' id='word_1_401' title='bbox 655 2569 724 2593; x_wconf 86' lang='lat' dir='ltr'>tacta</span> <span class='ocrx_word' id='word_1_402' title='bbox 753 2565 844 2593; x_wconf 85' lang='lat' dir='ltr'>suerat</span> <span class='ocrx_word' id='word_1_403' title='bbox 865 2573 880 2592; x_wconf 91' lang='lat' dir='ltr'>a</span> <span class='ocrx_word' id='word_1_404' title='bbox 903 2565 962 2592; x_wconf 81' lang='lat' dir='ltr'>viro</span> <span class='ocrx_word' id='word_1_405' title='bbox 983 2572 1049 2599; x_wconf 69' lang='lat' dir='ltr'>suo,</span> <span class='ocrx_word' id='word_1_406' title='bbox 1072 2564 1118 2593; x_wconf 88' lang='lat' dir='ltr'>sed</span> <span class='ocrx_word' id='word_1_407' title='bbox 1140 2564 1205 2601; x_wconf 84' lang='lat' dir='ltr'>quia</span> 
     </span>
     <span class='ocr_line' id='line_1_54' title="bbox 357 2611 1204 2648; baseline -0.002 -7"><span class='ocrx_word' id='word_1_408' title='bbox 357 2621 410 2641; x_wconf 91' lang='lat' dir='ltr'>non</span> <span class='ocrx_word' id='word_1_409' title='bbox 433 2612 554 2641; x_wconf 81' lang='lat' dir='ltr'>obedivit</span> <span class='ocrx_word' id='word_1_410' title='bbox 574 2612 668 2640; x_wconf 82' lang='lat' dir='ltr'>divino</span> <span class='ocrx_word' id='word_1_411' title='bbox 691 2615 852 2648; x_wconf 74' lang='lat' dir='ltr'>praecepto,</span> <span class='ocrx_word' id='word_1_412' title='bbox 874 2611 926 2640; x_wconf 89' lang='lat' dir='ltr'>fuit</span> <span class='ocrx_word' id='word_1_413' title='bbox 953 2611 1039 2640; x_wconf 88' lang='lat' dir='ltr'>eiecta</span> <span class='ocrx_word' id='word_1_414' title='bbox 1067 2611 1100 2639; x_wconf 91' lang='lat' dir='ltr'>de</span> <span class='ocrx_word' id='word_1_415' title='bbox 1126 2619 1204 2648; x_wconf 85' lang='lat' dir='ltr'>para-</span> 
     </span>
     <span class='ocr_line' id='line_1_55' title="bbox 357 2658 1204 2695; baseline -0.002 -8"><span class='ocrx_word' id='word_1_416' title='bbox 357 2660 431 2692; x_wconf 83' lang='lat' dir='ltr'>diso,</span> <span class='ocrx_word' id='word_1_417' title='bbox 454 2667 502 2687; x_wconf 88' lang='lat' dir='ltr'>nec</span> <span class='ocrx_word' id='word_1_418' title='bbox 524 2659 574 2687; x_wconf 85' lang='lat' dir='ltr'>fuit</span> <span class='ocrx_word' id='word_1_419' title='bbox 597 2659 707 2695; x_wconf 75' lang='lat' dir='ltr'>placens</span> <span class='ocrx_word' id='word_1_420' title='bbox 729 2659 785 2687; x_wconf 88' lang='lat' dir='ltr'>Deo</span> <span class='ocrx_word' id='word_1_421' title='bbox 806 2667 855 2687; x_wconf 84' lang='lat' dir='ltr'>sua</span> <span class='ocrx_word' id='word_1_422' title='bbox 878 2658 984 2694; x_wconf 86' lang='lat' dir='ltr'>puritas</span> <span class='ocrx_word' id='word_1_423' title='bbox 1006 2661 1031 2686; x_wconf 84' lang='lat' dir='ltr'>et</span> <span class='ocrx_word' id='word_1_424' title='bbox 1055 2658 1204 2691; x_wconf 84' lang='lat' dir='ltr'>munditia,</span> 
     </span>
     <span class='ocr_line' id='line_1_56' title="bbox 358 2705 1206 2742; baseline 0 -9"><span class='ocrx_word' id='word_1_425' title='bbox 358 2707 441 2734; x_wconf 89' lang='lat' dir='ltr'>immo</span> <span class='ocrx_word' id='word_1_426' title='bbox 463 2705 515 2734; x_wconf 86' lang='lat' dir='ltr'>fuit</span> <span class='ocrx_word' id='word_1_427' title='bbox 535 2706 730 2734; x_wconf 81' lang='lat' dir='ltr'>miserabiliter</span> <span class='ocrx_word' id='word_1_428' title='bbox 752 2705 856 2742; x_wconf 80' lang='lat' dir='ltr'>punita.</span> <span class='ocrx_word' id='word_1_429' title='bbox 880 2705 1011 2733; x_wconf 82' lang='lat' dir='ltr'>Similiter</span> <span class='ocrx_word' id='word_1_430' title='bbox 1028 2705 1134 2738; x_wconf 78' lang='lat' dir='ltr'>lucifer,</span> <span class='ocrx_word' id='word_1_431' title='bbox 1150 2705 1206 2741; x_wconf 84' lang='lat' dir='ltr'>pri-</span> 
     </span>
     <span class='ocr_line' id='line_1_57' title="bbox 359 2751 1205 2789; baseline -0.002 -8"><span class='ocrx_word' id='word_1_432' title='bbox 359 2761 420 2781; x_wconf 87' lang='lat' dir='ltr'>mus</span> <span class='ocrx_word' id='word_1_433' title='bbox 441 2753 574 2789; x_wconf 71' lang='lat' dir='ltr'>Angelus,</span> <span class='ocrx_word' id='word_1_434' title='bbox 597 2752 660 2789; x_wconf 81' lang='lat' dir='ltr'>qui,</span> <span class='ocrx_word' id='word_1_435' title='bbox 682 2756 829 2788; x_wconf 81' lang='lat' dir='ltr'>antequam</span> <span class='ocrx_word' id='word_1_436' title='bbox 852 2755 993 2788; x_wconf 83' lang='lat' dir='ltr'>peccaret,</span> <span class='ocrx_word' id='word_1_437' title='bbox 1015 2751 1067 2779; x_wconf 86' lang='lat' dir='ltr'>suit</span> <span class='ocrx_word' id='word_1_438' title='bbox 1088 2752 1205 2780; x_wconf 85' lang='lat' dir='ltr'>nobilior</span> 
     </span>
    </p>
   </div>
   <div class='ocr_carea' id='block_1_5' title="bbox 359 2874 1206 3021">
    <p class='ocr_par' dir='ltr' id='par_1_6' title="bbox 420 2874 584 2897">
     <span class='ocr_line' id='line_1_58' title="bbox 420 2874 584 2897; baseline 0 0"><span class='ocrx_word' id='word_1_439' title='bbox 420 2874 427 2886; x_wconf 81' lang='lat'>¹</span> <span class='ocrx_word' id='word_1_440' title='bbox 447 2876 507 2897; x_wconf 73' lang='lat' dir='ltr'>Estli.</span> <span class='ocrx_word' id='word_1_441' title='bbox 525 2881 544 2897; x_wconf 65' lang='lat' dir='ltr'>c.</span> <span class='ocrx_word' id='word_1_442' title='bbox 563 2876 584 2897; x_wconf 73' lang='lat'>2.</span> 
     </span>
    </p>

    <p class='ocr_par' dir='ltr' id='par_1_7' title="bbox 420 2913 606 2941">
     <span class='ocr_line' id='line_1_59' title="bbox 420 2913 606 2941; baseline 0 -5"><span class='ocrx_word' id='word_1_443' title='bbox 420 2913 429 2925; x_wconf 70' lang='lat'>‘²</span> <span class='ocrx_word' id='word_1_444' title='bbox 448 2915 496 2936; x_wconf 85' lang='lat' dir='ltr'>lsai.</span> <span class='ocrx_word' id='word_1_445' title='bbox 517 2914 550 2941; x_wconf 67' lang='grc'>14,</span> <span class='ocrx_word' id='word_1_446' title='bbox 571 2914 606 2936; x_wconf 76' lang='grc'>14.</span> 
     </span>
    </p>

    <p class='ocr_par' dir='ltr' id='par_1_8' title="bbox 359 2952 1206 3021">
     <span class='ocr_line' id='line_1_60' title="bbox 421 2952 1206 2982; baseline -0.001 -6"><span class='ocrx_word' id='word_1_447' title='bbox 421 2952 429 2965; x_wconf 87' lang='lat'><strong>³</strong></span> <span class='ocrx_word' id='word_1_448' title='bbox 447 2954 613 2982; x_wconf 71' lang='lat' dir='ltr'>Montmartre,</span> <span class='ocrx_word' id='word_1_449' title='bbox 625 2953 722 2976; x_wconf 72' lang='lat' dir='ltr'>Parisiis.</span> <span class='ocrx_word' id='word_1_450' title='bbox 731 2966 761 2970; x_wconf 91' lang='lat'>—</span> <span class='ocrx_word' id='word_1_451' title='bbox 771 2953 955 2981; x_wconf 80' lang='lat' dir='ltr'>Supponendum</span> <span class='ocrx_word' id='word_1_452' title='bbox 969 2956 1010 2981; x_wconf 79' lang='lat' dir='ltr'>est,</span> <span class='ocrx_word' id='word_1_453' title='bbox 1022 2956 1126 2976; x_wconf 84' lang='lat' dir='ltr'>sanctum</span> <span class='ocrx_word' id='word_1_454' title='bbox 1140 2959 1206 2981; x_wconf 85' lang='lat' dir='ltr'>prae-</span> 
     </span>
     <span class='ocr_line' id='line_1_61' title="bbox 359 2992 1206 3021; baseline 0 -7"><span class='ocrx_word' id='word_1_455' title='bbox 359 2992 483 3015; x_wconf 86' lang='lat' dir='ltr'>dicatorem</span> <span class='ocrx_word' id='word_1_456' title='bbox 503 2993 579 3020; x_wconf 84' lang='lat' dir='ltr'>ipsum</span> <span class='ocrx_word' id='word_1_457' title='bbox 592 2994 650 3015; x_wconf 86' lang='lat' dir='ltr'>lianc</span> <span class='ocrx_word' id='word_1_458' title='bbox 662 2993 790 3015; x_wconf 77' lang='lat' dir='ltr'>doctrinam</span> <span class='ocrx_word' id='word_1_459' title='bbox 803 2996 952 3020; x_wconf 79' lang='lat' dir='ltr'>temperasse,</span> <span class='ocrx_word' id='word_1_460' title='bbox 964 2993 1092 3015; x_wconf 85' lang='lat' dir='ltr'>secundum</span> <span class='ocrx_word' id='word_1_461' title='bbox 1107 2999 1133 3014; x_wconf 81' lang='lat' dir='ltr'>ea</span> <span class='ocrx_word' id='word_1_462' title='bbox 1146 2998 1206 3021; x_wconf 83' lang='lat' dir='ltr'>quae</span> 
     </span>
    </p>
   </div>
   <div class='ocr_carea' id='block_1_6' title="bbox 1136 2828 1273 2831">
    <p class='ocr_par' dir='ltr' id='par_1_9' title="bbox 1136 2828 1273 2831">
     <span class='ocr_line' id='line_1_62' title="bbox 1136 2828 1273 2831; baseline 0 0"><span class='ocrx_word' id='word_1_463' title='bbox 1136 2828 1273 2831; x_wconf 95' lang='lat' dir='ltr'> </span> 
     </span>
    </p>
   </div>
   <div class='ocr_carea' id='block_1_7' title="bbox 1227 278 1236 3014">
    <p class='ocr_par' dir='ltr' id='par_1_10' title="bbox 1227 278 1236 3014">
     <span class='ocr_line' id='line_1_63' title="bbox 1227 278 1236 3014; baseline 0 0"><span class='ocrx_word' id='word_1_464' title='bbox 1227 278 1236 3014; x_wconf 95' lang='lat' dir='ltr'> </span> 
     </span>
    </p>
   </div>
   <div class='ocr_carea' id='block_1_8' title="bbox 1026 179 1425 209">
    <p class='ocr_par' dir='ltr' id='par_1_11' title="bbox 1026 179 1425 209">
     <span class='ocr_line' id='line_1_64' title="bbox 1026 179 1425 209; baseline 0 -1"><span class='ocrx_word' id='word_1_465' title='bbox 1026 179 1199 209; x_wconf 83' lang='lat' dir='ltr'>SERMONES</span> <span class='ocrx_word' id='word_1_466' title='bbox 1220 179 1263 208; x_wconf 91' lang='lat' dir='ltr'>DE</span> <span class='ocrx_word' id='word_1_467' title='bbox 1284 180 1425 209; x_wconf 75' lang='lat' dir='ltr'>SANCTlS.</span> 
     </span>
    </p>
   </div>
   <div class='ocr_carea' id='block_1_9' title="bbox 1254 258 2112 2789">
    <p class='ocr_par' dir='ltr' id='par_1_12' title="bbox 1254 258 2112 2789">
     <span class='ocr_line' id='line_1_65' title="bbox 1255 258 2103 296; baseline 0.002 -10"><span class='ocrx_word' id='word_1_468' title='bbox 1255 261 1393 292; x_wconf 85' lang='lat' dir='ltr'>creatura,</span> <span class='ocrx_word' id='word_1_469' title='bbox 1415 265 1498 294; x_wconf 89' lang='lat' dir='ltr'>quam</span> <span class='ocrx_word' id='word_1_470' title='bbox 1520 265 1643 295; x_wconf 86' lang='lat' dir='ltr'>unquam</span> <span class='ocrx_word' id='word_1_471' title='bbox 1661 258 1733 287; x_wconf 92' lang='lat' dir='ltr'>Deus</span> <span class='ocrx_word' id='word_1_472' title='bbox 1748 258 1898 293; x_wconf 86' lang='lat' dir='ltr'>creaverit;</span> <span class='ocrx_word' id='word_1_473' title='bbox 1921 259 1968 288; x_wconf 87' lang='lat' dir='ltr'>sed</span> <span class='ocrx_word' id='word_1_474' title='bbox 1990 267 2025 288; x_wconf 84' lang='lat' dir='ltr'>ex</span> <span class='ocrx_word' id='word_1_475' title='bbox 2047 267 2103 296; x_wconf 89' lang='lat' dir='ltr'>quo</span> 
     </span>
     <span class='ocr_line' id='line_1_66' title="bbox 1256 304 2103 342; baseline 0.002 -10"><span class='ocrx_word' id='word_1_476' title='bbox 1256 304 1390 333; x_wconf 89' lang='lat' dir='ltr'>Dominus</span> <span class='ocrx_word' id='word_1_477' title='bbox 1410 304 1493 338; x_wconf 87' lang='lat' dir='ltr'>vidit,</span> <span class='ocrx_word' id='word_1_478' title='bbox 1515 304 1587 342; x_wconf 91' lang='lat' dir='ltr'>quod</span> <span class='ocrx_word' id='word_1_479' title='bbox 1610 304 1668 341; x_wconf 88' lang='lat' dir='ltr'>ipse</span> <span class='ocrx_word' id='word_1_480' title='bbox 1697 308 1810 342; x_wconf 85' lang='lat' dir='ltr'>propter</span> <span class='ocrx_word' id='word_1_481' title='bbox 1831 313 1910 334; x_wconf 87' lang='lat' dir='ltr'>suam</span> <span class='ocrx_word' id='word_1_482' title='bbox 1939 305 2103 342; x_wconf 87' lang='lat' dir='ltr'>pulcritudi-</span> 
     </span>
     <span class='ocr_line' id='line_1_67' title="bbox 1255 350 2103 388; baseline 0.001 -9"><span class='ocrx_word' id='word_1_483' title='bbox 1255 358 1317 380; x_wconf 88' lang='lat' dir='ltr'>nem</span> <span class='ocrx_word' id='word_1_484' title='bbox 1340 350 1452 379; x_wconf 86' lang='lat' dir='ltr'>obedire</span> <span class='ocrx_word' id='word_1_485' title='bbox 1473 351 1575 385; x_wconf 87' lang='lat' dir='ltr'>noluit,</span> <span class='ocrx_word' id='word_1_486' title='bbox 1596 351 1642 380; x_wconf 88' lang='lat' dir='ltr'>sed</span> <span class='ocrx_word' id='word_1_487' title='bbox 1664 351 1828 388; x_wconf 84' lang='lat' dir='ltr'>superbivit,</span> <span class='ocrx_word' id='word_1_488' title='bbox 1844 352 1928 380; x_wconf 89' lang='lat' dir='ltr'>immo</span> <span class='ocrx_word' id='word_1_489' title='bbox 1942 352 2028 380; x_wconf 86' lang='lat' dir='ltr'>dixit:</span> <span class='ocrx_word' id='word_1_490' title='bbox 2045 353 2103 381; x_wconf 82' lang='lat' dir='ltr'>Ero</span> 
     </span>
     <span class='ocr_line' id='line_1_68' title="bbox 1254 394 2103 436; baseline 0.002 -11"><span class='ocrx_word' id='word_1_491' title='bbox 1254 397 1361 426; x_wconf 69' lang='lat' dir='ltr'>similis</span> <span class='ocrx_word' id='word_1_492' title='bbox 1384 397 1534 426; x_wconf 74' lang='lat' dir='ltr'>Attissz&#39;mo</span> <span class='ocrx_word' id='word_1_493' title='bbox 1547 398 1575 432; x_wconf 70' lang='grc'>2;</span> <span class='ocrx_word' id='word_1_494' title='bbox 1597 398 1688 427; x_wconf 89' lang='lat' dir='ltr'>statim</span> <span class='ocrx_word' id='word_1_495' title='bbox 1710 394 1853 427; x_wconf 79' lang='lat' dir='ltr'>Dominus</span> <span class='ocrx_word' id='word_1_496' title='bbox 1871 398 1962 435; x_wconf 88' lang='lat' dir='ltr'>ipsum</span> <span class='ocrx_word' id='word_1_497' title='bbox 1991 399 2017 427; x_wconf 93' lang='lat' dir='ltr'>in</span> <span class='ocrx_word' id='word_1_498' title='bbox 2040 407 2103 436; x_wconf 90' lang='lat' dir='ltr'>pro-</span> 
     </span>
     <span class='ocr_line' id='line_1_69' title="bbox 1256 444 2104 482; baseline 0.002 -10"><span class='ocrx_word' id='word_1_499' title='bbox 1256 444 1451 473; x_wconf 84' lang='lat' dir='ltr'>fundissimum</span> <span class='ocrx_word' id='word_1_500' title='bbox 1473 447 1501 473; x_wconf 91' lang='lat' dir='ltr'>et</span> <span class='ocrx_word' id='word_1_501' title='bbox 1522 444 1685 473; x_wconf 88' lang='lat' dir='ltr'>vilissimum</span> <span class='ocrx_word' id='word_1_502' title='bbox 1708 445 1799 473; x_wconf 86' lang='lat' dir='ltr'>locum</span> <span class='ocrx_word' id='word_1_503' title='bbox 1821 445 1919 474; x_wconf 84' lang='lat' dir='ltr'>inferni</span> <span class='ocrx_word' id='word_1_504' title='bbox 1942 445 2104 482; x_wconf 87' lang='lat' dir='ltr'>praecipita-</span> 
     </span>
     <span class='ocr_line' id='line_1_70' title="bbox 1256 491 2103 529; baseline 0 -9"><span class='ocrx_word' id='word_1_505' title='bbox 1256 491 1310 526; x_wconf 88' lang='lat' dir='ltr'>vit;</span> <span class='ocrx_word' id='word_1_506' title='bbox 1332 494 1359 520; x_wconf 89' lang='lat' dir='ltr'>et</span> <span class='ocrx_word' id='word_1_507' title='bbox 1381 500 1433 520; x_wconf 89' lang='lat' dir='ltr'>uon</span> <span class='ocrx_word' id='word_1_508' title='bbox 1457 492 1571 528; x_wconf 87' lang='lat' dir='ltr'>putetis,</span> <span class='ocrx_word' id='word_1_509' title='bbox 1587 491 1661 528; x_wconf 90' lang='lat' dir='ltr'>quod</span> <span class='ocrx_word' id='word_1_510' title='bbox 1677 492 1840 520; x_wconf 87' lang='lat' dir='ltr'>immoratus</span> <span class='ocrx_word' id='word_1_511' title='bbox 1852 492 1937 520; x_wconf 84' lang='lat' dir='ltr'>fuerit</span> <span class='ocrx_word' id='word_1_512' title='bbox 1952 500 2001 529; x_wconf 88' lang='lat' dir='ltr'>per</span> <span class='ocrx_word' id='word_1_513' title='bbox 2015 499 2103 521; x_wconf 90' lang='lat' dir='ltr'>unum</span> 
     </span>
     <span class='ocr_line' id='line_1_71' title="bbox 1255 538 2105 573; baseline 0 -6"><span class='ocrx_word' id='word_1_514' title='bbox 1255 546 1369 573; x_wconf 86' lang='lat' dir='ltr'>annum,</span> <span class='ocrx_word' id='word_1_515' title='bbox 1392 539 1434 567; x_wconf 90' lang='lat' dir='ltr'>vel</span> <span class='ocrx_word' id='word_1_516' title='bbox 1456 546 1593 573; x_wconf 90' lang='lat' dir='ltr'>mensem,</span> <span class='ocrx_word' id='word_1_517' title='bbox 1615 539 1661 567; x_wconf 86' lang='lat' dir='ltr'>sed</span> <span class='ocrx_word' id='word_1_518' title='bbox 1683 539 1774 567; x_wconf 86' lang='lat' dir='ltr'>statim</span> <span class='ocrx_word' id='word_1_519' title='bbox 1797 538 1824 567; x_wconf 90' lang='lat' dir='ltr'>in</span> <span class='ocrx_word' id='word_1_520' title='bbox 1847 542 1998 573; x_wconf 90' lang='lat' dir='ltr'>momento,</span> <span class='ocrx_word' id='word_1_521' title='bbox 2020 538 2105 567; x_wconf 89' lang='lat' dir='ltr'>immo</span> 
     </span>
     <span class='ocr_line' id='line_1_72' title="bbox 1257 585 2105 623; baseline 0 -9"><span class='ocrx_word' id='word_1_522' title='bbox 1257 586 1283 614; x_wconf 89' lang='lat' dir='ltr'>in</span> <span class='ocrx_word' id='word_1_523' title='bbox 1305 586 1398 614; x_wconf 88' lang='lat' dir='ltr'>minus</span> <span class='ocrx_word' id='word_1_524' title='bbox 1419 593 1503 623; x_wconf 89' lang='lat' dir='ltr'>quam</span> <span class='ocrx_word' id='word_1_525' title='bbox 1526 586 1552 614; x_wconf 92' lang='lat' dir='ltr'>in</span> <span class='ocrx_word' id='word_1_526' title='bbox 1574 589 1729 619; x_wconf 72' lang='lat' dir='ltr'>moment03</span> <span class='ocrx_word' id='word_1_527' title='bbox 1751 588 1779 614; x_wconf 86' lang='lat' dir='ltr'>et</span> <span class='ocrx_word' id='word_1_528' title='bbox 1798 585 1850 614; x_wconf 82' lang='lat' dir='ltr'>suit</span> <span class='ocrx_word' id='word_1_529' title='bbox 1871 587 1960 614; x_wconf 84' lang='lat' dir='ltr'>factus</span> <span class='ocrx_word' id='word_1_530' title='bbox 1982 585 2105 622; x_wconf 87' lang='lat' dir='ltr'>turpissi-</span> 
     </span>
     <span class='ocr_line' id='line_1_73' title="bbox 1257 632 2104 669; baseline 0 -9"><span class='ocrx_word' id='word_1_531' title='bbox 1257 640 1319 661; x_wconf 89' lang='lat' dir='ltr'>mus</span> <span class='ocrx_word' id='word_1_532' title='bbox 1340 632 1463 661; x_wconf 91' lang='lat' dir='ltr'>omnium</span> <span class='ocrx_word' id='word_1_533' title='bbox 1486 635 1688 661; x_wconf 86' lang='lat' dir='ltr'>creaturarum.</span> <span class='ocrx_word' id='word_1_534' title='bbox 1711 632 1770 666; x_wconf 90' lang='lat' dir='ltr'>Sic,</span> <span class='ocrx_word' id='word_1_535' title='bbox 1792 635 2050 669; x_wconf 85' lang='lat' dir='ltr'>quantumcumque</span> <span class='ocrx_word' id='word_1_536' title='bbox 2074 635 2104 661; x_wconf 93' lang='lat' dir='ltr'>tu</span> 
     </span>
     <span class='ocr_line' id='line_1_74' title="bbox 1257 679 2106 716; baseline -0.001 -8"><span class='ocrx_word' id='word_1_537' title='bbox 1257 679 1359 708; x_wconf 85' lang='lat' dir='ltr'>babeas</span> <span class='ocrx_word' id='word_1_538' title='bbox 1381 679 1529 716; x_wconf 87' lang='lat' dir='ltr'>puritatem</span> <span class='ocrx_word' id='word_1_539' title='bbox 1552 682 1579 707; x_wconf 89' lang='lat' dir='ltr'>et</span> <span class='ocrx_word' id='word_1_540' title='bbox 1601 679 1763 707; x_wconf 89' lang='lat' dir='ltr'>munditiam</span> <span class='ocrx_word' id='word_1_541' title='bbox 1785 682 1812 708; x_wconf 89' lang='lat' dir='ltr'>et</span> <span class='ocrx_word' id='word_1_542' title='bbox 1832 679 1914 708; x_wconf 86' lang='lat' dir='ltr'>etiam</span> <span class='ocrx_word' id='word_1_543' title='bbox 1936 679 2061 716; x_wconf 86' lang='lat' dir='ltr'>corporis</span> <span class='ocrx_word' id='word_1_544' title='bbox 2078 682 2106 707; x_wconf 89' lang='lat' dir='ltr'>et</span> 
     </span>
     <span class='ocr_line' id='line_1_75' title="bbox 1257 726 2103 763; baseline 0 -9"><span class='ocrx_word' id='word_1_545' title='bbox 1257 734 1367 755; x_wconf 90' lang='lat' dir='ltr'>morum</span> <span class='ocrx_word' id='word_1_546' title='bbox 1390 726 1622 763; x_wconf 86' lang='lat' dir='ltr'>pulcritudinem,</span> <span class='ocrx_word' id='word_1_547' title='bbox 1645 726 1695 754; x_wconf 85' lang='lat' dir='ltr'>nisi</span> <span class='ocrx_word' id='word_1_548' title='bbox 1718 729 1748 755; x_wconf 90' lang='lat' dir='ltr'>tu</span> <span class='ocrx_word' id='word_1_549' title='bbox 1777 726 1879 755; x_wconf 88' lang='lat' dir='ltr'>habeas</span> <span class='ocrx_word' id='word_1_550' title='bbox 1906 726 2103 760; x_wconf 86' lang='lat' dir='ltr'>obedientiam,</span> 
     </span>
     <span class='ocr_line' id='line_1_76' title="bbox 1257 773 2106 810; baseline -0.001 -8"><span class='ocrx_word' id='word_1_551' title='bbox 1257 774 1324 802; x_wconf 85' lang='lat' dir='ltr'>nibil</span> <span class='ocrx_word' id='word_1_552' title='bbox 1354 773 1402 802; x_wconf 89' lang='lat' dir='ltr'>tibi</span> <span class='ocrx_word' id='word_1_553' title='bbox 1433 774 1512 802; x_wconf 87' lang='lat' dir='ltr'>valet.</span> <span class='ocrx_word' id='word_1_554' title='bbox 1538 773 1613 802; x_wconf 87' lang='lat' dir='ltr'>Unde</span> <span class='ocrx_word' id='word_1_555' title='bbox 1641 773 1739 802; x_wconf 89' lang='lat' dir='ltr'>beatus</span> <span class='ocrx_word' id='word_1_556' title='bbox 1767 774 1896 808; x_wconf 82' lang='lat' dir='ltr'>Basilius,</span> <span class='ocrx_word' id='word_1_557' title='bbox 1922 773 1969 810; x_wconf 89' lang='lat' dir='ltr'>qui</span> <span class='ocrx_word' id='word_1_558' title='bbox 1999 773 2106 809; x_wconf 89' lang='lat' dir='ltr'>primus</span> 
     </span>
     <span class='ocr_line' id='line_1_77' title="bbox 1257 820 2106 858; baseline 0 -9"><span class='ocrx_word' id='word_1_559' title='bbox 1257 821 1423 858; x_wconf 85' lang='lat' dir='ltr'>Religionem</span> <span class='ocrx_word' id='word_1_560' title='bbox 1446 821 1560 854; x_wconf 85' lang='lat' dir='ltr'>invenit,</span> <span class='ocrx_word' id='word_1_561' title='bbox 1581 820 1661 854; x_wconf 87' lang='lat' dir='ltr'>dixit,</span> <span class='ocrx_word' id='word_1_562' title='bbox 1683 829 1736 849; x_wconf 87' lang='lat' dir='ltr'>non</span> <span class='ocrx_word' id='word_1_563' title='bbox 1752 821 1841 849; x_wconf 85' lang='lat' dir='ltr'>solum</span> <span class='ocrx_word' id='word_1_564' title='bbox 1858 821 1884 849; x_wconf 90' lang='lat' dir='ltr'>in</span> <span class='ocrx_word' id='word_1_565' title='bbox 1901 820 1944 849; x_wconf 86' lang='lat' dir='ltr'>bis</span> <span class='ocrx_word' id='word_1_566' title='bbox 1958 828 2029 858; x_wconf 89' lang='lat' dir='ltr'>quae</span> <span class='ocrx_word' id='word_1_567' title='bbox 2044 828 2106 857; x_wconf 90' lang='lat' dir='ltr'>pos-</span> 
     </span>
     <span class='ocr_line' id='line_1_78' title="bbox 1257 867 2106 904; baseline 0 -8"><span class='ocrx_word' id='word_1_568' title='bbox 1257 869 1356 902; x_wconf 90' lang='lat' dir='ltr'>simus,</span> <span class='ocrx_word' id='word_1_569' title='bbox 1378 868 1425 896; x_wconf 85' lang='lat' dir='ltr'>sed</span> <span class='ocrx_word' id='word_1_570' title='bbox 1447 868 1527 896; x_wconf 88' lang='lat' dir='ltr'>etiam</span> <span class='ocrx_word' id='word_1_571' title='bbox 1551 868 1577 896; x_wconf 91' lang='lat' dir='ltr'>in</span> <span class='ocrx_word' id='word_1_572' title='bbox 1600 868 1644 896; x_wconf 88' lang='lat' dir='ltr'>bis</span> <span class='ocrx_word' id='word_1_573' title='bbox 1664 876 1736 904; x_wconf 87' lang='lat' dir='ltr'>quae</span> <span class='ocrx_word' id='word_1_574' title='bbox 1751 876 1804 896; x_wconf 91' lang='lat' dir='ltr'>non</span> <span class='ocrx_word' id='word_1_575' title='bbox 1822 875 1979 904; x_wconf 85' lang='lat' dir='ltr'>possumus,</span> <span class='ocrx_word' id='word_1_576' title='bbox 1994 867 2106 896; x_wconf 80' lang='lat' dir='ltr'>obedire</span> 
     </span>
     <span class='ocr_line' id='line_1_79' title="bbox 1257 914 2107 951; baseline -0.001 -8"><span class='ocrx_word' id='word_1_577' title='bbox 1257 915 1399 944; x_wconf 89' lang='lat' dir='ltr'>debemus.</span> <span class='ocrx_word' id='word_1_578' title='bbox 1423 915 1497 943; x_wconf 89' lang='lat' dir='ltr'>Unde</span> <span class='ocrx_word' id='word_1_579' title='bbox 1519 915 1566 951; x_wconf 88' lang='lat' dir='ltr'>qui</span> <span class='ocrx_word' id='word_1_580' title='bbox 1590 914 1667 943; x_wconf 88' lang='lat' dir='ltr'>vobis</span> <span class='ocrx_word' id='word_1_581' title='bbox 1689 915 1869 951; x_wconf 85' lang='lat' dir='ltr'>praeciperet,</span> <span class='ocrx_word' id='word_1_582' title='bbox 1891 914 1965 951; x_wconf 88' lang='lat' dir='ltr'>quod</span> <span class='ocrx_word' id='word_1_583' title='bbox 1987 914 2032 943; x_wconf 84' lang='lat' dir='ltr'>hic</span> <span class='ocrx_word' id='word_1_584' title='bbox 2053 917 2107 943; x_wconf 91' lang='lat' dir='ltr'>sta-</span> 
     </span>
     <span class='ocr_line' id='line_1_80' title="bbox 1258 961 2107 999; baseline -0.001 -8"><span class='ocrx_word' id='word_1_585' title='bbox 1258 962 1306 991; x_wconf 89' lang='lat' dir='ltr'>tim</span> <span class='ocrx_word' id='word_1_586' title='bbox 1330 962 1617 999; x_wconf 76' lang='lat' dir='ltr'>lllontem-Martyrum</span> <span class='ocrx_word' id='word_1_587' title='bbox 1631 962 1641 978; x_wconf 77' lang='lat'><strong>⁸</strong></span> <span class='ocrx_word' id='word_1_588' title='bbox 1663 962 1862 999; x_wconf 81' lang='lat' dir='ltr'>apportaretis3</span> <span class='ocrx_word' id='word_1_589' title='bbox 1884 962 1975 990; x_wconf 86' lang='lat' dir='ltr'>statim</span> <span class='ocrx_word' id='word_1_590' title='bbox 2002 961 2107 990; x_wconf 88' lang='lat' dir='ltr'>debetis</span> 
     </span>
     <span class='ocr_line' id='line_1_81' title="bbox 1258 1008 2108 1046; baseline -0.002 -8"><span class='ocrx_word' id='word_1_591' title='bbox 1258 1010 1299 1038; x_wconf 90' lang='lat' dir='ltr'>ire</span> <span class='ocrx_word' id='word_1_592' title='bbox 1320 1013 1347 1038; x_wconf 90' lang='lat' dir='ltr'>et</span> <span class='ocrx_word' id='word_1_593' title='bbox 1368 1017 1485 1038; x_wconf 85' lang='lat' dir='ltr'>currere</span> <span class='ocrx_word' id='word_1_594' title='bbox 1506 1012 1533 1037; x_wconf 91' lang='lat' dir='ltr'>et</span> <span class='ocrx_word' id='word_1_595' title='bbox 1554 1009 1644 1038; x_wconf 87' lang='lat' dir='ltr'>facere</span> <span class='ocrx_word' id='word_1_596' title='bbox 1666 1009 1739 1046; x_wconf 90' lang='lat' dir='ltr'>quod</span> <span class='ocrx_word' id='word_1_597' title='bbox 1762 1008 1788 1037; x_wconf 87' lang='lat' dir='ltr'>in</span> <span class='ocrx_word' id='word_1_598' title='bbox 1811 1009 1889 1037; x_wconf 86' lang='lat' dir='ltr'>vobis</span> <span class='ocrx_word' id='word_1_599' title='bbox 1909 1012 1950 1037; x_wconf 87' lang='lat' dir='ltr'>est</span> <span class='ocrx_word' id='word_1_600' title='bbox 1964 1011 1991 1037; x_wconf 90' lang='lat' dir='ltr'>et</span> <span class='ocrx_word' id='word_1_601' title='bbox 2005 1008 2108 1045; x_wconf 86' lang='lat' dir='ltr'>ample-</span> 
     </span>
     <span class='ocr_line' id='line_1_82' title="bbox 1258 1056 2107 1090; baseline -0.002 -5"><span class='ocrx_word' id='word_1_602' title='bbox 1258 1057 1293 1085; x_wconf 89' lang='lat' dir='ltr'>cti</span> <span class='ocrx_word' id='word_1_603' title='bbox 1316 1060 1436 1085; x_wconf 89' lang='lat' dir='ltr'>montem</span> <span class='ocrx_word' id='word_1_604' title='bbox 1460 1057 1531 1085; x_wconf 89' lang='lat' dir='ltr'>inter</span> <span class='ocrx_word' id='word_1_605' title='bbox 1554 1056 1676 1090; x_wconf 82' lang='lat' dir='ltr'>brachia,</span> <span class='ocrx_word' id='word_1_606' title='bbox 1698 1064 1729 1084; x_wconf 93' lang='lat' dir='ltr'>ac</span> <span class='ocrx_word' id='word_1_607' title='bbox 1751 1056 1771 1084; x_wconf 89' lang='lat' dir='ltr'>si</span> <span class='ocrx_word' id='word_1_608' title='bbox 1787 1056 1925 1085; x_wconf 87' lang='lat' dir='ltr'>deberetis</span> <span class='ocrx_word' id='word_1_609' title='bbox 1940 1063 2003 1084; x_wconf 91' lang='lat' dir='ltr'>eum</span> <span class='ocrx_word' id='word_1_610' title='bbox 2019 1057 2107 1084; x_wconf 88' lang='lat' dir='ltr'>totum</span> 
     </span>
     <span class='ocr_line' id='line_1_83' title="bbox 1258 1102 2107 1141; baseline -0.001 -9"><span class='ocrx_word' id='word_1_611' title='bbox 1258 1107 1369 1141; x_wconf 89' lang='lat' dir='ltr'>portare</span> <span class='ocrx_word' id='word_1_612' title='bbox 1391 1107 1418 1132; x_wconf 91' lang='lat' dir='ltr'>et</span> <span class='ocrx_word' id='word_1_613' title='bbox 1440 1111 1493 1132; x_wconf 91' lang='lat' dir='ltr'>non</span> <span class='ocrx_word' id='word_1_614' title='bbox 1516 1111 1564 1131; x_wconf 90' lang='lat' dir='ltr'>vos</span> <span class='ocrx_word' id='word_1_615' title='bbox 1585 1111 1737 1137; x_wconf 71' lang='lat' dir='ltr'>excusare,</span> <span class='ocrx_word' id='word_1_616' title='bbox 1760 1103 1832 1132; x_wconf 87' lang='lat' dir='ltr'>sicut</span> <span class='ocrx_word' id='word_1_617' title='bbox 1853 1111 1903 1140; x_wconf 80' lang='lat' dir='ltr'>ego</span> <span class='ocrx_word' id='word_1_618' title='bbox 1918 1102 1971 1131; x_wconf 91' lang='lat' dir='ltr'>vidi</span> <span class='ocrx_word' id='word_1_619' title='bbox 1987 1102 2107 1140; x_wconf 87' lang='lat' dir='ltr'>aliquos,</span> 
     </span>
     <span class='ocr_line' id='line_1_84' title="bbox 1258 1150 2107 1188; baseline -0.001 -9"><span class='ocrx_word' id='word_1_620' title='bbox 1258 1151 1305 1188; x_wconf 93' lang='lat' dir='ltr'>qui</span> <span class='ocrx_word' id='word_1_621' title='bbox 1328 1159 1357 1179; x_wconf 90' lang='lat' dir='ltr'>se</span> <span class='ocrx_word' id='word_1_622' title='bbox 1379 1151 1551 1180; x_wconf 87' lang='lat' dir='ltr'>excusabant</span> <span class='ocrx_word' id='word_1_623' title='bbox 1571 1154 1598 1179; x_wconf 92' lang='lat' dir='ltr'>et</span> <span class='ocrx_word' id='word_1_624' title='bbox 1620 1150 1786 1187; x_wconf 85' lang='lat' dir='ltr'>(dicebant):</span> <span class='ocrx_word' id='word_1_625' title='bbox 1814 1162 1827 1175; x_wconf 87' lang='lat'><strong><em>«</em></strong></span> <span class='ocrx_word' id='word_1_626' title='bbox 1842 1150 1967 1184; x_wconf 91' lang='lat' dir='ltr'>Domine,</span> <span class='ocrx_word' id='word_1_627' title='bbox 1989 1157 2039 1186; x_wconf 83' lang='lat' dir='ltr'>ego</span> <span class='ocrx_word' id='word_1_628' title='bbox 2053 1157 2107 1178; x_wconf 87' lang='lat' dir='ltr'>non</span> 
     </span>
     <span class='ocr_line' id='line_1_85' title="bbox 1259 1197 2108 1235; baseline -0.001 -9"><span class='ocrx_word' id='word_1_629' title='bbox 1259 1206 1371 1235; x_wconf 88' lang='lat' dir='ltr'>possum</span> <span class='ocrx_word' id='word_1_630' title='bbox 1394 1197 1483 1226; x_wconf 83' lang='lat' dir='ltr'>facere</span> <span class='ocrx_word' id='word_1_631' title='bbox 1505 1201 1531 1226; x_wconf 90' lang='lat' dir='ltr'>et</span> <span class='ocrx_word' id='word_1_632' title='bbox 1553 1205 1602 1234; x_wconf 77' lang='lat' dir='ltr'>ego</span> <span class='ocrx_word' id='word_1_633' title='bbox 1624 1197 1715 1226; x_wconf 85' lang='lat' dir='ltr'>nescio</span> <span class='ocrx_word' id='word_1_634' title='bbox 1730 1209 1756 1225; x_wconf 86' lang='lat'>».</span> <span class='ocrx_word' id='word_1_635' title='bbox 1780 1198 1805 1226; x_wconf 87' lang='lat' dir='ltr'>Si</span> <span class='ocrx_word' id='word_1_636' title='bbox 1828 1197 1878 1234; x_wconf 88' lang='lat' dir='ltr'>ipsi</span> <span class='ocrx_word' id='word_1_637' title='bbox 1901 1197 1978 1233; x_wconf 86' lang='lat' dir='ltr'>(non)</span> <span class='ocrx_word' id='word_1_638' title='bbox 1994 1197 2108 1225; x_wconf 87' lang='lat' dir='ltr'>mentie-</span> 
     </span>
     <span class='ocr_line' id='line_1_86' title="bbox 1259 1244 2107 1281; baseline 0 -9"><span class='ocrx_word' id='word_1_639' title='bbox 1259 1245 1370 1278; x_wconf 86' lang='lat' dir='ltr'>bantur,</span> <span class='ocrx_word' id='word_1_640' title='bbox 1383 1244 1508 1273; x_wconf 80' lang='lat' dir='ltr'>excusati</span> <span class='ocrx_word' id='word_1_641' title='bbox 1524 1248 1603 1272; x_wconf 84' lang='lat' dir='ltr'>erant</span> <span class='ocrx_word' id='word_1_642' title='bbox 1615 1247 1750 1281; x_wconf 83' lang='lat' dir='ltr'>quantuni</span> <span class='ocrx_word' id='word_1_643' title='bbox 1766 1244 1799 1272; x_wconf 90' lang='lat' dir='ltr'>ad</span> <span class='ocrx_word' id='word_1_644' title='bbox 1813 1244 1964 1278; x_wconf 75' lang='lat' dir='ltr'>liominem3</span> <span class='ocrx_word' id='word_1_645' title='bbox 1979 1244 2000 1272; x_wconf 88' lang='lat' dir='ltr'>si</span> <span class='ocrx_word' id='word_1_646' title='bbox 2018 1247 2107 1272; x_wconf 89' lang='lat' dir='ltr'>tamen</span> 
     </span>
     <span class='ocr_line' id='line_1_87' title="bbox 1259 1290 2107 1327; baseline -0.001 -8"><span class='ocrx_word' id='word_1_647' title='bbox 1259 1291 1474 1325; x_wconf 87' lang='lat' dir='ltr'>mentiebantur,</span> <span class='ocrx_word' id='word_1_648' title='bbox 1490 1299 1544 1319; x_wconf 88' lang='lat' dir='ltr'>non</span> <span class='ocrx_word' id='word_1_649' title='bbox 1566 1294 1645 1319; x_wconf 87' lang='lat' dir='ltr'>erant</span> <span class='ocrx_word' id='word_1_650' title='bbox 1666 1291 1791 1319; x_wconf 85' lang='lat' dir='ltr'>excusati</span> <span class='ocrx_word' id='word_1_651' title='bbox 1807 1293 1942 1327; x_wconf 89' lang='lat' dir='ltr'>quantum</span> <span class='ocrx_word' id='word_1_652' title='bbox 1957 1290 1991 1319; x_wconf 90' lang='lat' dir='ltr'>ad</span> <span class='ocrx_word' id='word_1_653' title='bbox 2007 1290 2107 1324; x_wconf 86' lang='lat' dir='ltr'>Deum,</span> 
     </span>
     <span class='ocr_line' id='line_1_88' title="bbox 1259 1336 2109 1375; baseline -0.002 -8"><span class='ocrx_word' id='word_1_654' title='bbox 1259 1339 1306 1367; x_wconf 91' lang='lat' dir='ltr'>sed</span> <span class='ocrx_word' id='word_1_655' title='bbox 1329 1339 1416 1375; x_wconf 78' lang='lat' dir='ltr'>magis</span> <span class='ocrx_word' id='word_1_656' title='bbox 1438 1338 1511 1375; x_wconf 77' lang='lat' dir='ltr'>ligati</span> <span class='ocrx_word' id='word_1_657' title='bbox 1534 1346 1617 1375; x_wconf 88' lang='lat' dir='ltr'>quam</span> <span class='ocrx_word' id='word_1_658' title='bbox 1640 1338 1728 1375; x_wconf 84' lang='lat' dir='ltr'>prius.</span> <span class='ocrx_word' id='word_1_659' title='bbox 1751 1354 1790 1358; x_wconf 70' lang='lat'><em>-</em></span> <span class='ocrx_word' id='word_1_660' title='bbox 1804 1337 1847 1366; x_wconf 84' lang='lat' dir='ltr'>Sic</span> <span class='ocrx_word' id='word_1_661' title='bbox 1868 1345 1935 1374; x_wconf 83' lang='lat' dir='ltr'>ergo</span> <span class='ocrx_word' id='word_1_662' title='bbox 1954 1336 2109 1366; x_wconf 87' lang='lat' dir='ltr'>obedientia</span> 
     </span>
     <span class='ocr_line' id='line_1_89' title="bbox 1259 1385 2109 1422; baseline -0.002 -7"><span class='ocrx_word' id='word_1_663' title='bbox 1259 1389 1300 1414; x_wconf 86' lang='lat' dir='ltr'>est</span> <span class='ocrx_word' id='word_1_664' title='bbox 1322 1386 1476 1415; x_wconf 87' lang='lat' dir='ltr'>necessaria</span> <span class='ocrx_word' id='word_1_665' title='bbox 1498 1385 1648 1422; x_wconf 85' lang='lat' dir='ltr'>Religiosis,</span> <span class='ocrx_word' id='word_1_666' title='bbox 1663 1389 1690 1414; x_wconf 90' lang='lat' dir='ltr'>et</span> <span class='ocrx_word' id='word_1_667' title='bbox 1709 1385 1748 1414; x_wconf 89' lang='lat' dir='ltr'>sic</span> <span class='ocrx_word' id='word_1_668' title='bbox 1770 1385 1821 1414; x_wconf 88' lang='lat' dir='ltr'>ista</span> <span class='ocrx_word' id='word_1_669' title='bbox 1834 1385 1890 1413; x_wconf 88' lang='lat' dir='ltr'>duo</span> <span class='ocrx_word' id='word_1_670' title='bbox 1905 1388 1970 1413; x_wconf 90' lang='lat' dir='ltr'>sunt</span> <span class='ocrx_word' id='word_1_671' title='bbox 1985 1392 2109 1413; x_wconf 86' lang='lat' dir='ltr'>necessa-</span> 
     </span>
     <span class='ocr_line' id='line_1_90' title="bbox 1260 1433 2108 1470; baseline -0.001 -9"><span class='ocrx_word' id='word_1_672' title='bbox 1260 1433 1301 1461; x_wconf 89' lang='lat' dir='ltr'>ria</span> <span class='ocrx_word' id='word_1_673' title='bbox 1323 1433 1462 1470; x_wconf 79' lang='lat' dir='ltr'>Religioni,</span> <span class='ocrx_word' id='word_1_674' title='bbox 1484 1436 1511 1461; x_wconf 88' lang='lat' dir='ltr'>et</span> <span class='ocrx_word' id='word_1_675' title='bbox 1532 1433 1590 1461; x_wconf 89' lang='lat' dir='ltr'>sine</span> <span class='ocrx_word' id='word_1_676' title='bbox 1613 1433 1716 1470; x_wconf 86' lang='lat' dir='ltr'>quibus</span> <span class='ocrx_word' id='word_1_677' title='bbox 1737 1433 1840 1469; x_wconf 84' lang='lat' dir='ltr'>Religio</span> <span class='ocrx_word' id='word_1_678' title='bbox 1860 1440 1920 1461; x_wconf 89' lang='lat' dir='ltr'>esse</span> <span class='ocrx_word' id='word_1_679' title='bbox 1941 1440 1994 1460; x_wconf 90' lang='lat' dir='ltr'>non</span> <span class='ocrx_word' id='word_1_680' title='bbox 2011 1434 2108 1469; x_wconf 85' lang='lat' dir='ltr'>potest,</span> 
     </span>
     <span class='ocr_line' id='line_1_91' title="bbox 1260 1476 2075 1517; baseline -0.002 -8"><span class='ocrx_word' id='word_1_681' title='bbox 1260 1480 1363 1509; x_wconf 84' lang='lat' dir='ltr'>scilicet</span> <span class='ocrx_word' id='word_1_682' title='bbox 1384 1480 1492 1517; x_wconf 88' lang='lat' dir='ltr'>puritas</span> <span class='ocrx_word' id='word_1_683' title='bbox 1512 1483 1539 1509; x_wconf 92' lang='lat' dir='ltr'>et</span> <span class='ocrx_word' id='word_1_684' title='bbox 1560 1480 1695 1508; x_wconf 87' lang='lat' dir='ltr'>munditia</span> <span class='ocrx_word' id='word_1_685' title='bbox 1716 1483 1742 1508; x_wconf 89' lang='lat' dir='ltr'>et</span> <span class='ocrx_word' id='word_1_686' title='bbox 1764 1476 1892 1517; x_wconf 79' lang='lat' dir='ltr'>prbmpta</span> <span class='ocrx_word' id='word_1_687' title='bbox 1912 1479 2075 1508; x_wconf 84' lang='lat' dir='ltr'>obedientia.</span> 
     </span>
     <span class='ocr_line' id='line_1_92' title="bbox 1340 1526 2110 1564; baseline -0.001 -8"><span class='ocrx_word' id='word_1_688' title='bbox 1340 1528 1391 1556; x_wconf 85' lang='lat' dir='ltr'>lsta</span> <span class='ocrx_word' id='word_1_689' title='bbox 1412 1527 1467 1556; x_wconf 88' lang='lat' dir='ltr'>duo</span> <span class='ocrx_word' id='word_1_690' title='bbox 1488 1527 1559 1556; x_wconf 91' lang='lat' dir='ltr'>bene</span> <span class='ocrx_word' id='word_1_691' title='bbox 1580 1527 1678 1556; x_wconf 88' lang='lat' dir='ltr'>habuit</span> <span class='ocrx_word' id='word_1_692' title='bbox 1703 1527 1801 1555; x_wconf 87' lang='lat' dir='ltr'>beatus</span> <span class='ocrx_word' id='word_1_693' title='bbox 1826 1527 1949 1561; x_wconf 81' lang='lat' dir='ltr'>Marcus,</span> <span class='ocrx_word' id='word_1_694' title='bbox 1971 1526 2037 1564; x_wconf 88' lang='lat' dir='ltr'>quia</span> <span class='ocrx_word' id='word_1_695' title='bbox 2057 1526 2110 1555; x_wconf 79' lang='lat' dir='ltr'>fuit</span> 
     </span>
     <span class='ocr_line' id='line_1_93' title="bbox 1260 1573 2109 1611; baseline -0.001 -8"><span class='ocrx_word' id='word_1_696' title='bbox 1260 1578 1372 1603; x_wconf 82' lang='lat' dir='ltr'>sanctus</span> <span class='ocrx_word' id='word_1_697' title='bbox 1393 1578 1444 1603; x_wconf 87' lang='lat' dir='ltr'>etc.</span> <span class='ocrx_word' id='word_1_698' title='bbox 1469 1575 1500 1603; x_wconf 86' lang='lat' dir='ltr'>Et</span> <span class='ocrx_word' id='word_1_699' title='bbox 1521 1575 1559 1603; x_wconf 86' lang='lat' dir='ltr'>sic</span> <span class='ocrx_word' id='word_1_700' title='bbox 1581 1574 1720 1603; x_wconf 67' lang='lat' dir='ltr'>suerunt4</span> <span class='ocrx_word' id='word_1_701' title='bbox 1744 1574 1795 1603; x_wconf 88' lang='lat' dir='ltr'>ista</span> <span class='ocrx_word' id='word_1_702' title='bbox 1822 1574 1877 1603; x_wconf 87' lang='lat' dir='ltr'>duo</span> <span class='ocrx_word' id='word_1_703' title='bbox 1906 1574 2053 1611; x_wconf 87' lang='lat' dir='ltr'>praecipue</span> <span class='ocrx_word' id='word_1_704' title='bbox 2081 1573 2109 1602; x_wconf 92' lang='lat' dir='ltr'>in</span> 
     </span>
     <span class='ocr_line' id='line_1_94' title="bbox 1260 1621 2111 1659; baseline 0 -9"><span class='ocrx_word' id='word_1_705' title='bbox 1260 1622 1456 1659; x_wconf 78' lang='lat' dir='ltr'>gloriosissima</span> <span class='ocrx_word' id='word_1_706' title='bbox 1474 1622 1585 1659; x_wconf 81' lang='lat' dir='ltr'>Virgine</span> <span class='ocrx_word' id='word_1_707' title='bbox 1607 1622 1706 1655; x_wconf 83' lang='lat' dir='ltr'>Maria,</span> <span class='ocrx_word' id='word_1_708' title='bbox 1728 1622 1793 1658; x_wconf 88' lang='lat' dir='ltr'>quia</span> <span class='ocrx_word' id='word_1_709' title='bbox 1814 1622 1898 1658; x_wconf 84' lang='lat' dir='ltr'>Virgo</span> <span class='ocrx_word' id='word_1_710' title='bbox 1918 1621 1970 1650; x_wconf 80' lang='lat' dir='ltr'>suit</span> <span class='ocrx_word' id='word_1_711' title='bbox 1990 1629 2063 1658; x_wconf 86' lang='lat' dir='ltr'>pura</span> <span class='ocrx_word' id='word_1_712' title='bbox 2083 1623 2111 1649; x_wconf 83' lang='lat' dir='ltr'>et</span> 
     </span>
     <span class='ocr_line' id='line_1_95' title="bbox 1261 1668 2109 1705; baseline -0.001 -8"><span class='ocrx_word' id='word_1_713' title='bbox 1261 1669 1380 1703; x_wconf 82' lang='lat' dir='ltr'>munda;</span> <span class='ocrx_word' id='word_1_714' title='bbox 1402 1672 1429 1697; x_wconf 89' lang='lat' dir='ltr'>et</span> <span class='ocrx_word' id='word_1_715' title='bbox 1450 1668 1501 1697; x_wconf 86' lang='lat' dir='ltr'>fuit</span> <span class='ocrx_word' id='word_1_716' title='bbox 1522 1668 1603 1697; x_wconf 86' lang='lat' dir='ltr'>etiam</span> <span class='ocrx_word' id='word_1_717' title='bbox 1626 1668 1769 1702; x_wconf 86' lang='lat' dir='ltr'>obediens,</span> <span class='ocrx_word' id='word_1_718' title='bbox 1791 1676 1873 1705; x_wconf 90' lang='lat' dir='ltr'>quam</span> <span class='ocrx_word' id='word_1_719' title='bbox 1896 1668 1978 1697; x_wconf 89' lang='lat' dir='ltr'>etiam</span> <span class='ocrx_word' id='word_1_720' title='bbox 2000 1671 2032 1696; x_wconf 93' lang='lat' dir='ltr'>ut</span> <span class='ocrx_word' id='word_1_721' title='bbox 2053 1675 2109 1697; x_wconf 89' lang='lat' dir='ltr'>me-</span> 
     </span>
     <span class='ocr_line' id='line_1_96' title="bbox 1262 1716 2110 1750; baseline 0 -6"><span class='ocrx_word' id='word_1_722' title='bbox 1262 1716 1315 1744; x_wconf 82' lang='lat' dir='ltr'>lius</span> <span class='ocrx_word' id='word_1_723' title='bbox 1337 1719 1462 1744; x_wconf 82' lang='lat' dir='ltr'>servaret</span> <span class='ocrx_word' id='word_1_724' title='bbox 1482 1716 1682 1750; x_wconf 88' lang='lat' dir='ltr'>obedientiam,</span> <span class='ocrx_word' id='word_1_725' title='bbox 1705 1716 1792 1744; x_wconf 89' lang='lat' dir='ltr'>voluit</span> <span class='ocrx_word' id='word_1_726' title='bbox 1813 1716 1962 1750; x_wconf 80' lang='lat' dir='ltr'>Dominus,</span> <span class='ocrx_word' id='word_1_727' title='bbox 1986 1719 2017 1744; x_wconf 89' lang='lat' dir='ltr'>ut</span> <span class='ocrx_word' id='word_1_728' title='bbox 2038 1718 2110 1744; x_wconf 85' lang='lat' dir='ltr'>esset</span> 
     </span>
     <span class='ocr_line' id='line_1_97' title="bbox 1260 1763 2110 1800; baseline 0 -9"><span class='ocrx_word' id='word_1_729' title='bbox 1260 1763 1424 1800; x_wconf 86' lang='lat' dir='ltr'>desponsata</span> <span class='ocrx_word' id='word_1_730' title='bbox 1446 1763 1542 1800; x_wconf 83' lang='lat' dir='ltr'>loseph</span> <span class='ocrx_word' id='word_1_731' title='bbox 1564 1766 1591 1791; x_wconf 90' lang='lat' dir='ltr'>et</span> <span class='ocrx_word' id='word_1_732' title='bbox 1612 1766 1643 1791; x_wconf 93' lang='lat' dir='ltr'>ut</span> <span class='ocrx_word' id='word_1_733' title='bbox 1664 1763 1687 1791; x_wconf 90' lang='lat' dir='ltr'>ei</span> <span class='ocrx_word' id='word_1_734' title='bbox 1711 1766 1783 1791; x_wconf 87' lang='lat' dir='ltr'>esset</span> <span class='ocrx_word' id='word_1_735' title='bbox 1804 1763 1914 1791; x_wconf 88' lang='lat' dir='ltr'>subdita</span> <span class='ocrx_word' id='word_1_736' title='bbox 1934 1766 1961 1791; x_wconf 92' lang='lat' dir='ltr'>et</span> <span class='ocrx_word' id='word_1_737' title='bbox 1985 1763 2110 1791; x_wconf 88' lang='lat' dir='ltr'>obediret</span> 
     </span>
     <span class='ocr_line' id='line_1_98' title="bbox 1260 1809 2111 1846; baseline 0 -8"><span class='ocrx_word' id='word_1_738' title='bbox 1260 1810 1332 1838; x_wconf 89' lang='lat' dir='ltr'>sicut</span> <span class='ocrx_word' id='word_1_739' title='bbox 1353 1818 1404 1839; x_wconf 89' lang='lat' dir='ltr'>suo</span> <span class='ocrx_word' id='word_1_740' title='bbox 1426 1810 1494 1838; x_wconf 87' lang='lat' dir='ltr'>viro.</span> <span class='ocrx_word' id='word_1_741' title='bbox 1517 1810 1548 1838; x_wconf 90' lang='lat' dir='ltr'>Et</span> <span class='ocrx_word' id='word_1_742' title='bbox 1573 1810 1688 1846; x_wconf 87' lang='lat' dir='ltr'>ipsemet</span> <span class='ocrx_word' id='word_1_743' title='bbox 1716 1810 1850 1838; x_wconf 87' lang='lat' dir='ltr'>Dominus</span> <span class='ocrx_word' id='word_1_744' title='bbox 1879 1812 1984 1838; x_wconf 88' lang='lat' dir='ltr'>tantum</span> <span class='ocrx_word' id='word_1_745' title='bbox 2013 1809 2111 1838; x_wconf 83' lang='lat' dir='ltr'>dilexit</span> 
     </span>
     <span class='ocr_line' id='line_1_99' title="bbox 1260 1856 2110 1894; baseline 0 -9"><span class='ocrx_word' id='word_1_746' title='bbox 1260 1857 1457 1891; x_wconf 83' lang='lat' dir='ltr'>obedientiam,</span> <span class='ocrx_word' id='word_1_747' title='bbox 1479 1857 1553 1894; x_wconf 90' lang='lat' dir='ltr'>quod</span> <span class='ocrx_word' id='word_1_748' title='bbox 1576 1857 1663 1885; x_wconf 86' lang='lat' dir='ltr'>voluit</span> <span class='ocrx_word' id='word_1_749' title='bbox 1684 1865 1742 1885; x_wconf 88' lang='lat' dir='ltr'>eam</span> <span class='ocrx_word' id='word_1_750' title='bbox 1775 1864 1887 1885; x_wconf 87' lang='lat' dir='ltr'>servare</span> <span class='ocrx_word' id='word_1_751' title='bbox 1909 1860 1936 1885; x_wconf 90' lang='lat' dir='ltr'>et</span> <span class='ocrx_word' id='word_1_752' title='bbox 1967 1864 2026 1885; x_wconf 90' lang='lat' dir='ltr'>esse</span> <span class='ocrx_word' id='word_1_753' title='bbox 2057 1856 2110 1885; x_wconf 88' lang='lat' dir='ltr'>sub</span> 
     </span>
     <span class='ocr_line' id='line_1_100' title="bbox 1260 1904 2110 1941; baseline 0 -8"><span class='ocrx_word' id='word_1_754' title='bbox 1260 1905 1415 1933; x_wconf 88' lang='lat' dir='ltr'>obedientia</span> <span class='ocrx_word' id='word_1_755' title='bbox 1435 1905 1574 1933; x_wconf 88' lang='lat' dir='ltr'>minorum</span> <span class='ocrx_word' id='word_1_756' title='bbox 1597 1905 1687 1941; x_wconf 87' lang='lat' dir='ltr'>quoad</span> <span class='ocrx_word' id='word_1_757' title='bbox 1716 1912 1794 1933; x_wconf 90' lang='lat' dir='ltr'>suam</span> <span class='ocrx_word' id='word_1_758' title='bbox 1823 1904 2005 1933; x_wconf 80' lang='lat' dir='ltr'>Divinitatem.</span> <span class='ocrx_word' id='word_1_759' title='bbox 2034 1904 2110 1933; x_wconf 90' lang='lat' dir='ltr'>Unde</span> 
     </span>
     <span class='ocr_line' id='line_1_101' title="bbox 1262 1951 2110 1989; baseline 0 -9"><span class='ocrx_word' id='word_1_760' title='bbox 1262 1952 1379 1989; x_wconf 81' lang='lat' dir='ltr'>legimus</span> <span class='ocrx_word' id='word_1_761' title='bbox 1400 1952 1426 1980; x_wconf 91' lang='lat' dir='ltr'>in</span> <span class='ocrx_word' id='word_1_762' title='bbox 1450 1952 1595 1989; x_wconf 80' lang='lat' dir='ltr'>Evangelio</span> <span class='ocrx_word' id='word_1_763' title='bbox 1607 1953 1626 1986; x_wconf 84' lang='lat'>⁵,</span> <span class='ocrx_word' id='word_1_764' title='bbox 1649 1952 1721 1989; x_wconf 88' lang='lat' dir='ltr'>quod</span> <span class='ocrx_word' id='word_1_765' title='bbox 1744 1955 1807 1980; x_wconf 75' lang='lat' dir='ltr'>erat</span> <span class='ocrx_word' id='word_1_766' title='bbox 1828 1951 1963 1980; x_wconf 72' lang='lat' dir='ltr'>subditus</span> <span class='ocrx_word' id='word_1_767' title='bbox 1978 1951 2045 1985; x_wconf 69' lang='lat' dir='ltr'>iltis,</span> <span class='ocrx_word' id='word_1_768' title='bbox 2061 1951 2110 1980; x_wconf 85' lang='lat' dir='ltr'>sci-</span> 
     </span>
     <span class='ocr_line' id='line_1_102' title="bbox 1261 1999 2110 2036; baseline 0.001 -9"><span class='ocrx_word' id='word_1_769' title='bbox 1261 2000 1323 2028; x_wconf 86' lang='lat' dir='ltr'>licet</span> <span class='ocrx_word' id='word_1_770' title='bbox 1345 2000 1428 2028; x_wconf 87' lang='lat' dir='ltr'>Filius</span> <span class='ocrx_word' id='word_1_771' title='bbox 1449 1999 1496 2028; x_wconf 89' lang='lat' dir='ltr'>Dei</span> <span class='ocrx_word' id='word_1_772' title='bbox 1513 1999 1616 2036; x_wconf 83' lang='lat' dir='ltr'>Virgini</span> <span class='ocrx_word' id='word_1_773' title='bbox 1639 1999 1717 2027; x_wconf 85' lang='lat' dir='ltr'>Matri</span> <span class='ocrx_word' id='word_1_774' title='bbox 1740 2002 1766 2027; x_wconf 87' lang='lat' dir='ltr'>et</span> <span class='ocrx_word' id='word_1_775' title='bbox 1789 1999 1892 2036; x_wconf 88' lang='lat' dir='ltr'>loseph.</span> <span class='ocrx_word' id='word_1_776' title='bbox 1907 2015 1946 2019; x_wconf 81' lang='lat'>——</span> <span class='ocrx_word' id='word_1_777' title='bbox 1961 1999 2030 2035; x_wconf 86' lang='lat' dir='ltr'>Quia</span> <span class='ocrx_word' id='word_1_778' title='bbox 2044 2007 2110 2036; x_wconf 82' lang='lat' dir='ltr'>ergo</span> 
     </span>
     <span class='ocr_line' id='line_1_103' title="bbox 1260 2046 2110 2083; baseline 0 -9"><span class='ocrx_word' id='word_1_779' title='bbox 1260 2046 1343 2075; x_wconf 86' lang='lat' dir='ltr'>Filius</span> <span class='ocrx_word' id='word_1_780' title='bbox 1365 2046 1411 2074; x_wconf 88' lang='lat' dir='ltr'>Dei</span> <span class='ocrx_word' id='word_1_781' title='bbox 1437 2046 1522 2075; x_wconf 76' lang='lat' dir='ltr'>voluit</span> <span class='ocrx_word' id='word_1_782' title='bbox 1544 2054 1655 2075; x_wconf 88' lang='lat' dir='ltr'>servare</span> <span class='ocrx_word' id='word_1_783' title='bbox 1677 2046 1877 2080; x_wconf 85' lang='lat' dir='ltr'>obedientiam,</span> <span class='ocrx_word' id='word_1_784' title='bbox 1903 2049 1930 2074; x_wconf 91' lang='lat' dir='ltr'>et</span> <span class='ocrx_word' id='word_1_785' title='bbox 1957 2046 2031 2083; x_wconf 88' lang='lat' dir='ltr'>quod</span> <span class='ocrx_word' id='word_1_786' title='bbox 2060 2054 2110 2074; x_wconf 90' lang='lat' dir='ltr'>sua</span> 
     </span>
     <span class='ocr_line' id='line_1_104' title="bbox 1260 2093 2110 2129; baseline 0 -8"><span class='ocrx_word' id='word_1_787' title='bbox 1260 2094 1346 2121; x_wconf 84' lang='lat' dir='ltr'>Mater</span> <span class='ocrx_word' id='word_1_788' title='bbox 1367 2101 1426 2122; x_wconf 89' lang='lat' dir='ltr'>eam</span> <span class='ocrx_word' id='word_1_789' title='bbox 1450 2096 1589 2127; x_wconf 76' lang='lat' dir='ltr'>servaret3</span> <span class='ocrx_word' id='word_1_790' title='bbox 1613 2093 1672 2122; x_wconf 89' lang='lat' dir='ltr'>ideo</span> <span class='ocrx_word' id='word_1_791' title='bbox 1693 2093 1826 2121; x_wconf 88' lang='lat' dir='ltr'>debemus</span> <span class='ocrx_word' id='word_1_792' title='bbox 1848 2093 1952 2129; x_wconf 90' lang='lat' dir='ltr'>(etiam)</span> <span class='ocrx_word' id='word_1_793' title='bbox 1982 2100 2031 2121; x_wconf 91' lang='lat' dir='ltr'>nos</span> <span class='ocrx_word' id='word_1_794' title='bbox 2052 2100 2110 2121; x_wconf 86' lang='lat' dir='ltr'>ser—</span> 
     </span>
     <span class='ocr_line' id='line_1_105' title="bbox 1260 2140 2109 2177; baseline 0 -9"><span class='ocrx_word' id='word_1_795' title='bbox 1260 2148 1326 2169; x_wconf 86' lang='lat' dir='ltr'>vare</span> <span class='ocrx_word' id='word_1_796' title='bbox 1348 2140 1548 2173; x_wconf 86' lang='lat' dir='ltr'>obedientiam;</span> <span class='ocrx_word' id='word_1_797' title='bbox 1571 2144 1598 2169; x_wconf 91' lang='lat' dir='ltr'>et</span> <span class='ocrx_word' id='word_1_798' title='bbox 1620 2140 1681 2168; x_wconf 90' lang='lat' dir='ltr'>licet</span> <span class='ocrx_word' id='word_1_799' title='bbox 1702 2148 1813 2174; x_wconf 87' lang='lat' dir='ltr'>omnes,</span> <span class='ocrx_word' id='word_1_800' title='bbox 1843 2140 1990 2177; x_wconf 87' lang='lat' dir='ltr'>praecipue</span> <span class='ocrx_word' id='word_1_801' title='bbox 2020 2143 2109 2168; x_wconf 89' lang='lat' dir='ltr'>tamen</span> 
     </span>
     <span class='ocr_line' id='line_1_106' title="bbox 1261 2187 2111 2224; baseline 0 -9"><span class='ocrx_word' id='word_1_802' title='bbox 1261 2187 1297 2215; x_wconf 91' lang='lat' dir='ltr'>illi</span> <span class='ocrx_word' id='word_1_803' title='bbox 1320 2188 1367 2224; x_wconf 87' lang='lat' dir='ltr'>qui</span> <span class='ocrx_word' id='word_1_804' title='bbox 1390 2187 1422 2215; x_wconf 90' lang='lat' dir='ltr'>ad</span> <span class='ocrx_word' id='word_1_805' title='bbox 1447 2188 1497 2216; x_wconf 82' lang='lat' dir='ltr'>boc</span> <span class='ocrx_word' id='word_1_806' title='bbox 1520 2191 1585 2215; x_wconf 90' lang='lat' dir='ltr'>sunt</span> <span class='ocrx_word' id='word_1_807' title='bbox 1607 2187 1727 2222; x_wconf 78' lang='lat' dir='ltr'>astricti3</span> <span class='ocrx_word' id='word_1_808' title='bbox 1750 2187 1815 2224; x_wconf 88' lang='lat' dir='ltr'>quia</span> <span class='ocrx_word' id='word_1_809' title='bbox 1830 2187 1985 2216; x_wconf 83' lang='lat' dir='ltr'>obedientia</span> <span class='ocrx_word' id='word_1_810' title='bbox 1999 2189 2040 2215; x_wconf 87' lang='lat' dir='ltr'>est</span> <span class='ocrx_word' id='word_1_811' title='bbox 2055 2190 2111 2215; x_wconf 89' lang='lat' dir='ltr'>tan-</span> 
     </span>
     <span class='ocr_line' id='line_1_107' title="bbox 1262 2234 2111 2271; baseline -0.001 -8"><span class='ocrx_word' id='word_1_812' title='bbox 1262 2237 1303 2263; x_wconf 87' lang='lat' dir='ltr'>tae</span> <span class='ocrx_word' id='word_1_813' title='bbox 1326 2235 1450 2268; x_wconf 79' lang='lat' dir='ltr'>virtutis,</span> <span class='ocrx_word' id='word_1_814' title='bbox 1473 2235 1545 2271; x_wconf 87' lang='lat' dir='ltr'>quod</span> <span class='ocrx_word' id='word_1_815' title='bbox 1570 2242 1626 2268; x_wconf 88' lang='lat' dir='ltr'>res,</span> <span class='ocrx_word' id='word_1_816' title='bbox 1649 2243 1720 2271; x_wconf 85' lang='lat' dir='ltr'>quae</span> <span class='ocrx_word' id='word_1_817' title='bbox 1743 2235 1769 2263; x_wconf 91' lang='lat' dir='ltr'>in</span> <span class='ocrx_word' id='word_1_818' title='bbox 1792 2242 1820 2263; x_wconf 89' lang='lat' dir='ltr'>se</span> <span class='ocrx_word' id='word_1_819' title='bbox 1842 2243 1895 2263; x_wconf 91' lang='lat' dir='ltr'>non</span> <span class='ocrx_word' id='word_1_820' title='bbox 1918 2235 2025 2268; x_wconf 87' lang='lat' dir='ltr'>valent,</span> <span class='ocrx_word' id='word_1_821' title='bbox 2047 2234 2111 2262; x_wconf 87' lang='lat' dir='ltr'>facit</span> 
     </span>
     <span class='ocr_line' id='line_1_108' title="bbox 1261 2281 2111 2315; baseline -0.001 -5"><span class='ocrx_word' id='word_1_822' title='bbox 1261 2282 1352 2310; x_wconf 85' lang='lat' dir='ltr'>valere</span> <span class='ocrx_word' id='word_1_823' title='bbox 1374 2285 1400 2310; x_wconf 88' lang='lat' dir='ltr'>et</span> <span class='ocrx_word' id='word_1_824' title='bbox 1423 2282 1579 2310; x_wconf 89' lang='lat' dir='ltr'>meritorias</span> <span class='ocrx_word' id='word_1_825' title='bbox 1600 2289 1674 2315; x_wconf 85' lang='lat' dir='ltr'>esse;</span> <span class='ocrx_word' id='word_1_826' title='bbox 1698 2282 1789 2310; x_wconf 82' lang='lat' dir='ltr'>levare</span> <span class='ocrx_word' id='word_1_827' title='bbox 1816 2281 1950 2310; x_wconf 84' lang='lat' dir='ltr'>festucam</span> <span class='ocrx_word' id='word_1_828' title='bbox 1974 2281 2008 2310; x_wconf 90' lang='lat' dir='ltr'>de</span> <span class='ocrx_word' id='word_1_829' title='bbox 2037 2284 2111 2310; x_wconf 90' lang='lat' dir='ltr'>terra</span> 
     </span>
     <span class='ocr_line' id='line_1_109' title="bbox 1261 2328 2111 2365; baseline -0.001 -8"><span class='ocrx_word' id='word_1_830' title='bbox 1261 2337 1315 2357; x_wconf 89' lang='lat' dir='ltr'>non</span> <span class='ocrx_word' id='word_1_831' title='bbox 1337 2332 1377 2357; x_wconf 85' lang='lat' dir='ltr'>est</span> <span class='ocrx_word' id='word_1_832' title='bbox 1399 2329 1502 2357; x_wconf 90' lang='lat' dir='ltr'>bonum</span> <span class='ocrx_word' id='word_1_833' title='bbox 1524 2329 1626 2365; x_wconf 85' lang='lat' dir='ltr'>aliquid</span> <span class='ocrx_word' id='word_1_834' title='bbox 1650 2337 1699 2357; x_wconf 89' lang='lat' dir='ltr'>nec</span> <span class='ocrx_word' id='word_1_835' title='bbox 1714 2329 1827 2363; x_wconf 83' lang='lat' dir='ltr'>malum,</span> <span class='ocrx_word' id='word_1_836' title='bbox 1843 2328 1890 2357; x_wconf 89' lang='lat' dir='ltr'>sed</span> <span class='ocrx_word' id='word_1_837' title='bbox 1906 2331 2006 2362; x_wconf 88' lang='lat' dir='ltr'>tamen,</span> <span class='ocrx_word' id='word_1_838' title='bbox 2021 2328 2042 2357; x_wconf 91' lang='lat' dir='ltr'>si</span> <span class='ocrx_word' id='word_1_839' title='bbox 2059 2328 2111 2357; x_wconf 89' lang='lat' dir='ltr'>boc</span> 
     </span>
     <span class='ocr_line' id='line_1_110' title="bbox 1261 2375 2110 2412; baseline 0 -9"><span class='ocrx_word' id='word_1_840' title='bbox 1261 2375 1344 2404; x_wconf 83' lang='lat' dir='ltr'>facias</span> <span class='ocrx_word' id='word_1_841' title='bbox 1366 2384 1415 2412; x_wconf 86' lang='lat' dir='ltr'>per</span> <span class='ocrx_word' id='word_1_842' title='bbox 1437 2375 1637 2409; x_wconf 84' lang='lat' dir='ltr'>obedientiam,</span> <span class='ocrx_word' id='word_1_843' title='bbox 1660 2376 1731 2404; x_wconf 83' lang='lat' dir='ltr'>valet</span> <span class='ocrx_word' id='word_1_844' title='bbox 1753 2375 1799 2404; x_wconf 87' lang='lat' dir='ltr'>tibi</span> <span class='ocrx_word' id='word_1_845' title='bbox 1823 2375 1856 2404; x_wconf 89' lang='lat' dir='ltr'>ad</span> <span class='ocrx_word' id='word_1_846' title='bbox 1878 2376 2008 2404; x_wconf 90' lang='lat' dir='ltr'>meritum</span> <span class='ocrx_word' id='word_1_847' title='bbox 2030 2383 2110 2412; x_wconf 87' lang='lat' dir='ltr'>para-</span> 
     </span>
     <span class='ocr_line' id='line_1_111' title="bbox 1261 2422 2111 2460; baseline -0.001 -9"><span class='ocrx_word' id='word_1_848' title='bbox 1261 2422 1321 2451; x_wconf 88' lang='lat' dir='ltr'>disi.</span> <span class='ocrx_word' id='word_1_849' title='bbox 1345 2423 1419 2451; x_wconf 90' lang='lat' dir='ltr'>Unde</span> <span class='ocrx_word' id='word_1_850' title='bbox 1440 2423 1482 2451; x_wconf 85' lang='lat' dir='ltr'>fac</span> <span class='ocrx_word' id='word_1_851' title='bbox 1503 2423 1603 2457; x_wconf 85' lang='lat' dir='ltr'>omnia,</span> <span class='ocrx_word' id='word_1_852' title='bbox 1620 2431 1813 2460; x_wconf 87' lang='lat' dir='ltr'>quaecumque</span> <span class='ocrx_word' id='word_1_853' title='bbox 1828 2422 1903 2457; x_wconf 79' lang='lat' dir='ltr'>facis,</span> <span class='ocrx_word' id='word_1_854' title='bbox 1918 2430 1968 2459; x_wconf 89' lang='lat' dir='ltr'>per</span> <span class='ocrx_word' id='word_1_855' title='bbox 1982 2422 2111 2451; x_wconf 86' lang='lat' dir='ltr'>obedien-</span> 
     </span>
     <span class='ocr_line' id='line_1_112' title="bbox 1261 2470 2112 2507; baseline 0 -9"><span class='ocrx_word' id='word_1_856' title='bbox 1261 2470 1336 2505; x_wconf 91' lang='lat' dir='ltr'>tiam,</span> <span class='ocrx_word' id='word_1_857' title='bbox 1358 2474 1385 2499; x_wconf 91' lang='lat' dir='ltr'>et</span> <span class='ocrx_word' id='word_1_858' title='bbox 1406 2471 1497 2499; x_wconf 84' lang='lat' dir='ltr'>onmia</span> <span class='ocrx_word' id='word_1_859' title='bbox 1519 2474 1584 2499; x_wconf 90' lang='lat' dir='ltr'>sunt</span> <span class='ocrx_word' id='word_1_860' title='bbox 1605 2470 1652 2499; x_wconf 90' lang='lat' dir='ltr'>tibi</span> <span class='ocrx_word' id='word_1_861' title='bbox 1676 2471 1825 2499; x_wconf 87' lang='lat' dir='ltr'>meritoria.</span> <span class='ocrx_word' id='word_1_862' title='bbox 1848 2470 1963 2507; x_wconf 82' lang='lat' dir='ltr'>Quando</span> <span class='ocrx_word' id='word_1_863' title='bbox 1977 2478 2112 2507; x_wconf 87' lang='lat' dir='ltr'>campana</span> 
     </span>
     <span class='ocr_line' id='line_1_113' title="bbox 1262 2517 2111 2554; baseline 0 -9"><span class='ocrx_word' id='word_1_864' title='bbox 1262 2517 1390 2553; x_wconf 83' lang='lat' dir='ltr'>pulsatur</span> <span class='ocrx_word' id='word_1_865' title='bbox 1411 2518 1444 2546; x_wconf 85' lang='lat' dir='ltr'>ad</span> <span class='ocrx_word' id='word_1_866' title='bbox 1468 2518 1649 2552; x_wconf 86' lang='lat' dir='ltr'>matutinum,</span> <span class='ocrx_word' id='word_1_867' title='bbox 1672 2521 1699 2546; x_wconf 90' lang='lat' dir='ltr'>et</span> <span class='ocrx_word' id='word_1_868' title='bbox 1720 2521 1749 2546; x_wconf 92' lang='lat' dir='ltr'>tu</span> <span class='ocrx_word' id='word_1_869' title='bbox 1765 2518 1856 2546; x_wconf 80' lang='lat' dir='ltr'>statim</span> <span class='ocrx_word' id='word_1_870' title='bbox 1873 2517 1979 2554; x_wconf 83' lang='lat' dir='ltr'>surgis:</span> <span class='ocrx_word' id='word_1_871' title='bbox 1995 2524 2111 2554; x_wconf 80' lang='lat' dir='ltr'>surgere</span> 
     </span>
     <span class='ocr_line' id='line_1_114' title="bbox 1263 2563 2111 2600; baseline 0 -8"><span class='ocrx_word' id='word_1_872' title='bbox 1263 2572 1311 2600; x_wconf 89' lang='lat' dir='ltr'>per</span> <span class='ocrx_word' id='word_1_873' title='bbox 1333 2564 1533 2598; x_wconf 84' lang='lat' dir='ltr'>obedientiam,</span> <span class='ocrx_word' id='word_1_874' title='bbox 1555 2565 1677 2593; x_wconf 86' lang='lat' dir='ltr'>calceare</span> <span class='ocrx_word' id='word_1_875' title='bbox 1699 2568 1741 2598; x_wconf 81' lang='lat' dir='ltr'>te,</span> <span class='ocrx_word' id='word_1_876' title='bbox 1770 2564 1885 2593; x_wconf 87' lang='lat' dir='ltr'>induere</span> <span class='ocrx_word' id='word_1_877' title='bbox 1913 2567 1940 2593; x_wconf 89' lang='lat' dir='ltr'>te</span> <span class='ocrx_word' id='word_1_878' title='bbox 1961 2567 1988 2593; x_wconf 91' lang='lat' dir='ltr'>et</span> <span class='ocrx_word' id='word_1_879' title='bbox 2016 2563 2056 2592; x_wconf 87' lang='lat' dir='ltr'>ire</span> <span class='ocrx_word' id='word_1_880' title='bbox 2077 2563 2111 2592; x_wconf 87' lang='lat' dir='ltr'>ad</span> 
     </span>
     <span class='ocr_line' id='line_1_115' title="bbox 1262 2611 2111 2648; baseline -0.001 -8"><span class='ocrx_word' id='word_1_881' title='bbox 1262 2612 1404 2640; x_wconf 79' lang='lat' dir='ltr'>ecclesiam</span> <span class='ocrx_word' id='word_1_882' title='bbox 1428 2612 1471 2640; x_wconf 72' lang='lat' dir='ltr'>vel</span> <span class='ocrx_word' id='word_1_883' title='bbox 1493 2612 1658 2648; x_wconf 63' lang='lat' dir='ltr'>(capellam),</span> <span class='ocrx_word' id='word_1_884' title='bbox 1682 2615 1768 2640; x_wconf 91' lang='lat' dir='ltr'>totum</span> <span class='ocrx_word' id='word_1_885' title='bbox 1792 2619 1841 2648; x_wconf 91' lang='lat' dir='ltr'>per</span> <span class='ocrx_word' id='word_1_886' title='bbox 1862 2611 2043 2640; x_wconf 86' lang='lat' dir='ltr'>obedientiam</span> <span class='ocrx_word' id='word_1_887' title='bbox 2070 2614 2111 2640; x_wconf 89' lang='lat' dir='ltr'>est</span> 
     </span>
     <span class='ocr_line' id='line_1_116' title="bbox 1263 2658 2111 2693; baseline 0.001 -7"><span class='ocrx_word' id='word_1_888' title='bbox 1263 2658 1310 2686; x_wconf 89' lang='lat' dir='ltr'>tibi</span> <span class='ocrx_word' id='word_1_889' title='bbox 1334 2659 1523 2693; x_wconf 53' lang='lat' dir='ltr'>meritoriunu</span> <span class='ocrx_word' id='word_1_890' title='bbox 1547 2659 1672 2687; x_wconf 84' lang='lat' dir='ltr'>similiter</span> <span class='ocrx_word' id='word_1_891' title='bbox 1693 2659 1824 2692; x_wconf 84' lang='lat' dir='ltr'>dormire,</span> <span class='ocrx_word' id='word_1_892' title='bbox 1839 2658 1983 2687; x_wconf 85' lang='lat' dir='ltr'>comedere</span> <span class='ocrx_word' id='word_1_893' title='bbox 2001 2661 2028 2687; x_wconf 90' lang='lat' dir='ltr'>et</span> <span class='ocrx_word' id='word_1_894' title='bbox 2048 2658 2111 2687; x_wconf 89' lang='lat' dir='ltr'>bre-</span> 
     </span>
     <span class='ocr_line' id='line_1_117' title="bbox 1264 2705 2110 2742; baseline 0 -9"><span class='ocrx_word' id='word_1_895' title='bbox 1264 2705 1333 2733; x_wconf 76' lang='lat' dir='ltr'>viter</span> <span class='ocrx_word' id='word_1_896' title='bbox 1355 2705 1455 2739; x_wconf 83' lang='lat' dir='ltr'>onmia,</span> <span class='ocrx_word' id='word_1_897' title='bbox 1478 2714 1671 2742; x_wconf 78' lang='lat' dir='ltr'>quaecumque</span> <span class='ocrx_word' id='word_1_898' title='bbox 1693 2706 1759 2734; x_wconf 83' lang='lat' dir='ltr'>facis</span> <span class='ocrx_word' id='word_1_899' title='bbox 1774 2706 1800 2734; x_wconf 87' lang='lat' dir='ltr'>in</span> <span class='ocrx_word' id='word_1_900' title='bbox 1816 2706 1962 2742; x_wconf 76' lang='lat' dir='ltr'>Religione,</span> <span class='ocrx_word' id='word_1_901' title='bbox 1977 2705 2010 2733; x_wconf 88' lang='lat' dir='ltr'>ad</span> <span class='ocrx_word' id='word_1_902' title='bbox 2026 2713 2110 2742; x_wconf 89' lang='lat' dir='ltr'>quam</span> 
     </span>
     <span class='ocr_line' id='line_1_118' title="bbox 1264 2752 2110 2789; baseline 0 -9"><span class='ocrx_word' id='word_1_903' title='bbox 1264 2755 1289 2780; x_wconf 88' lang='lat' dir='ltr'>te</span> <span class='ocrx_word' id='word_1_904' title='bbox 1312 2752 1385 2780; x_wconf 82' lang='lat' dir='ltr'>Deus</span> <span class='ocrx_word' id='word_1_905' title='bbox 1408 2753 1522 2780; x_wconf 81' lang='lat' dir='ltr'>vocavit.</span> <span class='ocrx_word' id='word_1_906' title='bbox 1546 2753 1571 2780; x_wconf 83' lang='lat' dir='ltr'>Si</span> <span class='ocrx_word' id='word_1_907' title='bbox 1595 2753 1631 2780; x_wconf 90' lang='lat' dir='ltr'>ita</span> <span class='ocrx_word' id='word_1_908' title='bbox 1664 2752 1814 2789; x_wconf 86' lang='lat' dir='ltr'>prudenter</span> <span class='ocrx_word' id='word_1_909' title='bbox 1846 2752 1956 2780; x_wconf 84' lang='lat' dir='ltr'>ordinas</span> <span class='ocrx_word' id='word_1_910' title='bbox 1987 2752 2110 2780; x_wconf 90' lang='lat' dir='ltr'>animum</span> 
     </span>
    </p>
   </div>
   <div class='ocr_carea' id='block_1_10' title="bbox 1277 2828 1463 2830">
    <p class='ocr_par' dir='ltr' id='par_1_13' title="bbox 1277 2828 1463 2830">
     <span class='ocr_line' id='line_1_119' title="bbox 1277 2828 1463 2830; baseline 0 0"><span class='ocrx_word' id='word_1_911' title='bbox 1277 2828 1463 2830; x_wconf 95' lang='lat' dir='ltr'> </span> 
     </span>
    </p>
   </div>
   <div class='ocr_carea' id='block_1_11' title="bbox 1263 2874 2111 3020">
    <p class='ocr_par' dir='ltr' id='par_1_14' title="bbox 1263 2874 2111 2942">
     <span class='ocr_line' id='line_1_120' title="bbox 1263 2874 2111 2903; baseline -0.002 -6"><span class='ocrx_word' id='word_1_912' title='bbox 1263 2875 1316 2897; x_wconf 90' lang='lat' dir='ltr'>dicit</span> <span class='ocrx_word' id='word_1_913' title='bbox 1335 2876 1359 2897; x_wconf 89' lang='lat' dir='ltr'>ll.</span> <span class='ocrx_word' id='word_1_914' title='bbox 1377 2875 1438 2897; x_wconf 78' lang='lat' dir='ltr'>Sent.</span> <span class='ocrx_word' id='word_1_915' title='bbox 1456 2876 1478 2897; x_wconf 92' lang='lat' dir='ltr'>d.</span> <span class='ocrx_word' id='word_1_916' title='bbox 1497 2875 1533 2897; x_wconf 72' lang='grc'>114,</span> <span class='ocrx_word' id='word_1_917' title='bbox 1551 2881 1572 2896; x_wconf 84' lang='lat' dir='ltr'>a.</span> <span class='ocrx_word' id='word_1_918' title='bbox 1590 2875 1611 2897; x_wconf 88' lang='lat'>3.</span> <span class='ocrx_word' id='word_1_919' title='bbox 1628 2881 1650 2903; x_wconf 87' lang='lat' dir='ltr'>q.</span> <span class='ocrx_word' id='word_1_920' title='bbox 1669 2875 1690 2896; x_wconf 79' lang='lat'>2.</span> <span class='ocrx_word' id='word_1_921' title='bbox 1708 2887 1737 2890; x_wconf 94' lang='lat'>—</span> <span class='ocrx_word' id='word_1_922' title='bbox 1756 2874 1787 2896; x_wconf 87' lang='lat' dir='ltr'>De</span> <span class='ocrx_word' id='word_1_923' title='bbox 1805 2875 1828 2896; x_wconf 79' lang='lat' dir='ltr'>S.</span> <span class='ocrx_word' id='word_1_924' title='bbox 1847 2874 1928 2896; x_wconf 79' lang='lat' dir='ltr'>Basilio</span> <span class='ocrx_word' id='word_1_925' title='bbox 1950 2875 1991 2896; x_wconf 81' lang='lat' dir='ltr'>cfr.</span> <span class='ocrx_word' id='word_1_926' title='bbox 2009 2874 2111 2901; x_wconf 81' lang='lat' dir='ltr'>Regulae</span> 
     </span>
     <span class='ocr_line' id='line_1_121' title="bbox 1263 2913 1760 2942; baseline -0.002 -6"><span class='ocrx_word' id='word_1_927' title='bbox 1263 2914 1358 2937; x_wconf 84' lang='lat' dir='ltr'>brevius</span> <span class='ocrx_word' id='word_1_928' title='bbox 1376 2917 1451 2942; x_wconf 84' lang='lat' dir='ltr'>tract.,</span> <span class='ocrx_word' id='word_1_929' title='bbox 1469 2915 1578 2942; x_wconf 78' lang='lat' dir='ltr'>interrog.</span> <span class='ocrx_word' id='word_1_930' title='bbox 1597 2914 1648 2936; x_wconf 70' lang='lat'>421.</span> <span class='ocrx_word' id='word_1_931' title='bbox 1667 2916 1687 2935; x_wconf 89' lang='lat' dir='ltr'>et</span> <span class='ocrx_word' id='word_1_932' title='bbox 1707 2913 1760 2935; x_wconf 68' lang='lat' dir='ltr'>l38.</span> 
     </span>
    </p>

    <p class='ocr_par' dir='ltr' id='par_1_15' title="bbox 1326 2953 1603 2983">
     <span class='ocr_line' id='line_1_122' title="bbox 1326 2953 1603 2983; baseline 0 -8"><span class='ocrx_word' id='word_1_933' title='bbox 1326 2953 1335 2965; x_wconf 81' lang='lat'>&#39;¹</span> <span class='ocrx_word' id='word_1_934' title='bbox 1353 2953 1429 2976; x_wconf 83' lang='lat' dir='ltr'>Codex</span> <span class='ocrx_word' id='word_1_935' title='bbox 1446 2954 1500 2981; x_wconf 80' lang='lat' dir='ltr'>legit</span> <span class='ocrx_word' id='word_1_936' title='bbox 1516 2953 1603 2983; x_wconf 49' lang='lat' dir='ltr'>sure&#39;nt.</span> 
     </span>
    </p>

    <p class='ocr_par' dir='ltr' id='par_1_16' title="bbox 1326 2991 1505 3020">
     <span class='ocr_line' id='line_1_123' title="bbox 1326 2991 1505 3020; baseline -0.006 -5"><span class='ocrx_word' id='word_1_937' title='bbox 1326 2991 1335 3004; x_wconf 81' lang='lat'>⁵</span> <span class='ocrx_word' id='word_1_938' title='bbox 1352 2993 1406 3015; x_wconf 86' lang='lat' dir='ltr'>Luc.</span> <span class='ocrx_word' id='word_1_939' title='bbox 1425 2994 1449 3020; x_wconf 73' lang='lat'>2,</span> <span class='ocrx_word' id='word_1_940' title='bbox 1467 2993 1505 3015; x_wconf 68' lang='lat'>351.</span> 
     </span>
    </p>
   </div>
   <div class='ocr_carea' id='block_1_12' title="bbox 2123 1532 2236 1603">
    <p class='ocr_par' dir='ltr' id='par_1_17' title="bbox 2123 1532 2236 1603">
     <span class='ocr_line' id='line_1_124' title="bbox 2123 1532 2236 1552; baseline 0.009 -1"><span class='ocrx_word' id='word_1_941' title='bbox 2123 1532 2150 1552; x_wconf 77' lang='lat' dir='ltr'>De</span> <span class='ocrx_word' id='word_1_942' title='bbox 2163 1533 2182 1552; x_wconf 88' lang='lat' dir='ltr'>S.</span> <span class='ocrx_word' id='word_1_943' title='bbox 2191 1532 2236 1552; x_wconf 78' lang='lat' dir='ltr'>Mart</span> 
     </span>
     <span class='ocr_line' id='line_1_125' title="bbox 2134 1556 2236 1583; baseline 0.01 -8"><span class='ocrx_word' id='word_1_944' title='bbox 2134 1558 2153 1576; x_wconf 80' lang='lat' dir='ltr'>et</span> <span class='ocrx_word' id='word_1_945' title='bbox 2165 1556 2187 1583; x_wconf 66' lang='lat' dir='ltr'>R.</span> <span class='ocrx_word' id='word_1_946' title='bbox 2200 1556 2236 1576; x_wconf 79' lang='lat' dir='ltr'>Vir·</span> 
     </span>
     <span class='ocr_line' id='line_1_126' title="bbox 2166 1585 2213 1603; baseline 0 -4"><span class='ocrx_word' id='word_1_947' title='bbox 2166 1585 2213 1603; x_wconf 76' lang='lat' dir='ltr'>gine.</span> 
     </span>
    </p>
   </div>
   <div class='ocr_carea' id='block_1_13' title="bbox 2127 2005 2217 2024">
    <p class='ocr_par' dir='ltr' id='par_1_18' title="bbox 2127 2005 2217 2024">
     <span class='ocr_line' id='line_1_127' title="bbox 2127 2005 2217 2024; baseline 0 0"><span class='ocrx_word' id='word_1_948' title='bbox 2127 2005 2217 2024; x_wconf 78' lang='lat' dir='ltr'>Hortatio.</span> 
     </span>
    </p>
   </div>
  </div>
 </body>
</html>
