2243 3348
37 425 54 465 te
66 439 117 465 porta

38 463 116 481 ustittae.

30 729 34 782 1

45 835 102 853 eatur.

45 2352 120 2372 Divisio.

36 813 53 830 ta
65 810 122 834 tripli·

18 1457 123 1483 (111011110ιί0.

781 165 812 194 IN
833 165 887 194 DIE
909 165 1087 195 ANIMARUM.
1110 166 1219 195 SERMO
1241 167 1258 194 1.

148 246 270 272 montem
294 243 409 279 posita,
431 252 520 281 neque
540 243 701 272 accendunt
723 243 873 272 lucernam.
893 246 918 272 et
939 251 991 280 po-

146 292 219 318 nunt
240 297 304 318 eam
324 289 378 318 sub
399 290 512 324 modio,
533 290 584 318 sed
603 298 692 327 super
713 290 936 324 candelabrum,
959 293 992 319 ut

146 336 238 364 luceat
259 335 410 370 omnibus,
432 337 484 374 qui
503 337 534 364 in
555 337 639 365 domo
659 341 737 365 sunt.

224 382 273 411 Per
295 385 401 419 portam
423 382 626 411 occidentalem
654 383 814 420 designatur
835 384 919 421 rigor
944 384 990 412 iu-

145 429 249 463 stitiae,
270 437 353 466 quam
375 429 480 466 aperiet
501 430 580 458 nohis
600 429 727 458 Christus
741 430 768 458 in
790 434 903 459 aeterno
923 438 989 459 exa-

145 475 234 510 mine,
255 475 328 512 quod
349 483 465 504 examen
488 476 601 505 timebat
623 476 681 510 lob,
702 477 795 506 dicens
810 478 836 505 1:
865 477 989 506 Verebar

145 522 244 550 omnia
265 530 354 558 opera
375 530 456 556 ntea,
478 523 587 557 sciens,
610 523 686 561 quod
706 532 765 552 non
783 532 921 560 parceres
942 524 989 552 de-

145 568 291 606 linquenti.
314 569 352 597 De
374 569 425 597 ista
453 572 532 606 porta
556 569 658 598 dicitur
686 570 712 598 in
736 571 855 599 Psalmo:
881 571 989 599 Eduxit

144 623 189 644 eos
210 615 240 643 in
262 615 341 644 viam
363 619 483 649 rectam,
506 620 539 644 ut
559 616 635 644 irent
655 617 686 644 in
707 617 853 645 ciuitatem
874 616 988 645 liabita-

145 661 238 690 tionis.
261 661 311 690 Via
330 666 411 690 recta
431 665 458 690 et
480 662 572 691 brevis
593 666 634 691 est
659 663 775 696 iustitia,
796 670 868 699 quae
899 662 988 691 reddit

143 708 294 745 unicuique
315 709 388 745 quod
411 717 493 738 suum
515 713 571 743 est;
599 712 627 738 et
647 709 790 738 Anselmus
811 709 892 743 dicit,
914 709 988 746 quod

148 767 161 780 «
176 755 280 784 iustitia
300 758 342 784 est
369 756 506 784 rectitudo
527 756 677 785 voluntatis
699 759 812 793 propter
841 764 869 784 se
893 756 988 785 obser-

143 805 205 830 vata
216 814 242 830 ».
255 818 291 823 --
305 802 335 830 Ε1
350 803 506 839 triplicatur
518 803 585 832 haec
600 804 671 832 sicut
682 806 709 832 et
723 803 804 837 aliae;
822 803 903 831 habet
915 803 987 831 enim

142 851 199 877 tres
219 852 312 885 portas
333 849 452 878 iustitia:
474 849 680 883 obedientiam,
703 852 830 885 respectu
862 849 987 886 superio-

142 903 222 930 rum;
243 896 425 930 modestia-ni,
448 899 574 933 respectu
597 896 806 932 proximorum;
822 896 987 924 misericor-

142 942 238 977 diam,
261 946 388 979 respectu
405 943 575 972 inferiorum.
592 943 671 971 lstam
688 943 769 976 viam,
785 943 847 971 licet
863 943 897 971 sit
912 945 987 971 recta

142 992 169 1017 et
189 989 298 1023 brevis,
320 989 398 1018 multi
417 989 616 1023 deserueruul;
638 989 671 1018 de
693 989 795 1026 quihus
810 990 836 1018 in
859 990 986 1018 Psalmo²

1837 169 1891 197 605

1048 243 1165 272 dicitur:
1200 245 1384 273 Erraverunt
1414 245 1446 274 in
1472 245 1643 279 solitudine,
1675 246 1705 274 in
1734 246 1892 284 inaquoso,

1047 290 1126 318 viani
1153 290 1280 319 civitatis
1300 290 1463 321 habitaculi
1481 301 1540 321 non
1561 292 1741 321 invenerunt.

1125 337 1209 372 Nota,
1231 338 1304 374 quod
1330 339 1453 367 incessus
1481 339 1551 368 lucis
1572 342 1612 368 est
1633 347 1683 376 per
1712 339 1769 368 vias
1791 342 1891 373 rectas,

1048 384 1090 413 vel
1112 384 1232 413 reflexas
1252 385 1285 413 ad
1300 386 1416 422 angulos
1437 386 1575 423 aequales,
1590 386 1656 423 quia
1677 386 1781 415 iustitia
1801 386 1891 415 ultimi

1046 430 1146 467 rigoris
1166 434 1207 459 est
1228 431 1458 468 irrefragabilis.
1439 432 1449 449 ³

1124 478 1202 506 Nunc
1222 481 1325 512 autem,
1340 479 1406 515 quia
1421 479 1488 508 istae
1503 483 1624 529 quatuor
1639 480 1755 509 virtutes
1770 480 1797 508 in
1813 480 1892 509 beata
1907 486 1990 509 Qnatuor
2002 486 2038 505 ista

1046 523 1157 560 Virgine
1178 524 1376 560 perfectissime
1397 525 1520 559 fuerunt,
1542 528 1569 554 et
1589 524 1616 554 in
1645 529 1780 562 quantum
1803 525 1892 562 politi·
1919 510 2026 552 ¹13¹?‘vffl‘ilf'

1045 578 1093 599 cae
1113 574 1141 599 et
1162 571 1188 599 in
1210 575 1345 608 quantum
1376 572 1538 609 purgativae
1569 576 1596 601 et
1625 573 1652 600 in
1680 576 1814 609 quantum
1836 572 1889 601 iam
2035 573 2038 574 ⁷

1045 617 1193 654 expurgati
1214 617 1312 652 animi;
1335 618 1395 647 ideo
1414 618 1447 647 de
1468 627 1500 647 ea
1521 619 1622 647 dicitur
1641 619 1668 647 in
1690 619 1849 656 Apocalypsi
1864 619 1891 646 4:

1046 664 1196 700 Apparuit
1209 665 1329 701 sz’ynmn
1349 673 1492 702 maenum
1507 666 1539 694 in
1553 665 1647 694 caclo:
1662 666 1768 694 mulier
1783 666 1892 694 amicta

1044 710 1110 743 sole,
1132 714 1157 739 et
1188 711 1260 739 luna
1280 711 1334 740 sub
1362 712 1486 748 pedibus
1507 712 1585 746 eius,
1608 717 1632 741 et
1653 713 1684 741 in
1705 713 1798 750 capite
1828 713 1891 741 eius

1045 765 1154 785 corona
1174 757 1326 786 stellarum
1347 758 1498 787 duodecim
1520 762 1571 787 610.

1124 803 1206 837 Ecce,
1229 807 1339 840 portas,
1362 812 1410 841 per
1431 813 1500 842 quas
1526 806 1624 834 transit
1652 806 1748 834 civitas
1770 806 1829 834 viae
1857 805 1889 834 ad
1906 813 2000 837 Epilogus.

1044 850 1182 878 civitatem
1206 851 1325 887 patriae,
1348 855 1378 879 ut
1401 852 1567 880 universitas
1582 853 1727 881 Beatorum
1751 860 1800 889 per
1820 853 1891 881 mul—

1044 896 1233 925 tiformitatem
1257 898 1381 926 muneris
1402 906 1417 926 a
1438 898 1495 926 Deo
1515 898 1692 933 descendens,
1711 907 1761 935 per
1786 899 1891 928 unifor-

1044 943 1167 972 mitatem
1188 944 1290 972 amoris
1311 944 1343 972 ad
1367 944 1457 981 ipsum
1480 945 1604 979 rediens,
1620 950 1760 983 tanquam
1782 955 1891 983 sponsa

1044 994 1152 1018 ornata
1173 990 1238 1019 viro
1259 999 1314 1019 suo
1334 991 1504 1020 deiformiter
1526 996 1666 1028 operetur.

783 1116 815 1144 ΙΝ
836 1116 889 1144 DIE
910 1116 1081 1144 ANIMARUM
1103 1117 1140 1151 (2.
1163 1116 1250 1151 Nov.).

484 1226 575 1254 Samio
597 1226 605 1254 1
621 1226 641 1253 ⁵.

220 1320 310 1347 Iuncta
329 1319 414 1356 fidem
436 1318 569 1357 defuncti
587 1324 657 1347 sunt
678 1328 775 1348 omnes
792 1320 851 1353 isti,
866 1328 924 1348 non
939 1328 987 1348 ac-

141 1366 228 1403 ceptis
249 1366 542 1403 repromissionibus,
564 1367 597 1395 ad
619 1367 756 1395 Hebraeos
777 1367 923 1395 undecimo
938 1367 957 1395 ὃ.

219 1413 266 1442 1110
287 1413 411 1450 loquitur
432 1414 577 1451 Apostolus
598 1414 639 1441 act
660 1414 787 1442 litteram
807 1414 841 1442 de
866 1414 987 1450 antiquis

142 1459 283 1496 patribus,
315 1460 418 1497 quihus
445 1460 533 1497 gloria
559 1460 740 1489 differebatur
767 1464 879 1497 propter
910 1460 985 1497 regni

140 1507 264 1536 caelestis
285 1507 469 1541 clausionem;
491 1507 538 1536 sed
553 1507 749 1544 spiritualiter
764 1507 797 1536 de
812 1507 912 1536 nostris
928 1510 986 1544 pot-

140 1557 180 1582 est
203 1554 314 1590 intelligi
331 1554 482 1588 defunctis,
504 1554 607 1590 quihus
621 1554 708 1591 gloria
729 1554 857 1582 differtur
872 1557 986 1590 propter

140 1601 326 1637 imperfectam
356 1600 609 1629 sanctificationem.
638 1601 676 1629 De
704 1600 865 1629 exclusione
893 1604 985 1629 31116111

140 1648 294 1684 primorum
317 1647 360 1676 vel
381 1647 510 1676 dilatione
531 1656 546 1675 a
568 1647 695 1684 paradiso
716 1647 824 1676 caelesti
847 1647 986 1684 figuratur

140 1695 166 1723 in
188 1694 284 1723 Genesi
301 1694 311 1711 ⁷
333 1702 382 1730 per
404 1694 594 1723 exclusionem
616 1694 777 1731 protoplasti
800 1694 833 1722 de
858 1694 986 1731 paradiso

141 1741 282 1775 terrestri,
303 1741 389 1769 donec
420 1740 589 1769 satisfaceret
609 1741 665 1769 Deo
693 1741 726 1769 de
754 1741 873 1769 mandati
896 1744 985 1769 trans-

139 1789 294 1826 gressione,
316 1788 389 1825 quod
412 1788 471 1817 fieri
494 1796 547 1816 non
571 1788 660 1824 potuit
686 1788 735 1817 nisi
759 1796 808 1825 per
830 1789 984 1822 Christum,

140 1836 226 1864 Deum
259 1836 362 1864 scilicet
389 1838 527 1872 potentem
550 1838 576 1864 et
598 1835 737 1864 hominen]
761 1835 918 1864 satisfacere
939 1835 985 1864 de-

139 1883 258 1911 bentem.
279 1882 355 1911 Unde
384 1882 441 1919 ipse
472 1882 582 1910 ianuam
614 1882 680 1910 caeli
712 1882 836 1919 aperuit;
863 1881 936 1910 unde
957 1882 985 1910 in

139 1930 198 1958 eius
227 1937 344 1966 persona
372 1929 453 1958 lsaias
481 1929 561 1957 dicit:
590 1928 721 1965 Spiritus
751 1928 870 1957 Domini
896 1937 986 1965 super

139 1985 192 2010 nie,
214 1985 245 2005 co
266 1977 343 2014 quod
358 1976 478 2004 unxerit
493 1976 636 2003 Dominus
658 1984 719 2009 me;
740 1976 780 2003 ad
802 1975 984 2003 annuntian-

140 2023 209 2052 dum
239 2022 401 2051 mansuetis
432 2022 512 2050 misit
543 2031 600 2055 me,
632 2026 665 2050 ut
691 2022 821 2050 mederer
852 2022 985 2050 contritis

139 2070 224 2099 corde
238 2073 262 2098 et
274 2069 481 2106 praedicarem
499 2069 623 2106 captivis
637 2068 849 2105 inclulyentiam
864 2072 891 2097 et
904 2068 985 2097 clau-

138 2117 179 2146 sis
201 2117 387 2154 apertionem.
411 2116 483 2145 Licet
505 2119 597 2144 autem
619 2116 658 2144 sic
673 2123 722 2152 per
737 2116 877 2144 Christum
899 2116 985 2152 impe-

139 2163 290 2192 dimentum
307 2163 341 2191 sit
356 2163 550 2191 extrinsecum
572 2166 726 2196 remotum;
749 2166 872 2191 remanet
893 2165 983 2191 tamen

139 2210 166 2239 in
195 2210 324 2247 pluribus
352 2209 488 2238 defunctis
518 2209 743 2246 impedimentum
775 2209 983 2243 intrinsecum,

138 2257 171 2285 de
192 2256 295 2293 quihus
315 2256 432 2284 dicitur:
456 2256 545 2284 Iuncta
565 2255 651 2293 sideni
672 2260 723 2285 etc.
749 2256 871 2284 Notauda
891 2259 983 2284 autem

138 2304 183 2332 hic
204 2306 334 2340 quatuor,
356 2303 459 2340 quihus
480 2303 584 2331 moveri
607 2303 739 2332 dehemus
764 2303 797 2331 ad
819 2303 985 2339 compassio-

139 2358 200 2379 nem
223 2354 249 2379 et
271 2350 480 2378 subventionem
513 2350 652 2386 ipsorum,
674 2350 778 2378 scilicet
805 2349 984 2378 universitas

140 2400 238 2425 tantae
259 2396 475 2425 multitudinis:
491 2405 588 2425 omnes
601 2397 668 2430 isti;
683 2396 902 2434 impossibilitas
914 2405 983 2433 pro—

135 2443 199 2480 prii
218 2443 396 2472 iuvaminis:
412 2442 546 2480 defuncti
558 2447 644 2477 sum;
659 2443 802 2471 idoneitas
816 2443 906 2471 alieni
919 2442 983 2480 suf-

137 2489 247 2527 frayii:
270 2490 356 2518 iaxta
370 2489 473 2526 siacum
495 2490 693 2528 longinquitas
708 2490 820 2518 aeterni
836 2490 967 2526 praemii
973 2500 982 2518 .-

137 2545 195 2565 non
217 2537 341 2573 acceptis
362 2537 646 2573 repromissionibus.

1907 1233 1952 1252 Pars
1966 1233 1978 1251 1.
1992 1233 2037 1252 Uni-

1902 1257 1981 1275 versitas
1990 1257 2036 1275 mul-

1921 1280 2015 1299 titudinis.

1124 1227 1140 1254 1.
1162 1227 1240 1255 Circa
1261 1227 1381 1264 primum
1405 1228 1565 1262 notandum,
1581 1228 1664 1265 quod,
1686 1229 1757 1257 sicut
1778 1229 1889 1265 Aposto-

1044 1273 1112 1302 lus⁸
1140 1274 1193 1307 ait,
1219 1274 1330 1310 quidam
1360 1274 1519 1309 aedificant
1544 1283 1634 1312 super
1661 1274 1889 1312 fundamentum

1042 1320 1111 1356 fidei
1131 1329 1260 1355 aurum,
1283 1325 1452 1358 arpentum,
1485 1322 1596 1359 lapides
1624 1322 1785 1358 pretiosos;
1806 1324 1834 1350 et
1862 1322 1888 1350 hi

1045 1370 1110 1396 sunt
1131 1367 1164 1396 de
1185 1375 1286 1404 genere
1307 1368 1509 1405 perfectorum,
1532 1369 1579 1405 qui
1605 1369 1750 1397 aedificant
1778 1377 1890 1397 aurum

1044 1414 1290 1450 contemplationis,
1312 1419 1468 1452 argentum
1484 1423 1621 1452 supernae
1642 1415 1810 1449 dilectionis,
1823 1424 1889 1452 pre-

1044 1460 1130 1489 tiosos
1151 1460 1263 1497 lapides
1284 1464 1394 1489 sanctae
1408 1462 1583 1498 operationis.
1599 1462 1714 1498 Quidam
1730 1470 1797 1491 vero
1817 1462 1890 1490 aedi-

1043 1507 1126 1535 ficant
1147 1507 1270 1544 liynum,
1285 1506 1418 1544 foenum,
1433 1508 1592 1545 stipulam,-
1613 1512 1640 1537 et
1661 1509 1688 1537 hi
1711 1512 1776 1537 sunt
1793 1509 1826 1537 de
1847 1516 1891 1545 ge-

1043 1562 1109 1582 nere
1137 1554 1379 1591 imperfectorum,
1405 1555 1452 1591 qui
1475 1555 1540 1592 quia
1568 1563 1652 1592 super
1680 1555 1889 1584 fundamentum

1042 1601 1104 1629 fidei
1127 1601 1286 1630 cremabilia
1306 1601 1451 1630 aedificant
1471 1605 1585 1639 propter
1602 1603 1729 1631 affectum
1752 1605 1890 1639 tempora-

1043 1647 1124 1681 lium,
1139 1655 1250 1676 necesse
1265 1651 1314 1683 651,
1330 1652 1361 1677 111
1377 1648 1465 1685 ignem
1481 1649 1672 1685 purgatorium
1689 1651 1837 1677 transeant.
1852 1665 1891 1670 —

1044 1695 1073 1723 Et
1094 1694 1252 1728 sciendum,
1275 1695 1349 1732 quod
1377 1695 1449 1724 circa
1478 1695 1682 1724 multitudinem
1711 1695 1813 1724 moveri
1842 1695 1888 1724 de-

1042 1741 1140 1770 hemus
1165 1742 1326 1778 tripliciter,
1348 1742 1451 1771 scilicet
1479 1742 1505 1770 in
1532 1742 1609 1771 honis
1637 1742 1888 1780 eonyratulando,

1042 1789 1068 1817 in
1084 1789 1202 1817 miseriis
1217 1789 1401 1823 condolendo,
1414 1790 1440 1817 in
1456 1790 1618 1818 necessariis
1631 1789 1839 1818 succurrendo.
1852 1805 1888 1810 —-

1042 1836 1069 1863 ln
1093 1835 1171 1864 honis
1192 1836 1427 1873 congratulando
1435 1846 1445 1869 ,·
1467 1837 1593 1865 loannes:
1616 1836 1756 1864 Maiorem
1783 1835 1888 1864 horum
1906 1842 2028 1861 Gratulandu-

1042 1890 1100 1910 non
1121 1881 1210 1911 habeo
1230 1883 1374 1920 qratiam,
1396 1891 1486 1921 quam
1508 1887 1540 1911 ut
1555 1883 1693 1917 audiam,
1715 1883 1791 1919 filios
1812 1890 1889 1911 meos

1042 1929 1073 1957 in
1091 1930 1211 1958 veritate
1225 1929 1387 1958 ambulare.
1403 1930 1457 1958 Hoc
1472 1930 1552 1958 modo
1566 1930 1647 1959 etiam
1663 1930 1792 1958 hortatur
1808 1930 1889 1958 153135

1044 1976 1188 2004 Ecclesiam
1221 1977 1394 2013 congaudere
1426 1977 1506 2005 saluti
1539 1985 1654 2005 suorum
1682 1977 1887 2005 membrorum:

1048 2022 1139 2056 Tunc,
1161 2023 1259 2060 inquit,
1280 2023 1389 2052 videbis
1410 2029 1436 2052 et
1456 2024 1570 2061 afflues,
1593 2024 1753 2053 mirabitur
1768 2027 1794 2052 et
1813 2023 1888 2052 (tila-

1042 2069 1153 2097 tabitur
1181 2078 1232 2098 eor
1257 2074 1358 2103 tuum,
1380 2070 1499 2107 quando
1520 2079 1660 2099 conuersa
1680 2069 1772 2108 fuerit
1797 2070 1837 2098 ad
1865 2074 1888 2098 te

1040 2116 1196 2145 multitudo
1224 2117 1335 2150 inariS,
1364 2116 1507 2154 fortitudo
1532 2118 1664 2153 flentium
1692 2117 1801 2146 venerit
1828 2116 1886 2145 tibi.

1041 2163 1092 2192 Sed
1108 2163 1190 2192 invidi
1207 2167 1319 2192 econtra
1336 2164 1456 2197 faciunt,
1477 2164 1511 2193 de
1526 2164 1629 2201 quihus
1644 2164 1849 2193 Ecclesiasticus
1860 2164 1886 2191 9;

1043 2211 1126 2238 Bona
1137 2211 1169 2238 in
1180 2210 1260 2238 mala
1271 2214 1449 2239 conuertunt.
1466 2211 1509 2239 lsti
1526 2214 1600 2239 certe
1614 2211 1746 2240 deberent
1758 2211 1887 2239 confundi

1041 2257 1170 2293 exemplo
1193 2257 1316 2291 Balaam,
1345 2265 1427 2294 quem
1450 2265 1512 2286 cum
1542 2265 1594 2286 rex
1620 2258 1697 2286 Balac
1720 2261 1830 2286 vocaret
1854 2257 1887 2285 ad

1041 2304 1258 2332 maledicendum
1281 2304 1383 2341 populo
1405 2304 1502 2338 lsrael,
1524 2304 1674 2341 respondit,
1696 2304 1769 2341 quod
1784 2312 1888 2341 nequa-

1040 2358 1123 2387 quam
1146 2350 1212 2387 quid
1233 2350 1325 2379 dicere
1346 2354 1450 2388 posset,
1469 2359 1551 2388 quam
1567 2351 1640 2387 quod
1656 2351 1789 2380 Dominus
1810 2351 1887 2379 iuhe-

1040 2400 1090 2425 ret.
1114 2414 1152 2417 —
1173 2397 1200 2425 ln
1224 2397 1342 2426 miseriis
1363 2397 1537 2426 condolendo
1545 2408 1555 2431 ;
1576 2397 1649 2426 unde
1671 2398 1823 2434 Apostolus,
1845 2406 1887 2426 se·
1904 2404 2033 2424 eondotendo.

1040 2444 1146 2473 cundae
1167 2444 1199 2473 ad
1221 2444 1378 2473 Corinthios
1399 2445 1544 2473 undecimo
1561 2445 1598 2473 ¹⁰:
1621 2445 1744 2473 Praeter
1761 2453 1795 2473 ea
1813 2453 1888 2482 quae

1039 2491 1220 2519 extrinsecus
1240 2495 1320 2525 sunt,
1336 2491 1481 2520 instantia
1501 2500 1565 2520 mea
1583 2491 1766 2529 quotidiana,
1781 2491 1886 2520 solliei-

1041 2538 1109 2566 tudo
1130 2538 1262 2566 oninium
1285 2538 1491 2567 Eeclesiarum.
1509 2539 1581 2574 Quis
1599 2538 1782 2575 infirmatur,
1798 2542 1822 2567 et
1837 2547 1886 2576 eyo

1902 1701 1977 1725 Triplex
1990 1706 2029 1719 mo—

1905 1725 1939 1743 dus
1952 1725 2027 1748 agendi.

201 2681 207 2694 ¹
227 2682 282 2710 Cap.
300 2683 321 2710 9,
339 2683 379 2709 ‘283
396 2686 524 2711 sequuntur·
542 2684 576 2705 Vs.
596 2684 644 2710 106,
657 2684 677 2705 7.
691 2686 712 2706 61
724 2684 831 2711 Anselm.,
851 2684 936 2712 Dialog.
954 2684 983 2706 de

139 2721 205 2743 verit.
223 2727 242 2743 c.
265 2722 297 2743 13.

201 2758 210 2772 ²
228 2760 309 2781 Psalm.
331 2760 379 2787 106,
398 2759 419 2782 4.

201 2797 210 2809 ⁵
228 2798 292 2826 Quae
308 2801 435 2826 sequuntur
452 2799 528 2821 addita
547 2802 599 2821 sunt
616 2805 642 2822 ex
660 2800 739 2822 codice
756 2800 872 2827 Trecensi,
895 2801 934 2829 qui
953 2803 983 2822 ta-

139 2842 191 2858 111011
209 2836 294 2864 passim
314 2837 385 2859 multo
403 2836 496 2859 brevius
513 2840 535 2859 et
552 2844 621 2865 saepe
639 2841 725 2860 mutato
748 2839 830 2860 ordine
851 2844 982 2861 sermonem

138 2878 251 2902 reportat;
269 2875 396 2897 ostenditur
413 2877 456 2898 hoc
473 2876 637 2903 additamento,
649 2883 717 2904 supra
737 2877 775 2906 (de
792 2881 857 2905 porta
875 2876 981 2905 iustitiae)

139 2915 204 2942 plura
223 2914 340 2936 excidisse.

200 2953 209 2965 *¹
227 2953 282 2981 Cup.
305 2954 338 2982 12,
359 2954 377 2975 1.

1102 2683 1111 2696 ⁵
1128 2685 1158 2706 Ex
1176 2685 1227 2706 cod.
1245 2685 1353 2706 Trecensi
1377 2691 1398 2706 n.
1425 2684 1491 2706 1464.
1513 2685 1550 2706 sol.
1578 2685 1601 2706 18
1620 2691 1637 2706 r.
1660 2691 1713 2706 011111
1737 2685 1885 2711 inscriptione

1040 2722 1097 2745 boue
1114 2724 1236 2746 uventure.

1102 2760 1111 2773 ὓ
1130 2762 1195 2783 Vers.
1213 2762 1250 2783 113.

1103 2799 1111 2812 ⁷
1129 2800 1184 2828 Cap.
1202 2801 1227 2827 3,
1245 2801 1282 2822 23.
1300 2806 1360 2829 seq.;
1378 2801 1482 2829 sequitur
1500 2801 1546 2822 lsai.
1565 2801 1602 2827 61,
1624 2801 1641 2822 l.

1102 2838 1111 2851 ⁸
1128 2839 1198 2866 Epist.
1218 2840 1231 2861 l.
1249 2839 1300 2861 Cor.
1318 2845 1337 2861 0.
1356 2839 1377 2866 3,
1396 2840 1436 2866 t‘2;
1455 2842 1584 2867 sequuntur
1602 2840 1634 2861 lll.
1652 2840 1709 2861 10311.
1722 2846 1744 2861 v.
1759 2839 1779 2861 4.

1040 2878 1077 2904 fio,
1095 2878 1116 2899 5.

1102 2915 1112 2928 ⁰
1129 2916 1185 2944 Cap.
1207 2917 1240 2944 tt,
1257 2917 1299 2944 33;
1317 2916 1401 2939 deinde
1418 2917 1571 2944 respiciuntur
1587 2917 1652 2939 Num.
1672 2918 1708 2945 22,
1726 2918 1747 2940 5.
1764 2924 1812 2947 seq.
1828 2922 1849 2940 et
1865 2925 1883 2940 c.

1040 2955 1081 2983 24,
1103 2956 1136 2977 13.
1727 2956 1746 2969 ¹⁰
1765 2958 1829 2980 Vers.
1847 2958 1884 2980 23,

1797 2842 1819 2862 et
1836 2840 1885 2862 lsai.
