2243 3348
21 440 123 482 apii-obstul-

21 465 127 510 asaza.

25 510 96 529 ristiam
100 523 104 528 .

9 1632 85 1672 <lenutio
97 1652 121 1671 ad

24 1677 122 1700 Agnetem.

9 2077 53 2095 urta
66 2078 119 2101 para-

6 2100 39 2120 lisi
52 2101 71 2118 ot
83 2103 110 2116 iu·

6 2127 11 2138 ¹¹
32 2121 87 2142 rei-ni.

551 168 593 196 DE
615 167 738 196 SANCTA
759 167 887 196 AGNETE
909 168 1040 197 VlRGlNE
1063 169 1103 197 ET
1124 170 1288 198 MARTYRE.
1311 170 1420 198 SERMO
1442 170 1470 198 ll.
1827 172 1880 200 505

141 247 268 277 Ieremias
280 248 306 274 ¹:
323 246 480 282 Quomodo,
497 245 670 279 Ierusalem,
689 248 844 282 prostrata
861 244 910 273 cs?
931 246 983 281 Qui

139 294 223 322 habet
243 292 430 321 hierarchicas
450 291 622 320 ascensiones
643 299 696 319 non
714 293 802 327 potest
822 290 919 319 audire
934 299 984 319 nec

139 340 232 368 videre
253 346 303 367 nec
324 341 436 375 gustare
457 338 507 366 nisi
529 337 677 371 dilectum,
699 337 771 365 sicut
791 337 891 373 Agnes,
913 345 984 373 quae

139 385 320 415 ascensiones
341 386 371 413 iu
393 384 478 413 corde
497 392 551 412 suo
572 383 724 420 disposuit.
747 383 797 411 Per
818 390 929 411 sensum
944 386 984 411 ta—

140 436 201 462 ctus
222 440 334 461 sursum
356 432 408 460 fuit
428 433 546 459 attracta
559 434 586 459 et
600 430 699 459 dilecto
714 430 799 458 uuita.
815 446 852 450 —
868 429 919 458 Sed
934 430 983 458 im-

140 480 232 517 pletur
252 479 280 507 in
305 478 383 507 nobis
404 477 485 506 hodie
506 476 579 514 quod
600 476 725 505 dicitur²
746 476 779 505 de
802 476 864 504 filiis
885 476 983 510 lsrael,

139 526 186 563 qui
209 525 345 554 habebant
366 525 458 553 cibum
480 524 575 560 optimi
603 523 725 560 saporis,
747 526 774 551 et
802 525 893 551 tamen
916 530 983 551 nau-

138 572 233 601 seabat
253 579 334 608 sapor
349 579 396 600 eos
410 574 439 600 et
452 570 645 599 desiderabant
658 577 790 606 pepones,
805 568 878 597 allia
893 572 920 597 et
934 569 984 597 hu-

138 618 267 652 iusmodi,
288 626 359 655 quae
381 617 556 646 comederant
577 617 604 644 in
625 617 752 653 Aegypto.
775 615 983 644 Sanctissimum

139 665 345 694 Sacramentum
367 664 461 692 altaris
482 663 626 700 proposuit
647 663 725 691 nobis
740 663 767 691 in
789 662 892 696 cibum,
913 664 941 690 et
961 662 983 691 si

138 712 229 740 anima
249 711 401 747 susciperet
422 710 505 739 istum
527 709 619 738 cibum
641 717 706 738 cum
721 708 877 742 devotione,
893 711 984 745 posset

137 758 231 787 videre
247 757 399 786 mirabilem
416 757 463 786 Dei
479 757 639 793 potentiam,
654 755 869 793 pulcritudinem
891 758 918 783 et
936 755 983 783 bo-

137 805 260 834 nitatem.
289 805 343 833 Hoc
368 805 575 833 Sacramentum
597 805 724 832 venustat
745 802 872 831 decorem
895 802 984 830 Eccle-

138 852 208 886 siae;
230 850 364 888 quidquid
392 850 563 887 significatur
591 849 618 877 in
647 848 732 878 veteri
754 849 824 885 Lege
852 847 984 884 impletur

138 898 165 927 in
186 898 238 927 isto
260 898 443 926 Sacramento.
899 932 902 933 ⁷

215 945 314 974 Ultima
336 944 462 978 conditio,
484 951 571 981 quare
599 943 678 972 beata
698 943 786 979 Agnes
813 942 865 971 suit
886 941 984 970 amica

138 991 254 1025 Christi,
286 993 327 1019 est
356 993 468 1027 propter
495 989 730 1026 perseverantiae
755 988 983 1026 perennitatem;

115 1031 122 1036 ¹
137 1038 211 1067 unde
231 1038 259 1066 in
281 1037 435 1066 Proverbiis
446 1037 472 1065 3;
497 1036 582 1065 Omni
597 1032 721 1073 tempore
735 1035 831 1072 ailiya
845 1035 896 1073 qui
909 1035 983 1063 ami-

108 1078 115 1082 ·
138 1093 190 1114 cus
211 1088 258 1113 est.
283 1084 342 1120 Qui
358 1083 589 1121 perseveraverit
613 1092 704 1121 usquc
725 1083 764 1111 ad
789 1086 910 1111 mortem
938 1081 984 1110 lzz‘c

138 1132 239 1160 salvus
253 1131 316 1160 erit.
333 1132 361 1159 In
376 1131 493 1159 Canticis
507 1131 520 1147 4
540 1130 657 1159 dicitur:
674 1130 777 1167 Sur-qe,
793 1129 892 1158 amica
907 1137 982 1163 mea,

137 1177 270 1216 formosa
299 1186 372 1206 mea.
405 1178 471 1206 lam
498 1177 574 1205 enim
603 1175 694 1205 biems
722 1176 859 1210 transiit,
891 1175 983 1204 imber

138 1225 209 1254 abiit
236 1228 262 1253 et
288 1224 411 1253 recessit.
434 1240 472 1245 —-
494 1223 604 1261 Surgyc,
634 1223 732 1251 amica
760 1231 840 1257 mea,
863 1222 982 1256 scilicet,

137 1271 247 1309 quando
261 1272 352 1300 anima
366 1270 523 1308 egredietur
538 1270 571 1299 de
586 1278 710 1307 corpore.
733 1269 801 1298 Veui
814 1270 847 1298 de
861 1269 982 1302 Libano,

136 1319 211 1354 veui,
232 1318 428 1347 coronaberis.
449 1318 515 1346 Iam
537 1317 627 1346 biems
649 1317 777 1351 transiit,
799 1317 827 1345 id
854 1320 896 1345 est
916 1316 984 1345 diffi-

137 1366 225 1395 cultas
245 1365 278 1394 ad
300 1365 369 1394 bene
389 1365 576 1401 operandum;
598 1364 689 1393 imber
705 1363 787 1398 abiit,
809 1364 835 1392 id
857 1366 898 1392 est
919 1371 983 1400 pro-

136 1413 223 1447 nitas,
244 1420 315 1449 quae
336 1415 378 1441 est
392 1412 425 1441 ad
439 1412 550 1440 delicias
569 1412 701 1452 carnales,
727 1411 805 1448 quasi
826 1411 913 1439 dicat:
930 1411 982 1439 iam

136 1468 190 1489 non
212 1462 253 1489 est
267 1463 377 1496 tempus
398 1459 594 1492 tentationum,
610 1466 700 1495 neque
715 1461 756 1487 est
770 1458 921 1487 vacandum
936 1457 983 1486 de-

137 1507 206 1536 liciis
227 1506 391 1535 carnalibus.
408 1506 508 1534 Flores
523 1509 746 1542 appui-uerum,
761 1505 864 1534 scilicet
882 1505 982 1541 Marty-

136 1562 209 1583 rum.
225 1553 352 1590 Virgines
367 1556 431 1581 sunt
445 1552 529 1581 flores
543 1552 659 1586 candidi,
671 1555 699 1580 et
709 1552 843 1588 Martyres
858 1555 922 1580 sunt
936 1552 983 1580 flo-

135 1608 181 1630 res
193 1608 332 1634 rosarum;
344 1599 570 1628 circumdabant
586 1607 650 1627 eam
664 1598 749 1635 flores
760 1607 900 1627 rosarum
912 1599 931 1626 ⁵.
945 1615 982 1619 —

137 1648 187 1682 Tu,
208 1647 288 1676 beata
302 1647 398 1683 Agnes,
420 1654 449 1675 es
464 1646 515 1675 flos
529 1646 661 1674 candidus
676 1648 703 1674 et
718 1645 906 1680 rubicundus;
922 1645 982 1674 ideo

138 1694 224 1723 voluit
243 1694 386 1728 Dominus,
407 1693 481 1730 quod
502 1700 576 1722 esses
591 1692 746 1721 rubicunda
764 1692 896 1729 sanguine
918 1701 983 1729 pro-

136 1739 200 1778 prio'
225 1743 251 1769 et
271 1740 412 1769 varietate
433 1739 616 1776 supervestita
631 1739 651 1774 ⁶,
673 1739 744 1768 sicut
770 1739 903 1776 «capillis
930 1739 983 1767 fuit

135 1790 249 1822 tecta»,
269 1787 347 1824 quasi
368 1787 440 1816 dicat
461 1786 608 1815 Dominus:
631 1786 698 1815 Volo
719 1788 745 1815 te
770 1786 981 1823 transplantare.

136 1834 206 1871 Quid
227 1834 276 1863 tibi
298 1842 360 1863 cum
383 1834 506 1862 mundo?
528 1833 610 1867 Volo,
632 1833 706 1870 quod
727 1833 829 1862 habeas
849 1833 981 1862 ruborem

135 1881 282 1919 patientiae
304 1889 366 1910 cum
389 1880 507 1910 candore
534 1880 697 1917 pudicitiae;
726 1880 798 1909 sicut
824 1880 926 1908 dicitur
954 1879 981 1907 in

136 1928 267 1957 Canticis:
298 1927 423 1956 Dilectus
450 1935 531 1955 meus
562 1927 708 1955 candidus
732 1930 757 1955 et
787 1926 981 1955 rubicundus.

135 1975 219 2004 Filius
239 1975 359 2012 Virginis
381 1975 407 2002 in
429 1982 513 2003 cruce
534 1977 575 2002 est
596 1973 777 2003 rubloundus.

214 2022 375 2050 Coniunctio
386 2021 486 2050 Christi
498 2024 526 2050 et
536 2021 645 2057 Agnetis
659 2023 700 2049 est
714 2020 870 2049 coniunctio
885 2020 980 2057 Sponsi

135 2071 162 2098 et
183 2076 306 2106 sponsae.
329 2068 415 2105 Agnes
437 2068 519 2105 Virgo
540 2067 592 2096 fuit
613 2070 640 2096 et
660 2068 771 2104 Martyr.
793 2067 869 2096 Sicut
890 2075 982 2104 perse—

136 2116 260 2145 verantia
279 2116 308 2144 in
329 2115 400 2144 bono
422 2118 500 2152 porta
521 2118 562 2143 est
582 2114 718 2151 paradisi,
744 2114 782 2143 ita
802 2122 982 2151 perseveran-

136 2163 173 2192 tia
192 2163 221 2191 in
242 2163 313 2191 malo
334 2165 375 2191 est
396 2166 475 2199 porta
496 2161 610 2196 inferni3
633 2162 654 2190 si
676 2169 837 2198 perseveras
858 2161 981 2195 inbono,

135 2210 164 2239 in
191 2212 280 2239 morte
300 2210 393 2246 pulsas
414 2209 448 2238 ad
469 2212 576 2246 portam
605 2208 732 2245 paradisi.
761 2208 786 2237 Si
809 2211 900 2237 essent
926 2208 982 2237 duo

135 2257 269 2293 hospitia,
290 2264 377 2285 unum
400 2256 488 2285 simile
503 2255 645 2292 paradiso,
667 2255 742 2284 aliud
763 2255 850 2284 simile
865 2255 981 2289 inferno,

137 2305 164 2332 et
183 2303 323 2332 diceretur
344 2303 439 2332 nobis:
455 2303 482 2331 in
498 2302 549 2331 isto
565 2302 699 2339 recipient
714 2310 762 2331 vos
777 2302 895 2330 ministri
911 2303 982 2330 sicut

136 2349 164 2378 in
185 2349 312 2386 paradiso
333 2352 360 2378 et
381 2350 407 2378 in
429 2349 482 2378 alio
503 2349 574 2378 sicut
595 2349 623 2377 in
645 2348 767 2383 inferno;
789 2349 981 2385 circumspecti

137 2404 275 2431 essemus,
298 2397 371 2434 quod
399 2405 453 2425 non
476 2396 581 2425 iremus
601 2396 634 2424 ad
660 2396 758 2424 malam
779 2396 906 2429 domum,
935 2395 981 2424 sed

199 2565 208 2578 ¹
226 2565 281 2594 Cap.
299 2567 321 2593 3,
339 2567 365 2594 23
384 2566 494 2594 Vulgata:
516 2565 577 2593 Vide,
597 2565 692 2589 acinon
703 2567 826 2595 prostrata
842 2565 891 2594 sis;
908 2566 983 2594 sequi-

136 2608 173 2628 tur
191 2606 224 2628 Ρε.
242 2606 279 2633 83,
297 2605 318 2628 6.

199 2643 209 2657 ²
226 2644 294 2667 Num.
311 2645 353 2672 ll,
375 2645 397 2667 5.
417 2656 448 2661 —
471 2644 564 2667 lnrerius
586 2650 629 2672 pro
651 2643 758 2668 decorem
781 2644 898 2667 Ecclesiae
925 2645 982 2667 sorte

136 2684 261 2712 legendum
279 2683 361 2706 decore
377 2683 515 2707 Ecclesiam.

200 2721 209 2735 ³
226 2722 281 2751 Cap.
299 2723 340 2750 47,
358 2722 399 2751 l7;
416 2722 519 2751 sequitur
537 2723 613 2745 Matth.
631 2723 670 2751 10,
691 2723 730 2745 22.

199 2760 209 2773 ¹
226 2761 281 2789 Cap.
298 2762 325 2788 2,
344 2761 381 2783 lo.
397 2767 462 2789 seqq.

200 2799 210 2812 ⁶
228 2800 285 2822 Vide
301 2806 371 2827 supra
390 2806 444 2827 pag.
459 2799 511 2828 491,
529 2802 607 2822 notam
628 2801 663 2822 ll.

200 2838 209 2851 θ
226 2839 354 2866 Respicitur
372 2839 406 2861 Ps.
426 2838 466 2867 tt,
485 2839 511 2866 9;
528 2841 656 2867 sequuntur
667 2838 760 2865 Surius,
777 2839 819 2860 loc.
837 2838 873 2860 cit.
891 2838 904 2866 g
922 2838 943 2859 8.
959 2840 980 2859 et

137 2877 200 2901 Cant.
219 2877 240 2905 5,
259 2877 266 2899 l
274 2878 294 2899 0.
647 2875 656 2888 ⁷
674 2876 802 2905 Respicitur
818 2877 885 2899 Prov.
904 2877 925 2903 8,
943 2876 979 2897 18.

199 2915 209 2928 ⁸
226 2916 286 2939 Libr.
304 2916 333 2939 de
350 2916 458 2939 Oratione
474 2916 600 2944 dominica;
618 2916 647 2938 ita
669 2915 767 2938 sensisse
786 2915 808 2937 S.
825 2914 979 2943 Cyprianum,

138 2961 245 2984 expresse
261 2957 355 2978 testatur
372 2956 393 2977 S.
411 2955 516 2984 August,
534 2955 563 2977 de
580 2955 730 2983 Correptione
747 2956 769 2976 et
786 2954 865 2982 gratia,
880 2959 900 2975 c.
918 2953 939 2975 6.
958 2959 979 2975 n.

231 3002 259 3026 S.
274 3002 367 3025 Bonae.
382 3014 412 3019 -—
424 3002 495 3025 Tom.
509 3002 547 3024 lx.

1040 246 1074 274 ad
1094 246 1216 281 domum,
1232 247 1279 276 ubi
1301 251 1392 276 essent
1412 256 1477 284 opes
1491 248 1670 277 excellentiae
1691 251 1717 277 et
1738 248 1851 277 honoris
1863 248 1882 276 ⁷.

1039 309 1078 312 —
1099 293 1168 322 Dicit
1189 294 1303 330 aliquis:
1326 294 1393 323 Volo
1415 295 1514 329 vitam,
1535 295 1580 323 ibo
1594 295 1627 323 ad
1643 295 1813 323 contrarium
1829 299 1883 324 ter-
1900 302 2020 345 Offissfflflffl'

1040 339 1156 374 minum,
1178 340 1225 368 sed
1240 340 1391 376 poenitebo.
1408 341 1547 378 Loqueris,
1562 349 1593 370 ac
1607 341 1628 369 si
1645 344 1753 378 tempus
1768 342 1883 370 haberes

1040 385 1067 413 in
1089 385 1182 414 bursa.
1204 386 1357 423 Cyprianus
1372 387 1382 404 ²³
1404 388 1526 424 exponit,
1548 388 1620 425 quod
1642 388 1669 416 in
1691 388 1813 425 qualibet
1837 396 1883 425 pe-

1040 431 1135 460 titione
1156 433 1287 461 orationis
1314 433 1466 462 dominicae
1494 435 1598 471 petitur
1623 435 1834 471 perseverantia.
1857 436 1881 463 Si

1040 477 1154 507 desistas
1169 487 1183 507 a
1205 487 1306 513 cursu,
1335 480 1459 516 perditus
1480 489 1523 515 es:
1552 490 1638 510 unum
1661 485 1710 510 est.
1739 482 1808 518 Quia
1829 490 1882 510 non

1041 524 1094 552 cito
1116 525 1256 560 profertur
1277 527 1426 561 sententia,
1448 527 1508 556 ideo
1535 520 1582 556 filii
1610 528 1751 556 hominum
1779 528 1883 565 absque

1040 570 1098 599 ullo
1118 571 1217 599 timore
1239 576 1398 608 perpetrant
1420 574 1499 608 mala,
1516 578 1628 610 peccant
1650 575 1774 603 homines
1788 578 1814 603 et
1836 575 1883 603 im—

1041 617 1151 654 plentur
1172 618 1255 646 corda
1279 627 1375 647 eorum
1403 620 1513 649 malitia.
1537 621 1605 650 Dicit
1627 622 1774 651 Dominus:
1798 623 1881 657 Ecce,

1041 664 1139 692 amica
1159 673 1232 692 mea.
1256 665 1410 700 Videamus,
1432 667 1453 694 si
1475 675 1504 695 es
1525 667 1637 696 amicus.
1656 668 1681 696 Si
1705 676 1883 705 perseveran-

1041 710 1105 738 tiam
1128 711 1212 739 babes
1233 711 1260 739 in
1283 711 1352 739 bono
1367 713 1515 749 proposito.
1532 730 1568 734 -
1584 714 1696 751 Propter
1717 715 1879 744 oblationem

1041 757 1149 793 Agnetis
1170 757 1296 785 Christus
1312 758 1399 786 multa
1420 759 1490 787 bona
1512 760 1573 788 fecit
1588 761 1729 789 Ecclesiae.
1746 762 1881 791 Conversa

1041 806 1082 831 est
1104 803 1159 831 filia
1180 803 1353 839 imperatoris
1374 807 1401 832 et
1415 809 1532 841 purgata
1552 814 1568 834 a
1590 807 1665 843 lepra
1679 807 1699 841 ⁹,
1721 812 1748 836 et
1765 808 1827 836 data
1841 811 1882 837 est

1041 857 1097 885 pax
1119 850 1251 878 Ecclesiae
1273 853 1396 887 tempore
1417 852 1548 886 Silvestri,
1570 853 1617 889 qui
1637 857 1696 889 post
1716 854 1799 889 ipsam
1822 854 1880 883 fuit.

1043 895 1145 924 Habent
1166 896 1291 932 Virgines
1313 897 1443 926 virtutem
1472 906 1521 926 nos
1549 899 1730 933 castificandi;
1756 900 1815 929 ideo
1836 901 1881 929 de*

1040 942 1138 971 bemus
1159 942 1192 970 ad
1214 943 1286 979 ipsas
1307 951 1454 972 recurrere
1475 948 1501 973 et
1522 945 1669 981 implorare
1692 946 1812 982 ipsarum
1833 955 1883 975 au-

1041 989 1149 1017 xilium.
1172 989 1307 1025 Rogemus
1329 990 1475 1018 Dominum
1497 994 1547 1019 etc.

1374 1083 1465 1112 Sannio
1487 1084 1506 1112 ll
1518 1084 1550 1112 ¹⁰.

1121 1178 1199 1211 Ecce,
1212 1181 1241 1205 lu
1254 1177 1364 1214 pulcra
1379 1185 1418 1211 es,
1431 1178 1529 1205 amica
1544 1186 1617 1206 inea.
1638 1179 1715 1213 Ecce,
1732 1183 1763 1207 lu
1775 1179 1882 1216 pulcra

1040 1233 1078 1258 es,
1090 1224 1168 1253 oculi
1182 1225 1226 1252 tui
1239 1224 1442 1252 columbarum
1458 1227 1519 1259 etc,
1534 1224 1707 1253 Canticorum
1724 1226 1812 1262 primo
1825 1227 1856 1254 11.

1119 1271 1296 1306 (Prothema).
1327 1271 1514 1306 Quaeramus
1544 1271 1660 1300 domiuo
1690 1276 1788 1300 nostro
1821 1273 1883 1309 reci
1899 1280 2003 1298 proaem.

1040 1317 1284 1346 adolescentulam
1304 1317 1459 1355 virginem,
1481 1321 1505 1345 ct
1526 1321 1578 1346 stet
1598 1327 1699 1347 coram
1720 1327 1785 1355 repe
1800 1322 1823 1347 el
1837 1318 1881 1355 fo-

1039 1368 1103 1393 veat
1123 1373 1188 1393 eum
1209 1364 1239 1393 iu
1260 1364 1329 1393 sinu
1349 1373 1403 1392 suo
1425 1369 1449 1392 el
1477 1364 1632 1402 calefaciat
1660 1366 1809 1394 [lominum
1832 1375 1881 1394 uo—

1039 1416 1135 1440 strum
1156 1420 1268 1448 repent,
1291 1411 1363 1440 tertii
1386 1411 1488 1448 Regum
1511 1412 1609 1448 primo.

1118 1458 1155 1487 Ad
1177 1458 1297 1486 litteram
1319 1461 1360 1486 est
1381 1458 1497 1487 verbnm
1519 1466 1663 1487 servorum
1687 1459 1771 1487 David
1794 1460 1880 1496 regis3

1040 1505 1220 1542 spiritualiter
1242 1508 1283 1533 cst
1301 1505 1416 1533 verbnm
1432 1505 1595 1541 Angelorum
1611 1509 1637 1534 et
1651 1506 1880 1542 praedicatorum,

1040 1552 1088 1589 qui
1109 1560 1141 1581 ea
1162 1560 1232 1588 quae
1253 1552 1410 1588 concipiunt
1431 1555 1457 1580 et
1479 1552 1571 1580 vident
1585 1552 1611 1580 in
1628 1552 1688 1580 luce
1702 1555 1822 1586 aeterna,
1838 1553 1880 1581 vel

1040 1599 1218 1633 meditantur,
1240 1606 1271 1627 ea
1291 1598 1370 1627 nobis
1390 1598 1553 1626 annuntiant
1573 1602 1600 1627 et
1622 1602 1778 1635 proponunt
1792 1602 1819 1627 et
1833 1606 1880 1627 cu-

1040 1653 1098 1674 ram
1122 1646 1223 1674 habent
1243 1645 1276 1674 de
1297 1653 1379 1682 grege
1399 1645 1506 1673 Domini
1535 1648 1663 1682 tanquam
1697 1645 1759 1673 boni
1791 1645 1879 1679 servi,

1040 1693 1158 1730 qualiter
1179 1701 1249 1729 grex
1273 1692 1377 1721 Domini
1399 1692 1539 1721 nutriatur
1560 1695 1586 1720 et
1608 1696 1735 1728 pascatur
1751 1692 1879 1729 spiritua-

1039 1740 1101 1768 liter
1122 1743 1149 1768 et
1171 1739 1319 1768 reducatur
1341 1739 1367 1767 in
1390 1739 1462 1767 illam
1484 1738 1627 1767 civilatem
1652 1746 1816 1775 supernam,
1838 1739 1879 1766 Ie-

1039 1786 1168 1815 rusalem
1190 1785 1335 1814 caelestem
1348 1786 1379 1813 ¹2.
1402 1786 1432 1814 Et
1454 1786 1524 1813 inter
1547 1785 1590 1813 illa
1611 1792 1681 1821 quae
1702 1785 1794 1821 Angeli
1815 1785 1878 1813 boni

1039 1833 1096 1861 sive
1117 1833 1319 1869 praedicatores
1339 1832 1442 1865 dicunt,
1457 1831 1563 1865 dicunt,
1579 1831 1652 1868 quod
1672 1834 1816 1869 quaerant
1830 1831 1879 1859 do-

1038 1880 1117 1908 miuo
1138 1888 1191 1907 suo
1213 1879 1277 1916 regii
1296 1878 1537 1907 adolescentulam
1559 1878 1700 1915 virginem
1722 1881 1783 1912 etc,
1798 1878 1823 1905 id
1839 1880 1880 1906 est

1038 1926 1156 1955 animam
1170 1927 1385 1962 incorruptam,
1395 1925 1564 1962 prudentem
1578 1928 1604 1953 et
1619 1927 1752 1953 sensatam
1765 1927 1791 1952 et
1803 1932 1879 1952 (tmo-

1038 1982 1139 2001 rosam
1150 1977 1178 2001 et
1189 1973 1447 2010 contemplativam.
1461 1972 1561 2005 Talem,
1571 1971 1679 2008 quando
1691 1971 1877 2008 quaesierunt,

1039 2020 1204 2049 invenerunt
1219 2019 1369 2056 Virginem,
1385 2019 1487 2047 scilicet
1501 2018 1655 2055 gloriosam.
1672 2018 1702 2046 Et
1718 2020 1777 2053 post
1792 2017 1876 2053 ipsam

1038 2067 1172 2095 adductae
1187 2070 1251 2095 sunt
1266 2066 1322 2103 regi
1338 2066 1406 2094 aliae
1422 2065 1546 2102 Virgines
1560 2065 1593 2093 ad
1608 2065 1765 2100 exemplum
1783 2063 1877 2100 ipsius,

1038 2114 1117 2142 beata
1138 2114 1224 2150 Agnes
1245 2115 1271 2141 et
1286 2112 1361 2140 aliae.
1377 2111 1452 2140 Unde
1467 2114 1494 2140 et
1509 2111 1606 2139 merito
1621 2119 1670 2147 pro
1685 2111 1764 2138 beata
1778 2110 1877 2146 Agnete

1039 2164 1065 2189 et
1085 2161 1145 2189 aliis
1166 2160 1271 2188 utimur
1293 2159 1377 2187 verbo
1398 2158 1545 2194 proposito.
1568 2158 1619 2186 Ista
1634 2161 1725 2185 autem
1741 2157 1822 2193 Virgo
1838 2156 1877 2184 in-

1039 2211 1120 2237 venta
1140 2207 1192 2235 suit
1214 2207 1239 2234 in
1263 2206 1379 2235 Ecclesia
1400 2206 1446 2233 Dei
1469 2208 1495 2233 et
1517 2205 1655 2241 proposita
1669 2204 1728 2232 aliis
1743 2204 1769 2231 iu
1784 2211 1877 2231 exem—

1038 2255 1132 2291 plum,
1154 2253 1219 2290 quia
1240 2253 1414 2289 incorrupta
1435 2252 1487 2280 fnit
1514 2255 1541 2280 et
1572 2254 1680 2284 sancta,
1711 2250 1776 2287 quia
1804 2258 1877 2286 pru-

1039 2301 1108 2329 deus
1129 2303 1155 2329 et
1176 2302 1292 2333 sensata,
1313 2299 1378 2335 quia
1400 2307 1547 2331 avuorosa,
1562 2298 1627 2333 quia
1641 2296 1877 2333 contemplativam

1038 2352 1063 2376 et
1084 2346 1212 2384 calefecit
1234 2346 1390 2374 Dominum
1408 2348 1540 2373 nostrum
1558 2345 1668 2380 Reqem,
1684 2343 1748 2379 quia
1763 2343 1814 2371 fuit
1828 2351 1876 2371 ex-

1039 2395 1158 2423 cessivae
1170 2393 1298 2422 caritatis.
1312 2409 1349 2413 —
1360 2393 1398 2420 De
1410 2392 1461 2420 ista
1473 2391 1581 2428 Virgine
1593 2390 1724 2418 debemus
1742 2389 1876 2426 cogitare;

1040 2565 1074 2586 «lO.
1093 2568 1115 2587 et
1131 2564 1160 2586 de
1178 2564 1241 2585 Dono
1260 2561 1441 2590 perseverantiae
1466 2566 1484 2582 c.
1503 2560 1525 2582 2.
1542 2566 1565 2581 n.
1583 2559 1604 2581 4.
1622 2562 1643 2581 et
1661 2565 1680 2581 c.
1698 2560 1735 2581 21.
1747 2565 1769 2580 n.
1794 2558 1830 2580 55.
1847 2570 1877 2574 -

1039 2604 1084 2626 Sed
1101 2604 1124 2625 in
1141 2605 1200 2625 textu
1219 2608 1260 2630 pro
1279 2601 1302 2623 iu
1320 2599 1421 2630 qualibet
1434 2598 1545 2628 petitione
1567 2598 1644 2626 potius
1661 2597 1785 2625 legendum
1803 2600 1836 2619 est
1853 2596 1876 2619 in

1036 2642 1117 2672 prima
1130 2641 1248 2671 petitione.

1100 2679 1109 2692 ⁹
1126 2680 1214 2706 Sui-ius,
1231 2680 1274 2701 loc.
1290 2679 1327 2701 cit.
1343 2678 1357 2706 <5
1375 2678 1412 2700 115.
1428 2683 1477 2705 seq.

1101 2719 1119 2732 ¹⁰
1136 2720 1166 2741 Ex
1184 2719 1235 2741 cod.
1253 2717 1371 2740 parisiensi
1389 2723 1409 2738 n.
1430 2715 1513 2738 16499.
1532 2716 1569 2737 101.
1588 2716 1644 2742 300,
1661 2715 1690 2737 de
1702 2720 1748 2743 quo
1766 2715 1805 2736 etr.
1819 2714 1876 2735 Hau-

1037 2758 1099 2785 re'au,
1112 2758 1203 2781 Notices
1215 2758 1237 2779 et
1254 2755 1362 2779 Ea‘troits
1374 2758 1424 2781 etc„
1437 2757 1490 2776 tom.
1505 2754 1532 2776 V.
1544 2760 1597 2781 pag.
1610 2754 1617 2775 =l
1626 2753 1718 2775 >tl-154.
1732 2753 1822 2775 Praeter
1834 2759 1878 2774 ser-

1037 2803 1117 2819 mones
1135 2787 1155 2818 in
1173 2796 1234 2817 dicto
1251 2795 1302 2817 cod.
1320 2795 1493 2816 Bonaveuturae
1511 2793 1624 2820 ascriptos
1641 2795 1693 2814 sunt
1710 2791 1742 2813 ibi
1764 2791 1799 2813 alil
1823 2797 1877 2812 ano—

1036 2836 1106 2863 nymi,
1115 2835 1190 2857 eidem
1203 2837 1277 2856 tamen
1290 2835 1313 2856 S.
1325 2832 1415 2855 Ductori
1429 2832 1550 2855 tribuendi.
1563 2832 1621 2853 inter
1631 2837 1690 2859 quos
1699 2831 1766 2852 etiam
1777 2836 1877 2858 sequens

1036 2880 1112 2897 sermo
1130 2873 1173 2895 iam
1193 2873 1267 2895 indole
1284 2874 1306 2894 et
1322 2871 1437 2894 sententiis
1454 2871 1501 2892 suis
1518 2871 1702 2892 Bonavcntumin
1722 2869 1828 2890 insinuat.

1098 2911 1116 2924 ¹¹
1135 2913 1200 2934 Vers.
1218 2912 1225 2932 l
1234 2911 1253 2933 li.
1272 2923 1301 2926 —
1319 2911 1438 2933 Protliema
1457 2909 1552 2931 liabetur
1570 2909 1602 2931 lll.
1619 2909 1675 2936 Reg.
1695 2908 1715 2935 l,
1733 2908 1755 2929 2.

1098 2950 1117 2963 ¹²
1134 2950 1263 2978 Respicitur
1280 2949 1348 2971 Hebr.
1367 2949 1406 2977 12,
1423 2949 1461 2970 22,

1753 2992 1782 3014 64

1902 723 1922 741 S.
1935 724 2013 747 Agnetis

1898 746 1969 765 fructus
1981 752 2014 771 pro

1912 770 2001 789 Ecclesia.
