2243 3348
305 189 361 217 750
992 185 1091 213 INDEX
1113 184 1361 213 ALPHABETlCUS.

304 267 407 289 Pastores
424 265 577 294 loquebantur
594 267 629 287 etc
632 280 996 287 ..........
1027 268 1084 292 puy.

303 314 346 335 Pax
365 312 431 335 vobis
443 326 1037 334 ................
1072 317 1083 330 »

304 361 344 382 l’er
362 360 428 381 aliam
448 359 508 380 xiam
527 358 614 380 reversi
632 362 685 380 511111
701 361 736 380 etc
739 373 1037 380 .........
1071 365 1082 375 ³·

397 415 408 426 )1
539 414 549 425 D
680 414 690 424 ))
756 420 1038 427 ........
1072 412 1082 423 Ὠ

304 454 344 475 Per
361 453 482 481 proprium
500 452 636 480 sanguinem
654 451 755 474 introivit
772 454 807 474 etc
809 467 1038 474 .......
1072 458 1082 470 n

303 501 379 527 Petite,
397 503 418 522 et
436 499 552 527 accipietis
569 502 603 522 etc.
606 514 1039 521 ............
1073 505 1083 517 u

304 548 446 570 Plantaverat
462 549 539 569 autem
558 545 668 569 Dominus
685 546 744 568 Deus
761 545 896 573 paradisum
918 547 960 567 etc.
995 561 1000 567 .
1034 561 1040 566 .
1073 552 1083 564 »

304 596 379 621 Porro,
397 594 415 616 si
434 594 455 616 in
473 593 545 622 digito
563 593 603 615 Dei
621 593 687 615 elicio
704 592 825 615 daemonia
843 595 886 614 etc.
915 610 920 614 .
954 609 959 614 ,
993 607 999 612 .
1033 608 1039 613 .
1073 600 1083 610 ι)

304 642 391 664 Ρο511115
409 644 442 663 051
460 641 497 663 1110
515 641 535 662 in
553 640 642 663 ruinam
660 643 695 663 etc
697 655 1038 662 ..........
1072 646 1083 658 »

303 690 354 711 Post
372 689 474 711 triduum
493 688 631 710 invenerunt
648 688 710 710 illum
728 689 763 709 010
766 702 1040 709 ........
1073 693 1083 705 n

304 738 426 765 Postquam
444 735 596 758 consummati
614 738 667 757 sunt
684 735 733 757 dies
750 737 802 757 octo
820 737 855 756 etc
858 750 1039 756 ......
1073 741 1083 753 1>

397 793 408 803 1)
540 790 551 804 1)
679 790 689 802 1)
823 789 834 802 1)
877 798 1040 804 .....
1073 789 1083 800 1)

397 840 408 851 1)
538 838 549 851 1)
681 839 691 850 D
822 838 832 849 1)
877 845 1039 851 .....
1074 836 1083 848 1)

395 888 406 899 n
537 887 547 899 1)
678 886 688 897 1)
820 885 830 897 1)
875 893 1038 899 .....
1072 884 1082 895 1)

398 935 406 946 1)
537 934 549 946 1)
679 934 689 945 11
820 932 830 944 D
875 939 1037 945 .....
1071 931 1082 943 l)

302 974 426 1002 Postquam
445 972 531 1000 impleti
549 974 602 994 sunt
619 972 668 994 dies
685 970 829 999 purgationis
847 972 889 992 etc.
916 986 921 991 .
955 987 960 991 .
995 986 1000 991 .
1034 986 1040 991 .
1074 978 1083 989 u

304 1020 407 1047 Posuisti,
426 1020 529 1047 Domine,
553 1019 574 1041 in
598 1018 672 1046 capite
694 1018 744 1040 eius
761 1020 796 1040 etc
799 1033 1040 1039 .......
1074 1026 1083 1036 n

304 1068 370 1090 Posui
389 1073 438 1094 ros,
457 1070 481 1089 ut
498 1067 553 1089 eatis
570 1068 592 1088 01
610 1067 709 1087 fructum
727 1065 826 1087 afferatis
843 1067 885 1087 etc.
916 1081 921 1086 .
956 1081 962 1086 .
995 1081 1000 1086 .
1034 1081 1039 1085 .
1073 1072 1084 1083 22

303 1116 411 1143 Princeps
428 1120 454 1137 ea
472 1120 532 1143 quae
549 1116 602 1136 511111
619 1113 688 1141 digna
706 1112 810 1141 principe
827 1111 938 1140 cogitabit
955 1129 959 1133 .
995 1129 1000 1133 .
1034 1128 1040 1133 .
1074 1120 1083 1131 »

303 1162 409 1185 Probavil
428 1168 464 1184 me
481 1161 548 1190 qnasi
565 1167 648 1183 aurum
666 1163 701 1183 etc
703 1176 1040 1182 ..........
1073 1168 1084 1178 »2

303 1210 411 1232 Produxit
428 1209 540 1231 Dominus
558 1208 618 1230 Deus
635 1208 664 1230 de
682 1209 753 1230 humo
770 1210 813 1229 etc.
836 1224 841 1229 .
876 1224 880 1229 .
915 1223 920 1228 .
954 1223 960 1228 .
994 1223 1000 1228 .
1033 1224 1038 1228 .
1072 1215 1083 1226 u

304 1257 414 1284 Propheta
434 1262 532 1283 magnus
549 1255 648 1277 surrexit
671 1254 693 1276 in
716 1253 782 1276 nobis
800 1256 834 1276 etc
838 1269 1038 1276 ......
1073 1261 1084 1272 »ι

398 1312 407 1323 11
539 1311 549 1322 D
681 1311 690 1321 1)
822 1309 831 1320 1)
876 1316 1039 1322 -----
1072 1308 1083 1320 >1

398 1360 407 1370 1)
538 1359 548 1370 ο
678 1357 689 1368 Ἰ)
821 1356 830 1367 lv
875 1363 1037 1369 .....
1072 1355 1082 1367 1>

304 1398 361 1419 Puer
379 1398 454 1424 lsrael,
470 1400 492 1418 et
508 1396 573 1418 dilexi
591 1402 644 1417 eum
679 1412 684 1417 .
719 1412 723 1416 .
757 1412 762 1416 .
836 1410 1039 1416 ......
1073 1402 1083 1413 »ι

305 1444 413 1472 Purgabit
432 1444 489 1466 filios
506 1443 559 1465 Lex-i
578 1446 612 1465 010
616 1457 1039 1464 ............
1073 1449 1083 1460 υ

398 1499 406 1510 1)
539 1498 548 1509 1)
638 1504 1039 1510 ...........
1073 1496 1083 1507 1>

715 1582 738 1609 Q

303 1679 467 1707 Quaecumque
485 1677 569 1705 scripta
587 1680 647 1703 511111,
665 1676 693 1699 ad
719 1678 822 1698 nostram
840 1679 874 1698 etc
877 1692 1040 1698 .....
1073 1684 1084 1695 1>

397 1734 406 1745 D
538 1733 548 1744 11
680 1732 689 1743 1)
821 1731 831 1742 ))
1073 1730 1084 1742 71

303 1773 409 1801 Quaerite
428 1772 559 1799 Dominum,
576 1772 633 1794 dum
652 1771 748 1793 inveniri
766 1773 841 1798 potest
874 1786 1038 1792 .....
1073 1778 1084 1789 ι»

303 1820 409 1848 Quaerite
427 1820 529 1847 primum
547 1825 645 1846 regnum
664 1818 704 1840 Dei
721 1821 756 1840 etc
759 1833 1040 1840 ........
1074 1824 1083 1836 1>

398 1875 407 1885 n
539 1874 549 1885 1)
680 1874 689 1884 1)
795 1879 1039 1886 .......
1073 1871 1083 1882 ¹²

303 1913 372 1941 Quasi
391 1912 474 1935 cedrus
492 1912 513 1934 in
531 1912 618 1934 Libano
641 1927 1039 1933 ...........
1073 1917 1084 1929 υ

303 1960 372 1988 Quasi
391 1960 433 1982 ssos
450 1965 555 1981 rosarum
574 1959 596 1981 in
614 1958 697 1981 diebus
714 1958 791 1980 vernis
809 1960 843 1980 etc
846 1974 1038 1979 ......
1073 1965 1083 1976 n

398 2015 407 2026 11
539 2015 550 2025 n
681 2014 691 2025 1)
821 2013 831 2024 1)
878 2021 1040 2027 .....
1073 2012 1083 2023 ¹³

303 2054 374 2082 Quasi
391 2053 501 2081 plantatio
518 2059 584 2075 rosae
601 2053 622 2075 in
641 2053 726 2075 lericho
760 2067 1040 2074 ........
1075 2060 1085 2071 1>

304 2101 346 2129 Qui
364 2100 469 2123 aedificat
487 2100 508 2122 in
527 2100 590 2122 caelo
616 2099 773 2122 ascensionem
795 2104 861 2121 suam
879 2100 922 2121 etc.
956 2115 961 2120 .
996 2115 1001 2120 .
1035 2115 1040 2120 .
1073 2106 1083 2118 υ

304 2148 346 2176 Qui
364 2148 450 2170 crearit
467 2153 505 2169 me
521 2147 635 2176 requievit
651 2149 686 2168 010
689 2162 843 2168 .....
861 2130 875 2140 Ὺ
877 2162 1040 2168 .....
1074 2153 1084 2165 1>

304 2195 347 2223 Qui
365 2195 437 2217 credit
454 2195 478 2216 in
496 2200 541 2221 me,
558 2194 616 2217 sicut
632 2194 687 2216 dicit
704 2194 822 2221 Scriptura
839 2195 874 2215 etc
877 2209 1039 2215 .....
1072 2200 1083 2212 »

304 2241 449 2270 Quicumque
467 2241 543 2263 fecerit
561 2241 700 2263 voluntatem
723 2240 795 2262 Patris
816 2239 862 2262 mei
879 2242 921 2262 etc.
955 2256 961 2261 .
995 2256 1001 2260 .
1034 2255 1039 2260 .
1073 2247 1084 2258 n

304 2289 450 2317 Quicumque
469 2288 554 2315 Spiritu
572 2288 613 2309 Dei
630 2291 731 2315 aguntur
747 2290 782 2309 etc
785 2303 1038 2308 ........
1072 2294 1082 2305 1³

304 2335 345 2363 Qui
365 2334 484 2357 deseendit
500 2334 550 2362 ipse
567 2336 601 2356 est
617 2336 639 2356 et
656 2334 696 2362 qui
714 2333 817 2356 ascendit
834 2335 869 2355 etc
871 2349 1040 2355 .....
1072 2340 1083 2352 ι)

399 2391 408 2401 n
540 2390 551 2401 ))
681 2389 692 2401 1)
822 2388 832 2401 D
1073 2388 1083 2399 1>

398 2438 409 2448 ))
540 2437 551 2447 1)
682 2437 691 2448 11
824 2436 833 2447 D
1073 2435 1082 2446 11

304 2475 346 2503 Qui
366 2475 417 2497 facit
435 2475 575 2497 voluntatem
593 2474 664 2497 Patris
682 2474 727 2496 mei
744 2477 779 2496 010
782 2490 1039 2496 ........
1074 2481 1085 2494 1)

304 2524 348 2552 Qui
365 2524 419 2551 legit
436 2524 545 2551 intelligat
559 2538 1040 2545 .............
1073 2530 1083 2541 »

305 2570 347 2598 Qui
365 2576 432 2592 mane
450 2570 545 2598 vigilant
562 2570 591 2591 ad
609 2576 645 2591 me
664 2569 780 2591 invenient
806 2574 843 2591 me
876 2585 1038 2591 .....
1073 2577 1083 2588 »

305 2617 347 2645 Qui
365 2617 432 2639 sedes
449 2623 519 2644 super
536 2616 661 2639 Cherubim
683 2620 718 2638 010
721 2632 1039 2638 .........
1073 2624 1082 2636 n

305 2665 346 2693 Qui
365 2671 389 2686 se
407 2663 511 2686 humiliat
528 2663 663 2685 exaltabitur
682 2679 1039 2685 ..........
1073 2671 1084 2682 ι)

304 2711 347 2739 Qui
365 2710 444 2732 timent
461 2710 584 2732 Dominum
602 2709 773 2737 praeparabunt
790 2709 859 2731 corda
877 2715 918 2732 sua
935 2712 978 2732 etc.
995 2726 1001 2730 .
1035 2726 1040 2731 .
1072 2718 1082 2729 n

304 2758 364 2786 Quid
381 2758 448 2779 detur
466 2756 515 2783 tibi,
533 2759 571 2778 aut
588 2756 644 2785 qnid
667 2758 796 2784 apponatur
818 2755 858 2778 tibi
879 2758 921 2778 010.
955 2773 960 2778 .
994 2773 1000 2778 .
1033 2772 1039 2778 .
1073 2765 1083 2776 ι»

305 2805 360 2833 Quis
378 2808 411 2826 est
429 2804 481 2826 hic?
500 2807 521 2826 et
538 2803 684 2826 laudabimus
701 2810 754 2825 eum
772 2807 807 2826 etc
810 2820 1038 2825 .......
1072 2812 1082 2823 υ

305 2852 360 2880 Quis
379 2851 433 2873 mihi
450 2851 488 2873 det
507 2853 528 2872 le
546 2852 637 2873 fratrem
660 2856 737 2872 meum
756 2853 791 2873 ete
794 2868 1038 2873 .......
1074 2860 1082 2870 υ

305 2900 371 2929 Quod
389 2901 465 2921 autern
484 2899 505 2920 in
524 2898 609 2920 bonam
627 2901 709 2920 terram
728 2901 762 2920 etc
765 2915 1038 2920 ........
1072 2907 1082 2918 1»

305 2946 474 2975 Quodcumque
491 2945 572 2967 dixerit
589 2944 663 2971 vobis,
681 2945 746 2966 facite
757 2961 1037 2966 ........
1072 2953 1082 2964 n

1104 262 1147 284 124

1103 309 1147 331 292

1105 356 1143 377 101

1107 403 1148 425 163

1104 449 1149 471 239

1104 497 1128 519 31
1140 497 1144 518 1

1108 544 1149 565 122

1104 591 1149 612 222

1106 638 1149 660 1211

1106 685 1149 707 174

1106 733 1149 755 139

1109 780 1149 802 140

1106 827 1150 850 143

1119 874 1150 897 ib.

1118 922 1150 944 ib.

1104 969 1149 991 653

1106 1016 1149 1038 485

1105 1063 1149 1086 517

1106 1111 1145 1133 491

1104 1159 1150 1180 565

1107 1207 1112 1227 1
1124 1207 1148 1228 16

1105 1252 1149 1274 413

1105 1299 1150 1322 414

1118 1346 1150 1368 ib.

1105 1392 1149 1415 495

1105 1440 1148 1462 631

1105 1487 1149 1509 637

1120 1675 1149 1697 103·

1121 1722 1149 1743 53

1104 1769 1149 1791 212

1106 1815 1149 1838 407

1106 1862 1149 1884 410

1121 1909 1149 1931 30

1105 1956 1144 1978 491

1105 2003 1149 2026 498

1107 2051 1145 2073 491

1105 2098 1150 2120 319

1105 2145 1145 2166 671

1105 2192 1149 2214 330

1105 2238 1150 2260 212

1104 2285 1148 2307 387

1104 2332 1149 2354 319

1104 2380 1144 2401 321

1104 2427 1148 2448 336

1104 2473 1149 2495 384

1104 2521 1149 2543 455

1105 2569 1148 2590 1126

1105 2615 1149 2637 165

1105 2663 1149 2685 302

1105 2898 1148 2920 1193

1108 2945 1148 2967 182

1204 262 1271 290 Quod
1289 262 1350 284 enim
1368 263 1389 285 in
1407 269 1432 285 ea
1451 264 1530 285 natum
1548 265 1582 284 est
1598 264 1633 285 etc
1636 279 1902 286 ........
1932 270 1989 294 paq.

1205 310 1319 338 Quoniam
1337 310 1391 332 estis
1408 309 1446 331 filii
1464 309 1503 331 Dei
1521 312 1556 332 etc
1559 326 1942 333 ...........
1976 319 1986 331 1>

1617 402 1636 426 Η

1206 496 1349 519 Rationabile
1365 496 1394 519 sit
1410 496 1548 525 obsequium
1568 499 1670 520 vestrum
1702 515 1942 521 .......
1975 507 1985 519 2·

1207 543 1318 565 Retloruit
1334 549 1388 565 caro
1412 548 1463 566 mea
1496 560 1940 568 ............
1975 554 1987 566 1)

1302 599 1311 610 n
1443 599 1453 610 11
1499 607 1942 615 ............
1976 601 1986 613 1)

1302 646 1313 657 1)
1443 646 1455 658 )>
1502 655 1944 662 ............
1978 647 1988 660 l)

1208 685 1298 707 Relictis
1316 684 1433 712 omnibus,
1449 685 1522 708 secuti
1539 687 1593 708 sunt
1611 692 1665 708 eum
1699 703 1942 709 .......
1976 695 1987 707 »

1207 732 1307 761 Reliquit
1323 738 1376 754 eum
1394 732 1501 755 diabolus
1518 735 1553 755 etc
1555 749 1943 756 ...........
1977 743 1987 755 n

1207 778 1361 800 Renovamini
1377 778 1459 806 spiritu
1477 778 1560 801 mentis
1577 781 1669 802 vestrae
1686 782 1721 802 etc
1723 796 1944 803 .......
1977 789 1988 800 n

1301 834 1312 845 n
1443 834 1452 846 1)
1584 834 1595 846 1)
1742 843 1944 849 ......
1978 835 1987 848 D

1301 881 1312 892 ))
1443 881 1452 892 1)
1585 882 1594 893 1)
1740 890 1942 896 ......
1975 882 1986 894 ²⁷

1207 920 1300 942 Resedit
1316 919 1356 948 qui
1374 923 1422 942 erat
1440 922 1545 942 mortuus
1562 923 1596 942 etc
1599 937 1944 943 ..........
1977 929 1987 941 ι

1208 967 1322 994 Respicite
1339 969 1361 989 et
1377 967 1452 989 levate
1474 967 1548 995 capita
1566 969 1642 989 vestra
1665 970 1700 990 etc
1703 984 1944 990 .......
1977 976 1988 988 ι»

1207 1014 1357 1041 Resplenduit
1376 1014 1445 1036 facies
1461 1014 1511 1036 eius
1528 1014 1587 1036 sicut
1611 1015 1644 1036 sol
1663 1017 1697 1037 etc
1700 1031 1943 1037 .......
1974 1023 1985 1035 »

1301 1069 1312 1080 n
1443 1069 1453 1081 1)
1585 1070 1594 1081 1)
1738 1078 1944 1084 ......
1977 1070 1987 1082 1)

1207 1109 1253 1130 Rex
1271 1110 1356 1135 autem,
1374 1114 1427 1130 cum
1445 1108 1555 1135 audisset,
1572 1108 1643 1131 iratus
1660 1111 1694 1131 est
1711 1111 1746 1131 etc
1749 1125 1944 1131 ......
1977 1117 1987 1129 1)

1620 1202 1640 1225 S

1208 1296 1304 1318 Sanctus
1321 1296 1342 1318 in
1360 1296 1473 1324 sapientia
1491 1299 1569 1318 manet
1586 1299 1610 1319 ut
1627 1297 1659 1318 sol
1662 1313 1943 1319 ........
1977 1306 1987 1318 υ

1207 1343 1386 1365 sanctificamini
1402 1343 1483 1371 hodie;
1500 1349 1551 1365 cras
1566 1343 1626 1365 enim
1639 1345 1674 1365 etc
1676 1359 1944 1366 ........
1977 1352 1987 1364 »

1302 1399 1311 1410 1)
1445 1399 1454 1410 1)
1585 1399 1596 1410 »
1701 1407 1943 1413 .......
1976 1399 1987 1412 1²

1208 1437 1322 1466 Sapientia
1342 1437 1442 1460 hominis
1459 1438 1519 1459 lucet
1536 1437 1557 1459 in
1575 1437 1639 1460 vultu
1658 1437 1707 1460 eius
1741 1455 1943 1461 ......
1976 1447 1986 1458 1³

1302 1493 1312 1505 11
1443 1493 1452 1505 D
1585 1493 1595 1504 7)
1741 1501 1943 1508 ......
1977 1494 1987 1505 D

1207 1532 1348 1559 Sapientiam
1366 1532 1414 1554 sine
1432 1531 1522 1554 fictione
1539 1531 1610 1554 didici
1627 1534 1662 1554 etc
1665 1549 1943 1555 ........
1976 1541 1988 1552 »

1208 1579 1298 1606 Scitote,
1316 1579 1426 1608 quoniam
1444 1584 1518 1607 prope
1535 1581 1569 1601 est
1586 1584 1684 1606 regnum
1703 1579 1744 1601 Dei
1781 1595 1944 1601 .....
1978 1587 1987 1600 n

1207 1626 1352 1654 Sequebatur
1369 1631 1422 1648 eum
1449 1625 1572 1648 multitudo
1598 1631 1682 1654 magna
1704 1629 1739 1648 etc
1742 1643 1944 1649 ......
1977 1635 1987 1647 1)

1207 1673 1279 1695 Servcv
1295 1679 1405 1701 nequam,
1422 1679 1492 1695 omne
1509 1672 1614 1695 debitum
1632 1676 1667 1695 etc
1670 1689 1942 1696 ........
1977 1682 1987 1694 n

1301 1729 1312 1740 1)
1443 1729 1454 1740 1)
1585 1728 1594 1740 1)
1703 1737 1942 1743 .......
1978 1729 1988 1741 D

1208 1768 1244 1789 Sic
1262 1774 1303 1790 nos
1320 1767 1433 1790 existimet
1451 1769 1520 1790 homo
1538 1770 1562 1790 ut
1585 1767 1701 1790 ministros
1723 1767 1805 1790 Christi
1822 1769 1865 1790 etc.
1899 1785 1904 1790 .
1938 1785 1943 1790 .
1976 1776 1987 1789 »

1302 1823 1313 1835 17
1444 1823 1454 1835 1)
1585 1823 1594 1835 D
1726 1823 1738 1834 7)
1977 1824 1986 1835 1)

1302 1871 1313 1882 ))
1443 1870 1454 1882 >1
1587 1871 1596 1882 1)
1728 1870 1738 1882 1>
1979 1870 1989 1883 1)

1301 1918 1311 1930 1)
1445 1917 1455 1930 1)
1584 1918 1595 1929 11
1726 1917 1736 1929 1)
1975 1918 1987 1929 1>

1207 1957 1229 1979 Si
1247 1956 1423 1979 consurrexistis
1439 1963 1493 1979 eum
1510 1956 1600 1979 Christo
1625 1959 1660 1979 etc
1663 1972 1944 1978 ........
1977 1965 1988 1977 »

1302 2012 1312 2023 1)
1442 2012 1452 2024 1)
1583 2011 1594 2023 >l
1702 2019 1943 2025 .......
1976 2012 1987 2024 1)

1207 2051 1270 2073 Sicut
1287 2052 1320 2073 sol
1339 2050 1416 2073 oriens
1441 2050 1528 2073 mundo
1546 2053 1581 2072 ete
1584 2067 1944 2073 ..........
1976 2059 1987 2071 D

1301 2107 1311 2118 1)
1443 2107 1453 2118 1)
1622 2114 1943 2120 .........
1978 2106 1988 2118 1>

1207 2146 1305 2173 Signum
1324 2151 1434 2173 magnum
1453 2145 1559 2173 apparuit
1578 2145 1598 2167 in
1622 2145 1685 2167 caelo
1702 2147 1737 2168 010
1740 2161 1944 2167 ......
1977 2153 1988 2165 ›>

1208 2192 1229 2214 Si
1249 2192 1323 2214 inveni
1341 2192 1439 2220 gratiam
1457 2192 1479 2214 in
1497 2194 1622 2220 conspectu
1646 2194 1685 2214 tuo
1703 2194 1738 2214 etc
1741 2208 1944 2214 ......
1975 2199 1987 2212 ))

1208 2239 1286 2261 Simile
1303 2241 1336 2261 est
1354 2245 1452 2266 regnum
1470 2238 1586 2261 caelorum
1603 2241 1638 2261 010
1641 2255 1942 2261 .........
1976 2247 1988 2259 »

1302 2295 1311 2307 D
1444 2294 1454 2306 D
1584 2295 1593 2306 D
1663 2302 1942 2308 ........
1976 2295 1986 2306 1³

1207 2333 1292 2355 Similis
1310 2334 1382 2355 sactus
1399 2336 1433 2355 est
1449 2333 1507 2355 leoni
1525 2333 1548 2355 in
1566 2332 1677 2361 operibus
1694 2333 1742 2356 51115
1759 2335 1801 2355 etc.
1819 2349 1825 2355 .
1858 2349 1864 2355 .
1898 2350 1903 2355 .
1937 2350 1943 2355 .
1976 2341 1986 2353 »

1207 2380 1229 2402 Si
1247 2380 1299 2409 quis
1315 2386 1446 2402 sermonem
1465 2386 1542 2402 meum
1560 2380 1688 2403 servaverit
1705 2382 1739 2402 etc
1743 2397 1943 2402 ......
1977 2389 1987 2400 »

1207 2427 1229 2449 Si
1247 2427 1366 2449 veritatem
1385 2427 1436 2449 (lico
1454 2426 1522 2449 vobis
1547 2429 1581 2449 etc
1584 2443 1943 2449 ..........
1976 2435 1986 2447 n

1207 2474 1299 2496 Solliciti
1316 2480 1409 2496 servare
1427 2474 1536 2496 unitatem
1553 2474 1647 2502 spiritus
1667 2476 1710 2497 etc.
1739 2492 1743 2497 .
1779 2491 1785 2497 .
1818 2490 1824 2496 .
1856 2491 1862 2496 .
1898 2492 1903 2496 .
1938 2491 1943 2496 .
1978 2481 1989 2495 1)

1208 2521 1312 2543 Solutum
1330 2524 1364 2543 est
1381 2520 1498 2543 vinculum
1515 2521 1608 2549 linguae
1630 2521 1679 2544 eius
1702 2523 1736 2543 etc
1739 2537 1941 2543 ......
1975 2529 1986 2541 »

1207 2568 1293 2596 Spiritu
1312 2570 1432 2595 ferventes,
1452 2569 1548 2591 Domino
1566 2569 1693 2591 servientes
1710 2571 1745 2591 etc
1748 2584 1942 2590 ......
1976 2576 1986 2587 n

1207 2616 1305 2644 Spiritus
1323 2616 1413 2638 Domini
1437 2616 1527 2638 ornavit
1549 2617 1625 2639 caelos
1658 2632 1941 2639 ........
1977 2622 1988 2637 »

1207 2664 1273 2685 Stans
1290 2666 1351 2685 retro
1368 2669 1435 2685 secus
1452 2663 1523 2691 pedes
1541 2663 1631 2685 Domini
1660 2679 1942 2685 ........
1975 2670 1987 2681 υ

1207 2709 1285 2732 Statim
1304 2709 1380 2731 veniet
1397 2710 1425 2732 ad
1443 2710 1554 2737 templum
1573 2712 1608 2732 010
1611 2725 1942 2732 ..........
1976 2717 1987 2728 »

1207 2757 1337 2784 Stephanus
1354 2757 1437 2784 plenus
1454 2756 1525 2784 gratia
1544 2759 1566 2779 et
1589 2757 1721 2779 fortitudine
1743 2758 1778 2779 010
1781 2772 1941 2778 .....
1976 2764 1985 2775 11

1301 2812 1310 2823 Ἠ
1443 2812 1452 2823 11
1584 2812 1595 2823 1)
1725 2812 1735 2824 D
1937 2820 1942 2824 .
1976 2811 1987 2822 Ὠ

1301 2859 1311 2870 x»
1441 2859 1452 2870 ))
1582 2859 1593 2871 1)
1725 2859 1735 2871 1>
1936 2866 1941 2872 .
1976 2858 1986 2870 D

1207 2898 1321 2920 Steterunt
1338 2904 1349 2919 a
1368 2898 1436 2925 longe
1453 2900 1475 2919 01
1492 2899 1627 2920 levaverunt
1644 2904 1725 2920 rocem
1743 2900 1778 2920 etc
1781 2913 1941 2920 .....
1975 2905 1984 2917 ¹³

1206 2945 1280 2972 Surge
1298 2948 1319 2966 et
1336 2945 1415 2972 accipe
1433 2945 1532 2967 Puerum
1551 2948 1585 2967 010
1588 2961 1940 2967 ..........
1975 2952 1986 2963 ι»

2022 265 2051 286 99

2010 311 2051 333 132

2008 1297 2053 1320 519

2024 1344 2052 1366 96

2023 1391 2053 1414 97

2009 1439 2052 1461 498

2008 1485 2053 1508 562

2008 1532 2054 1555 524

2024 1579 2053 1602 40

2008 1627 2049 1649 231

2009 1673 2054 1697 435

2009 1721 2053 1743 438

2024 1769 2054 1791 85

2022 1815 2054 1837 ib.

2025 1862 2054 1884 36

2023 1909 2054 1932 ib.

2009 1956 2054 1979 275

2008 2050 2053 2072 708

2008 2098 2053 2120 712

2008 2144 2053 2167 700

2025 2191 2052 2214 48

2012 2239 2053 2261 192

2009 2286 2053 2309 1195

2008 2333 2052 2355 510

2008 2379 2053 2402 237

2008 2426 2053 2449 240

2009 2474 2049 2496 421

2008 2519 2053 2542 395

2011 2567 2052 2589 182

2007 2615 2052 2637 330

2007 2661 2052 2684 554

2007 2707 2052 2730 649

2007 2755 2051 2777 478

2008 2802 2051 2824 482

2007 2849 2051 2872 484

2007 2896 2051 2919 403

2008 2943 2051 2965 Ἰ144
