<?xml version="1.0" encoding="UTF-8"?>
<!DOCTYPE html PUBLIC "-//W3C//DTD XHTML 1.0 Transitional//EN"
    "http://www.w3.org/TR/xhtml1/DTD/xhtml1-transitional.dtd">
<html xmlns="http://www.w3.org/1999/xhtml" xml:lang="en" lang="en">
 <head>
  <title>
</title>
<meta http-equiv="Content-Type" content="text/html;charset=utf-8" />
  <meta name='ocr-system' content='tesseract 3.04.00' />
  <meta name='ocr-capabilities' content='ocr_page ocr_carea ocr_par ocr_line ocrx_word'/>
</head>
<body>
  <div class='ocr_page' id='page_1' title='image "./doctorisseraphic09bona_0607.png"; bbox 0 0 2243 3348; ppageno 0'>
   <div class='ocr_carea' id='block_1_1' title="bbox 10 783 102 874">
    <p class='ocr_par' dir='ltr' id='par_1_1' title="bbox 10 783 102 857">
     <span class='ocr_line' id='line_1_1' title="bbox 27 783 82 803; baseline -0.018 0"><span class='ocrx_word' id='word_1_1' title='bbox 27 783 49 803; x_wconf 71' lang='lat' dir='ltr'>Jrs</span> <span class='ocrx_word' id='word_1_2' title='bbox 61 784 82 803; x_wconf 86' lang='lat' dir='ltr'>lt.</span> 
     </span>
     <span class='ocr_line' id='line_1_2' title="bbox 13 808 97 829; baseline -0.012 -2"><span class='ocrx_word' id='word_1_3' title='bbox 13 810 23 829; x_wconf 74' lang='grc' dir='ltr'><strong>ι</strong></span> <span class='ocrx_word' id='word_1_4' title='bbox 31 808 97 827; x_wconf 81' lang='lat' dir='ltr'>virtute</span> 
     </span>
     <span class='ocr_line' id='line_1_3' title="bbox 10 833 102 857; baseline -0.011 -7"><span class='ocrx_word' id='word_1_5' title='bbox 10 833 49 857; x_wconf 57' lang='lat' dir='ltr'>fiius</span> <span class='ocrx_word' id='word_1_6' title='bbox 61 836 102 855; x_wconf 87' lang='lat' dir='ltr'>pro·</span> 
     </span>
    </p>

    <p class='ocr_par' dir='ltr' id='par_1_2' title="bbox 31 857 66 874">
     <span class='ocr_line' id='line_1_4' title="bbox 31 857 66 874; baseline -0.029 0"><span class='ocrx_word' id='word_1_7' title='bbox 31 857 66 874; x_wconf 72' lang='lat' dir='ltr'>ata.</span> 
     </span>
    </p>
   </div>
   <div class='ocr_carea' id='block_1_2' title="bbox 0 1159 100 1207">
    <p class='ocr_par' dir='ltr' id='par_1_3' title="bbox 0 1159 100 1207">
     <span class='ocr_line' id='line_1_5' title="bbox 0 1159 100 1188; baseline -0.02 -9"><span class='ocrx_word' id='word_1_8' title='bbox 0 1159 48 1188; x_wconf 52' lang='lat' dir='ltr'>Elqus</span> <span class='ocrx_word' id='word_1_9' title='bbox 60 1163 100 1185; x_wconf 79' lang='lat' dir='ltr'>pro-</span> 
     </span>
     <span class='ocr_line' id='line_1_6' title="bbox 13 1183 86 1207; baseline -0.027 -6"><span class='ocrx_word' id='word_1_10' title='bbox 13 1187 33 1207; x_wconf 76' lang='grc' dir='ltr'>μ·</span> <span class='ocrx_word' id='word_1_11' title='bbox 45 1183 86 1200; x_wconf 78' lang='lat' dir='ltr'>tna.</span> 
     </span>
    </p>
   </div>
   <div class='ocr_carea' id='block_1_3' title="bbox 15 1242 98 1323">
    <p class='ocr_par' dir='ltr' id='par_1_4' title="bbox 15 1242 98 1323">
     <span class='ocr_line' id='line_1_7' title="bbox 21 1242 22 1255; baseline 0 0"><span class='ocrx_word' id='word_1_12' title='bbox 21 1242 22 1255; x_wconf 80' lang='lat' dir='ltr'>l</span> 
     </span>
     <span class='ocr_line' id='line_1_8' title="bbox 21 1262 22 1291; baseline 0 0"><span class='ocrx_word' id='word_1_13' title='bbox 21 1262 22 1291; x_wconf 69' lang='lat' dir='ltr'>l</span> 
     </span>
     <span class='ocr_line' id='line_1_9' title="bbox 15 1297 98 1323; baseline -0.036 -3"><span class='ocrx_word' id='word_1_14' title='bbox 15 1297 22 1320; x_wconf 81' lang='lat' dir='ltr'>Ii</span> <span class='ocrx_word' id='word_1_15' title='bbox 34 1299 98 1323; x_wconf 79' lang='lat' dir='ltr'>primo.</span> 
     </span>
    </p>
   </div>
   <div class='ocr_carea' id='block_1_4' title="bbox 3 1486 103 1552">
    <p class='ocr_par' dir='ltr' id='par_1_5' title="bbox 3 1486 103 1552">
     <span class='ocr_line' id='line_1_10' title="bbox 11 1486 97 1514; baseline -0.012 -9"><span class='ocrx_word' id='word_1_16' title='bbox 11 1486 20 1514; x_wconf 66' lang='lat' dir='ltr'>t&gt;</span> <span class='ocrx_word' id='word_1_17' title='bbox 29 1486 97 1510; x_wconf 78' lang='lat' dir='ltr'>duplici</span> 
     </span>
     <span class='ocr_line' id='line_1_11' title="bbox 3 1512 103 1552; baseline 0.02 -2"><span class='ocrx_word' id='word_1_18' title='bbox 3 1512 103 1552; x_wconf 49' lang='lat' dir='ltr'>‘illata&#39;</span> 
     </span>
    </p>
   </div>
   <div class='ocr_carea' id='block_1_5' title="bbox 16 909 28 1657">
    <p class='ocr_par' dir='ltr' id='par_1_6' title="bbox 16 909 28 1657">
     <span class='ocr_line' id='line_1_12' title="bbox 16 909 28 1657; baseline 0 0"><span class='ocrx_word' id='word_1_19' title='bbox 16 909 28 1657; x_wconf 95' lang='lat' dir='ltr'> </span> 
     </span>
    </p>
   </div>
   <div class='ocr_carea' id='block_1_6' title="bbox 5 2511 97 2558">
    <p class='ocr_par' dir='ltr' id='par_1_7' title="bbox 5 2511 97 2558">
     <span class='ocr_line' id='line_1_13' title="bbox 5 2511 97 2535; baseline 0 0"><span class='ocrx_word' id='word_1_20' title='bbox 5 2511 11 2534; x_wconf 43' lang='grc' dir='ltr'>ἶ.</span> <span class='ocrx_word' id='word_1_21' title='bbox 25 2517 97 2535; x_wconf 80' lang='lat' dir='ltr'>Franci-</span> 
     </span>
     <span class='ocr_line' id='line_1_14' title="bbox 21 2545 68 2558; baseline 0 0"><span class='ocrx_word' id='word_1_22' title='bbox 21 2545 68 2558; x_wconf 78' lang='lat' dir='ltr'>scus.</span> 
     </span>
    </p>
   </div>
   <div class='ocr_carea' id='block_1_7' title="bbox 612 137 1367 166">
    <p class='ocr_par' dir='ltr' id='par_1_8' title="bbox 612 137 1367 166">
     <span class='ocr_line' id='line_1_15' title="bbox 612 137 1367 166; baseline -0.001 0"><span class='ocrx_word' id='word_1_23' title='bbox 612 138 653 166; x_wconf 86' lang='lat' dir='ltr'>DE</span> <span class='ocrx_word' id='word_1_24' title='bbox 675 138 700 166; x_wconf 87' lang='lat' dir='ltr'>S.</span> <span class='ocrx_word' id='word_1_25' title='bbox 724 138 826 166; x_wconf 73' lang='lat' dir='ltr'>PATRE</span> <span class='ocrx_word' id='word_1_26' title='bbox 846 137 979 166; x_wconf 80' lang='lat' dir='ltr'>NOSTRO</span> <span class='ocrx_word' id='word_1_27' title='bbox 1001 137 1186 166; x_wconf 77' lang='lat' dir='ltr'>FRANClSCO.</span> <span class='ocrx_word' id='word_1_28' title='bbox 1209 137 1318 165; x_wconf 78' lang='lat' dir='ltr'>SERMO</span> <span class='ocrx_word' id='word_1_29' title='bbox 1340 138 1367 165; x_wconf 88' lang='lat' dir='ltr'>ll.</span> 
     </span>
    </p>
   </div>
   <div class='ocr_carea' id='block_1_8' title="bbox 116 215 964 1844">
    <p class='ocr_par' dir='ltr' id='par_1_9' title="bbox 118 215 963 719">
     <span class='ocr_line' id='line_1_16' title="bbox 119 215 961 253; baseline -0.002 -7"><span class='ocrx_word' id='word_1_30' title='bbox 119 217 272 249; x_wconf 84' lang='lat' dir='ltr'>rhetorica;</span> <span class='ocrx_word' id='word_1_31' title='bbox 299 216 451 252; x_wconf 76' lang='lat' dir='ltr'>respondeo</span> <span class='ocrx_word' id='word_1_32' title='bbox 479 216 542 245; x_wconf 88' lang='lat' dir='ltr'>tihi:</span> <span class='ocrx_word' id='word_1_33' title='bbox 571 215 742 253; x_wconf 80' lang='lat' dir='ltr'>eloquentia;</span> <span class='ocrx_word' id='word_1_34' title='bbox 772 215 912 249; x_wconf 86' lang='lat' dir='ltr'>similiter,</span> <span class='ocrx_word' id='word_1_35' title='bbox 940 215 961 244; x_wconf 90' lang='lat' dir='ltr'>si</span> 
     </span>
     <span class='ocr_line' id='line_1_17' title="bbox 119 262 963 300; baseline -0.004 -7"><span class='ocrx_word' id='word_1_36' title='bbox 119 263 240 294; x_wconf 83' lang='lat' dir='ltr'>secundo</span> <span class='ocrx_word' id='word_1_37' title='bbox 260 263 421 300; x_wconf 87' lang='lat' dir='ltr'>quaesieris,</span> <span class='ocrx_word' id='word_1_38' title='bbox 442 267 491 291; x_wconf 88' lang='lat' dir='ltr'>aut</span> <span class='ocrx_word' id='word_1_39' title='bbox 512 263 606 296; x_wconf 88' lang='lat' dir='ltr'>tertio,</span> <span class='ocrx_word' id='word_1_40' title='bbox 628 266 676 291; x_wconf 84' lang='lat' dir='ltr'>aut</span> <span class='ocrx_word' id='word_1_41' title='bbox 704 262 725 291; x_wconf 87' lang='lat' dir='ltr'>si</span> <span class='ocrx_word' id='word_1_42' title='bbox 748 262 851 291; x_wconf 79' lang='lat' dir='ltr'><strong>centies</strong></span> <span class='ocrx_word' id='word_1_43' title='bbox 879 270 963 299; x_wconf 88' lang='lat' dir='ltr'>quae-</span> 
     </span>
     <span class='ocr_line' id='line_1_18' title="bbox 119 308 963 345; baseline -0.002 -7"><span class='ocrx_word' id='word_1_44' title='bbox 119 309 212 343; x_wconf 83' lang='lat' dir='ltr'>sieriS,</span> <span class='ocrx_word' id='word_1_45' title='bbox 235 316 344 345; x_wconf 81' lang='lat' dir='ltr'>semper</span> <span class='ocrx_word' id='word_1_46' title='bbox 366 308 551 345; x_wconf 85' lang='lat' dir='ltr'>respondetur</span> <span class='ocrx_word' id='word_1_47' title='bbox 573 308 637 337; x_wconf 88' lang='lat' dir='ltr'>tibi:</span> <span class='ocrx_word' id='word_1_48' title='bbox 660 308 824 345; x_wconf 75' lang='lat' dir='ltr'>eloquentia.</span> <span class='ocrx_word' id='word_1_49' title='bbox 845 309 882 336; x_wconf 91' lang='lat' dir='ltr'>lta</span> <span class='ocrx_word' id='word_1_50' title='bbox 903 308 963 336; x_wconf 88' lang='lat' dir='ltr'>dico</span> 
     </span>
     <span class='ocr_line' id='line_1_19' title="bbox 121 355 963 392; baseline -0.002 -7"><span class='ocrx_word' id='word_1_51' title='bbox 121 356 166 385; x_wconf 90' lang='lat' dir='ltr'>tibi</span> <span class='ocrx_word' id='word_1_52' title='bbox 187 363 223 384; x_wconf 82' lang='lat' dir='ltr'>ex</span> <span class='ocrx_word' id='word_1_53' title='bbox 247 358 323 392; x_wconf 89' lang='lat' dir='ltr'>parte</span> <span class='ocrx_word' id='word_1_54' title='bbox 345 355 411 389; x_wconf 63' lang='lat' dir='ltr'>ista}</span> <span class='ocrx_word' id='word_1_55' title='bbox 434 356 455 383; x_wconf 86' lang='lat' dir='ltr'>si</span> <span class='ocrx_word' id='word_1_56' title='bbox 478 363 611 392; x_wconf 75' lang='lat' dir='ltr'>quaeras:</span> <span class='ocrx_word' id='word_1_57' title='bbox 634 355 700 391; x_wconf 86' lang='lat' dir='ltr'>quid</span> <span class='ocrx_word' id='word_1_58' title='bbox 722 358 762 383; x_wconf 89' lang='lat' dir='ltr'>est</span> <span class='ocrx_word' id='word_1_59' title='bbox 792 355 963 391; x_wconf 78' lang='lat' dir='ltr'>philosophia</span> 
     </span>
     <span class='ocr_line' id='line_1_20' title="bbox 119 401 963 438; baseline -0.002 -7"><span class='ocrx_word' id='word_1_60' title='bbox 119 403 288 432; x_wconf 81' lang='lat' dir='ltr'>christiana?</span> <span class='ocrx_word' id='word_1_61' title='bbox 311 402 462 438; x_wconf 79' lang='lat' dir='ltr'>respondeo</span> <span class='ocrx_word' id='word_1_62' title='bbox 478 402 542 430; x_wconf 85' lang='lat' dir='ltr'>tibi:</span> <span class='ocrx_word' id='word_1_63' title='bbox 563 402 718 435; x_wconf 85' lang='lat' dir='ltr'>humilitas;</span> <span class='ocrx_word' id='word_1_64' title='bbox 733 402 868 435; x_wconf 84' lang='lat' dir='ltr'>similiter,</span> <span class='ocrx_word' id='word_1_65' title='bbox 884 402 905 430; x_wconf 87' lang='lat' dir='ltr'>si</span> <span class='ocrx_word' id='word_1_66' title='bbox 921 401 963 430; x_wconf 87' lang='lat' dir='ltr'>bis</span> 
     </span>
     <span class='ocr_line' id='line_1_21' title="bbox 118 449 963 485; baseline -0.001 -7"><span class='ocrx_word' id='word_1_67' title='bbox 118 453 166 478; x_wconf 87' lang='lat' dir='ltr'>aut</span> <span class='ocrx_word' id='word_1_68' title='bbox 188 452 228 478; x_wconf 88' lang='lat' dir='ltr'>ter</span> <span class='ocrx_word' id='word_1_69' title='bbox 249 452 298 477; x_wconf 85' lang='lat' dir='ltr'>aut</span> <span class='ocrx_word' id='word_1_70' title='bbox 312 449 414 477; x_wconf 90' lang='lat' dir='ltr'>centies</span> <span class='ocrx_word' id='word_1_71' title='bbox 429 449 589 485; x_wconf 86' lang='lat' dir='ltr'>quaesieris,</span> <span class='ocrx_word' id='word_1_72' title='bbox 605 457 713 485; x_wconf 88' lang='lat' dir='ltr'>semper</span> <span class='ocrx_word' id='word_1_73' title='bbox 727 449 814 477; x_wconf 87' lang='lat' dir='ltr'>dicam</span> <span class='ocrx_word' id='word_1_74' title='bbox 831 449 894 477; x_wconf 88' lang='lat' dir='ltr'>tibi:</span> <span class='ocrx_word' id='word_1_75' title='bbox 912 449 963 477; x_wconf 91' lang='lat' dir='ltr'>bu-</span> 
     </span>
     <span class='ocr_line' id='line_1_22' title="bbox 119 495 963 532; baseline 0.001 -9"><span class='ocrx_word' id='word_1_76' title='bbox 119 496 217 524; x_wconf 86' lang='lat' dir='ltr'>militas</span> <span class='ocrx_word' id='word_1_77' title='bbox 231 507 258 523; x_wconf 71' lang='lat' dir='ltr'>n.</span> <span class='ocrx_word' id='word_1_78' title='bbox 281 495 334 524; x_wconf 90' lang='lat' dir='ltr'>Hoc</span> <span class='ocrx_word' id='word_1_79' title='bbox 356 495 453 524; x_wconf 86' lang='lat' dir='ltr'>suadet</span> <span class='ocrx_word' id='word_1_80' title='bbox 469 495 654 532; x_wconf 81' lang='lat' dir='ltr'>Evangelium,</span> <span class='ocrx_word' id='word_1_81' title='bbox 670 503 720 524; x_wconf 90' lang='lat' dir='ltr'>nec</span> <span class='ocrx_word' id='word_1_82' title='bbox 735 499 776 524; x_wconf 90' lang='lat' dir='ltr'>est</span> <span class='ocrx_word' id='word_1_83' title='bbox 797 496 894 532; x_wconf 79' lang='lat' dir='ltr'>pagina</span> <span class='ocrx_word' id='word_1_84' title='bbox 914 504 963 524; x_wconf 86' lang='lat' dir='ltr'>nec</span> 
     </span>
     <span class='ocr_line' id='line_1_23' title="bbox 119 542 963 579; baseline -0.001 -8"><span class='ocrx_word' id='word_1_85' title='bbox 119 543 188 571; x_wconf 87' lang='lat' dir='ltr'>linea</span> <span class='ocrx_word' id='word_1_86' title='bbox 210 542 236 570; x_wconf 92' lang='lat' dir='ltr'>in</span> <span class='ocrx_word' id='word_1_87' title='bbox 257 550 336 570; x_wconf 88' lang='lat' dir='ltr'>sacra</span> <span class='ocrx_word' id='word_1_88' title='bbox 357 543 514 578; x_wconf 75' lang='lat' dir='ltr'>Scriptura,</span> <span class='ocrx_word' id='word_1_89' title='bbox 535 550 606 579; x_wconf 88' lang='lat' dir='ltr'>quae</span> <span class='ocrx_word' id='word_1_90' title='bbox 628 551 680 570; x_wconf 87' lang='lat' dir='ltr'>non</span> <span class='ocrx_word' id='word_1_91' title='bbox 709 542 846 579; x_wconf 85' lang='lat' dir='ltr'>praedicet</span> <span class='ocrx_word' id='word_1_92' title='bbox 872 542 963 570; x_wconf 90' lang='lat' dir='ltr'>humi—</span> 
     </span>
     <span class='ocr_line' id='line_1_24' title="bbox 118 589 962 625; baseline 0 -8"><span class='ocrx_word' id='word_1_93' title='bbox 118 590 229 618; x_wconf 80' lang='lat' dir='ltr'>litatem.</span> <span class='ocrx_word' id='word_1_94' title='bbox 252 589 277 616; x_wconf 81' lang='lat' dir='ltr'>Si</span> <span class='ocrx_word' id='word_1_95' title='bbox 294 589 480 625; x_wconf 76' lang='lat' dir='ltr'>superbimus,</span> <span class='ocrx_word' id='word_1_96' title='bbox 497 589 619 617; x_wconf 86' lang='lat' dir='ltr'>cadimus</span> <span class='ocrx_word' id='word_1_97' title='bbox 634 598 647 617; x_wconf 83' lang='lat' dir='ltr'>a</span> <span class='ocrx_word' id='word_1_98' title='bbox 667 597 730 617; x_wconf 84' lang='lat' dir='ltr'>vera</span> <span class='ocrx_word' id='word_1_99' title='bbox 751 589 883 625; x_wconf 77' lang='lat' dir='ltr'>sapientia</span> <span class='ocrx_word' id='word_1_100' title='bbox 900 589 962 617; x_wconf 87' lang='lat' dir='ltr'>Pro-</span> 
     </span>
     <span class='ocr_line' id='line_1_25' title="bbox 118 636 962 673; baseline 0 -9"><span class='ocrx_word' id='word_1_101' title='bbox 118 637 264 673; x_wconf 87' lang='lat' dir='ltr'>phetarum</span> <span class='ocrx_word' id='word_1_102' title='bbox 286 639 313 664; x_wconf 89' lang='lat' dir='ltr'>et</span> <span class='ocrx_word' id='word_1_103' title='bbox 334 636 534 672; x_wconf 77' lang='lat' dir='ltr'>Apostolorum.</span> <span class='ocrx_word' id='word_1_104' title='bbox 558 652 593 656; x_wconf 84' lang='lat'>-—</span> <span class='ocrx_word' id='word_1_105' title='bbox 618 636 692 664; x_wconf 85' lang='lat' dir='ltr'>Patet</span> <span class='ocrx_word' id='word_1_106' title='bbox 713 636 792 664; x_wconf 89' lang='lat' dir='ltr'>modo</span> <span class='ocrx_word' id='word_1_107' title='bbox 813 636 846 664; x_wconf 87' lang='lat' dir='ltr'>de</span> <span class='ocrx_word' id='word_1_108' title='bbox 873 636 962 664; x_wconf 89' lang='lat' dir='ltr'>humi-</span> 
     </span>
     <span class='ocr_line' id='line_1_26' title="bbox 118 682 606 719; baseline 0 -8"><span class='ocrx_word' id='word_1_109' title='bbox 118 683 191 711; x_wconf 90' lang='lat' dir='ltr'>litate</span> <span class='ocrx_word' id='word_1_110' title='bbox 211 683 282 711; x_wconf 83' lang='lat' dir='ltr'>beati</span> <span class='ocrx_word' id='word_1_111' title='bbox 305 683 439 711; x_wconf 82' lang='lat' dir='ltr'>Francisci</span> <span class='ocrx_word' id='word_1_112' title='bbox 462 682 606 719; x_wconf 85' lang='lat' dir='ltr'>profunda.</span> 
     </span>
    </p>

    <p class='ocr_par' dir='ltr' id='par_1_10' title="bbox 116 729 964 1844">
     <span class='ocr_line' id='line_1_27' title="bbox 197 729 962 766; baseline 0.001 -9"><span class='ocrx_word' id='word_1_113' title='bbox 197 730 223 757; x_wconf 94' lang='lat' dir='ltr'>ll.</span> <span class='ocrx_word' id='word_1_114' title='bbox 246 729 452 766; x_wconf 81' lang='lat' dir='ltr'>Aliquantulum</span> <span class='ocrx_word' id='word_1_115' title='bbox 475 729 599 758; x_wconf 80' lang='lat' dir='ltr'>dicamus</span> <span class='ocrx_word' id='word_1_116' title='bbox 619 729 652 757; x_wconf 89' lang='lat' dir='ltr'>de</span> <span class='ocrx_word' id='word_1_117' title='bbox 683 729 787 757; x_wconf 75' lang='lat' dir='ltr'>virtute</span> <span class='ocrx_word' id='word_1_118' title='bbox 815 729 874 757; x_wconf 88' lang='lat' dir='ltr'>eius</span> <span class='ocrx_word' id='word_1_119' title='bbox 893 738 962 766; x_wconf 84' lang='lat' dir='ltr'>pro-</span> 
     </span>
     <span class='ocr_line' id='line_1_28' title="bbox 119 776 963 813; baseline 0 -9"><span class='ocrx_word' id='word_1_120' title='bbox 119 776 197 810; x_wconf 81' lang='lat' dir='ltr'>bata,</span> <span class='ocrx_word' id='word_1_121' title='bbox 219 784 290 813; x_wconf 85' lang='lat' dir='ltr'>quae</span> <span class='ocrx_word' id='word_1_122' title='bbox 312 779 434 809; x_wconf 87' lang='lat' dir='ltr'>notatur,</span> <span class='ocrx_word' id='word_1_123' title='bbox 456 784 519 805; x_wconf 85' lang='lat' dir='ltr'>cum</span> <span class='ocrx_word' id='word_1_124' title='bbox 542 776 622 804; x_wconf 89' lang='lat' dir='ltr'>dicit:</span> <span class='ocrx_word' id='word_1_125' title='bbox 644 776 747 804; x_wconf 63' lang='lat' dir='ltr'>electus</span> <span class='ocrx_word' id='word_1_126' title='bbox 768 784 865 809; x_wconf 68' lang='lat' dir='ltr'>meus,</span> <span class='ocrx_word' id='word_1_127' title='bbox 887 784 963 804; x_wconf 81' lang='lat' dir='ltr'>com-</span> 
     </span>
     <span class='ocr_line' id='line_1_29' title="bbox 117 822 963 860; baseline -0.001 -9"><span class='ocrx_word' id='word_1_128' title='bbox 117 823 229 860; x_wconf 78' lang='lat' dir='ltr'>placuit</span> <span class='ocrx_word' id='word_1_129' title='bbox 249 823 306 851; x_wconf 70' lang='lat' dir='ltr'>stez·</span> <span class='ocrx_word' id='word_1_130' title='bbox 333 823 363 851; x_wconf 85' lang='lat' dir='ltr'>in</span> <span class='ocrx_word' id='word_1_131' title='bbox 393 823 440 851; x_wconf 76' lang='lat' dir='ltr'>z&#39;tto</span> <span class='ocrx_word' id='word_1_132' title='bbox 468 823 571 851; x_wconf 82' lang='lat' dir='ltr'>anima</span> <span class='ocrx_word' id='word_1_133' title='bbox 599 831 672 851; x_wconf 81' lang='lat' dir='ltr'>mea..</span> <span class='ocrx_word' id='word_1_134' title='bbox 702 822 807 850; x_wconf 85' lang='lat' dir='ltr'>Electio</span> <span class='ocrx_word' id='word_1_135' title='bbox 828 822 963 859; x_wconf 79' lang='lat' dir='ltr'>significat</span> 
     </span>
     <span class='ocr_line' id='line_1_30' title="bbox 117 869 964 907; baseline -0.001 -9"><span class='ocrx_word' id='word_1_136' title='bbox 117 870 302 903; x_wconf 82' lang='lat' dir='ltr'>eminentiam,</span> <span class='ocrx_word' id='word_1_137' title='bbox 325 878 374 907; x_wconf 91' lang='lat' dir='ltr'>per</span> <span class='ocrx_word' id='word_1_138' title='bbox 395 878 477 906; x_wconf 85' lang='lat' dir='ltr'>quam</span> <span class='ocrx_word' id='word_1_139' title='bbox 500 869 600 906; x_wconf 87' lang='lat' dir='ltr'>aliquis</span> <span class='ocrx_word' id='word_1_140' title='bbox 615 869 814 906; x_wconf 80' lang='lat' dir='ltr'>superponitur</span> <span class='ocrx_word' id='word_1_141' title='bbox 835 869 896 902; x_wconf 88' lang='lat' dir='ltr'>alii;</span> <span class='ocrx_word' id='word_1_142' title='bbox 912 869 964 897; x_wconf 88' lang='lat' dir='ltr'>ele-</span> 
     </span>
     <span class='ocr_line' id='line_1_31' title="bbox 117 916 962 949; baseline -0.001 -4"><span class='ocrx_word' id='word_1_143' title='bbox 117 920 178 945; x_wconf 89' lang='lat' dir='ltr'>ctus</span> <span class='ocrx_word' id='word_1_144' title='bbox 199 916 251 945; x_wconf 87' lang='lat' dir='ltr'>fuit</span> <span class='ocrx_word' id='word_1_145' title='bbox 273 917 368 945; x_wconf 86' lang='lat' dir='ltr'>beatus</span> <span class='ocrx_word' id='word_1_146' title='bbox 384 916 544 944; x_wconf 85' lang='lat' dir='ltr'>Franciscus</span> <span class='ocrx_word' id='word_1_147' title='bbox 565 924 618 944; x_wconf 91' lang='lat' dir='ltr'>non</span> <span class='ocrx_word' id='word_1_148' title='bbox 634 916 723 944; x_wconf 89' lang='lat' dir='ltr'>solum</span> <span class='ocrx_word' id='word_1_149' title='bbox 739 924 754 944; x_wconf 94' lang='lat' dir='ltr'>e</span> <span class='ocrx_word' id='word_1_150' title='bbox 776 916 863 949; x_wconf 85' lang='lat' dir='ltr'>malis,</span> <span class='ocrx_word' id='word_1_151' title='bbox 879 916 962 944; x_wconf 88' lang='lat' dir='ltr'>immo</span> 
     </span>
     <span class='ocr_line' id='line_1_32' title="bbox 116 963 962 997; baseline -0.001 -5"><span class='ocrx_word' id='word_1_152' title='bbox 116 964 188 993; x_wconf 90' lang='lat' dir='ltr'>inter</span> <span class='ocrx_word' id='word_1_153' title='bbox 210 964 295 992; x_wconf 86' lang='lat' dir='ltr'>bonos</span> <span class='ocrx_word' id='word_1_154' title='bbox 315 963 481 992; x_wconf 89' lang='lat' dir='ltr'>sublimatus</span> <span class='ocrx_word' id='word_1_155' title='bbox 502 967 558 997; x_wconf 89' lang='lat' dir='ltr'>est;</span> <span class='ocrx_word' id='word_1_156' title='bbox 588 963 661 991; x_wconf 88' lang='lat' dir='ltr'>unde</span> <span class='ocrx_word' id='word_1_157' title='bbox 689 963 816 991; x_wconf 84' lang='lat' dir='ltr'>convenit</span> <span class='ocrx_word' id='word_1_158' title='bbox 841 963 864 991; x_wconf 88' lang='lat' dir='ltr'>ei</span> <span class='ocrx_word' id='word_1_159' title='bbox 895 963 962 991; x_wconf 92' lang='lat' dir='ltr'>illud</span> 
     </span>
     <span class='ocr_line' id='line_1_33' title="bbox 117 1009 963 1047; baseline -0.001 -9"><span class='ocrx_word' id='word_1_160' title='bbox 117 1010 189 1047; x_wconf 85' lang='lat' dir='ltr'>quod</span> <span class='ocrx_word' id='word_1_161' title='bbox 211 1010 313 1038; x_wconf 88' lang='lat' dir='ltr'>dicitur</span> <span class='ocrx_word' id='word_1_162' title='bbox 334 1010 360 1038; x_wconf 93' lang='lat' dir='ltr'>in</span> <span class='ocrx_word' id='word_1_163' title='bbox 385 1009 572 1038; x_wconf 78' lang='lat' dir='ltr'>Ecclesiastico</span> <span class='ocrx_word' id='word_1_164' title='bbox 589 1010 614 1037; x_wconf 87' lang='lat'>¹:</span> <span class='ocrx_word' id='word_1_165' title='bbox 640 1010 672 1038; x_wconf 81' lang='lat' dir='ltr'>ln</span> <span class='ocrx_word' id='word_1_166' title='bbox 704 1010 891 1038; x_wconf 72' lang='lat' dir='ltr'>multitudine</span> <span class='ocrx_word' id='word_1_167' title='bbox 912 1009 963 1038; x_wconf 47' lang='lat' dir='ltr'>ele-⁷</span> 
     </span>
     <span class='ocr_line' id='line_1_34' title="bbox 117 1056 962 1086; baseline -0.001 -1"><span class='ocrx_word' id='word_1_168' title='bbox 117 1060 231 1086; x_wconf 78' lang='lat' dir='ltr'>olorum</span> <span class='ocrx_word' id='word_1_169' title='bbox 252 1056 364 1085; x_wconf 78' lang='lat' dir='ltr'>liabebit</span> <span class='ocrx_word' id='word_1_170' title='bbox 386 1056 500 1085; x_wconf 76' lang='lat' dir='ltr'>laudem</span> <span class='ocrx_word' id='word_1_171' title='bbox 524 1060 547 1084; x_wconf 85' lang='lat' dir='ltr'>el</span> <span class='ocrx_word' id='word_1_172' title='bbox 569 1056 644 1084; x_wconf 81' lang='lat' dir='ltr'>inter</span> <span class='ocrx_word' id='word_1_173' title='bbox 666 1056 823 1085; x_wconf 70' lang='lat' dir='ltr'>benedictos·</span> <span class='ocrx_word' id='word_1_174' title='bbox 852 1056 962 1085; x_wconf 69' lang='lat' dir='ltr'>benecti-</span> 
     </span>
     <span class='ocr_line' id='line_1_35' title="bbox 117 1102 963 1140; baseline -0.001 -8"><span class='ocrx_word' id='word_1_175' title='bbox 117 1107 205 1132; x_wconf 75' lang='lat' dir='ltr'>cetur.</span> <span class='ocrx_word' id='word_1_176' title='bbox 229 1103 327 1132; x_wconf 81' lang='lat' dir='ltr'>Beatus</span> <span class='ocrx_word' id='word_1_177' title='bbox 348 1103 509 1131; x_wconf 85' lang='lat' dir='ltr'>Franciscus</span> <span class='ocrx_word' id='word_1_178' title='bbox 530 1103 632 1131; x_wconf 87' lang='lat' dir='ltr'>dicitur</span> <span class='ocrx_word' id='word_1_179' title='bbox 653 1102 756 1131; x_wconf 76' lang='lat' dir='ltr'>electas</span> <span class='ocrx_word' id='word_1_180' title='bbox 775 1106 802 1131; x_wconf 90' lang='lat' dir='ltr'>et</span> <span class='ocrx_word' id='word_1_181' title='bbox 821 1102 963 1140; x_wconf 80' lang='lat' dir='ltr'>probatae</span> 
     </span>
     <span class='ocr_line' id='line_1_36' title="bbox 117 1150 963 1187; baseline -0.001 -8"><span class='ocrx_word' id='word_1_182' title='bbox 117 1151 235 1179; x_wconf 78' lang='lat' dir='ltr'>virtutis</span> <span class='ocrx_word' id='word_1_183' title='bbox 251 1153 363 1187; x_wconf 87' lang='lat' dir='ltr'>propter</span> <span class='ocrx_word' id='word_1_184' title='bbox 386 1150 453 1179; x_wconf 87' lang='lat' dir='ltr'>tria:</span> <span class='ocrx_word' id='word_1_185' title='bbox 476 1150 575 1186; x_wconf 87' lang='lat' dir='ltr'>primo,</span> <span class='ocrx_word' id='word_1_186' title='bbox 597 1153 710 1187; x_wconf 89' lang='lat' dir='ltr'>propter</span> <span class='ocrx_word' id='word_1_187' title='bbox 732 1150 809 1187; x_wconf 82' lang='lat' dir='ltr'>Legis</span> <span class='ocrx_word' id='word_1_188' title='bbox 831 1153 857 1178; x_wconf 90' lang='lat' dir='ltr'>et</span> <span class='ocrx_word' id='word_1_189' title='bbox 878 1150 963 1178; x_wconf 86' lang='lat' dir='ltr'>Evan-</span> 
     </span>
     <span class='ocr_line' id='line_1_37' title="bbox 116 1197 962 1235; baseline 0 -10"><span class='ocrx_word' id='word_1_190' title='bbox 116 1198 177 1235; x_wconf 87' lang='lat' dir='ltr'>gelii</span> <span class='ocrx_word' id='word_1_191' title='bbox 200 1197 345 1234; x_wconf 65' lang='lat' dir='ltr'>integram</span> <span class='ocrx_word' id='word_1_192' title='bbox 367 1197 602 1230; x_wconf 75' lang='lat' dir='ltr'>observantiam,·</span> <span class='ocrx_word' id='word_1_193' title='bbox 620 1197 749 1231; x_wconf 87' lang='lat' dir='ltr'>secundo,</span> <span class='ocrx_word' id='word_1_194' title='bbox 773 1201 885 1234; x_wconf 87' lang='lat' dir='ltr'>propter</span> <span class='ocrx_word' id='word_1_195' title='bbox 901 1197 962 1225; x_wconf 81' lang='lat' dir='ltr'>fidei</span> 
     </span>
     <span class='ocr_line' id='line_1_38' title="bbox 116 1243 964 1281; baseline -0.001 -8"><span class='ocrx_word' id='word_1_196' title='bbox 116 1244 281 1273; x_wconf 81' lang='lat' dir='ltr'>christianae</span> <span class='ocrx_word' id='word_1_197' title='bbox 297 1243 522 1281; x_wconf 71' lang='lat' dir='ltr'>insuperabilem</span> <span class='ocrx_word' id='word_1_198' title='bbox 538 1244 649 1276; x_wconf 62' lang='lat' dir='ltr'>zellen,-</span> <span class='ocrx_word' id='word_1_199' title='bbox 662 1245 751 1278; x_wconf 88' lang='lat' dir='ltr'>tertio,</span> <span class='ocrx_word' id='word_1_200' title='bbox 763 1248 876 1281; x_wconf 90' lang='lat' dir='ltr'>propter</span> <span class='ocrx_word' id='word_1_201' title='bbox 888 1244 964 1272; x_wconf 90' lang='lat' dir='ltr'>Chri-</span> 
     </span>
     <span class='ocr_line' id='line_1_39' title="bbox 117 1290 962 1328; baseline 0 -8"><span class='ocrx_word' id='word_1_202' title='bbox 117 1292 148 1320; x_wconf 86' lang='lat' dir='ltr'>sti</span> <span class='ocrx_word' id='word_1_203' title='bbox 171 1291 298 1320; x_wconf 84' lang='lat' dir='ltr'>crucifixi</span> <span class='ocrx_word' id='word_1_204' title='bbox 320 1290 556 1328; x_wconf 72' lang='lat' dir='ltr'>superfhroiclam</span> <span class='ocrx_word' id='word_1_205' title='bbox 587 1291 773 1319; x_wconf 79' lang='lat' dir='ltr'>dilectionem.</span> <span class='ocrx_word' id='word_1_206' title='bbox 803 1308 840 1312; x_wconf 97' lang='lat'><strong>—</strong></span> <span class='ocrx_word' id='word_1_207' title='bbox 864 1292 962 1326; x_wconf 88' lang='lat' dir='ltr'>Primo,</span> 
     </span>
     <span class='ocr_line' id='line_1_40' title="bbox 116 1338 964 1376; baseline 0 -9"><span class='ocrx_word' id='word_1_208' title='bbox 116 1339 191 1373; x_wconf 90' lang='lat' dir='ltr'>dico,</span> <span class='ocrx_word' id='word_1_209' title='bbox 214 1339 309 1367; x_wconf 84' lang='lat' dir='ltr'>beatus</span> <span class='ocrx_word' id='word_1_210' title='bbox 341 1338 502 1367; x_wconf 84' lang='lat' dir='ltr'>Franciscus</span> <span class='ocrx_word' id='word_1_211' title='bbox 534 1338 585 1367; x_wconf 80' lang='lat' dir='ltr'>l‘uit</span> <span class='ocrx_word' id='word_1_212' title='bbox 616 1339 720 1367; x_wconf 90' lang='lat' dir='ltr'>electus</span> <span class='ocrx_word' id='word_1_213' title='bbox 753 1343 865 1376; x_wconf 87' lang='lat' dir='ltr'>propter</span> <span class='ocrx_word' id='word_1_214' title='bbox 888 1339 964 1376; x_wconf 76' lang='lat' dir='ltr'>Legis</span> 
     </span>
     <span class='ocr_line' id='line_1_41' title="bbox 116 1385 962 1423; baseline -0.001 -9"><span class='ocrx_word' id='word_1_215' title='bbox 116 1389 142 1414; x_wconf 90' lang='lat' dir='ltr'>et</span> <span class='ocrx_word' id='word_1_216' title='bbox 165 1386 300 1422; x_wconf 77' lang='lat' dir='ltr'>Evangelii</span> <span class='ocrx_word' id='word_1_217' title='bbox 323 1386 467 1423; x_wconf 69' lang='lat' dir='ltr'>inteyram</span> <span class='ocrx_word' id='word_1_218' title='bbox 491 1385 724 1419; x_wconf 72' lang='lat' dir='ltr'>observantiam,-</span> <span class='ocrx_word' id='word_1_219' title='bbox 747 1386 819 1414; x_wconf 88' lang='lat' dir='ltr'>uude</span> <span class='ocrx_word' id='word_1_220' title='bbox 842 1386 921 1414; x_wconf 88' lang='lat' dir='ltr'>lsaias</span> <span class='ocrx_word' id='word_1_221' title='bbox 936 1387 962 1413; x_wconf 76' lang='lat'>²:</span> 
     </span>
     <span class='ocr_line' id='line_1_42' title="bbox 119 1432 962 1470; baseline 0 -10"><span class='ocrx_word' id='word_1_222' title='bbox 119 1433 229 1460; x_wconf 73' lang='lat' dir='ltr'>Excoxi</span> <span class='ocrx_word' id='word_1_223' title='bbox 249 1436 289 1465; x_wconf 80' lang='lat' dir='ltr'>te,</span> <span class='ocrx_word' id='word_1_224' title='bbox 311 1432 361 1460; x_wconf 73' lang='lat' dir='ltr'>secl</span> <span class='ocrx_word' id='word_1_225' title='bbox 381 1441 438 1460; x_wconf 80' lang='lat' dir='ltr'>non</span> <span class='ocrx_word' id='word_1_226' title='bbox 465 1432 554 1470; x_wconf 76' lang='lat' dir='ltr'>quasi</span> <span class='ocrx_word' id='word_1_227' title='bbox 581 1436 754 1469; x_wconf 56' lang='lat' dir='ltr'>aoyentanm</span> <span class='ocrx_word' id='word_1_228' title='bbox 782 1432 852 1469; x_wconf 71' lang='lat' dir='ltr'>eleyi</span> <span class='ocrx_word' id='word_1_229' title='bbox 879 1436 903 1460; x_wconf 82' lang='lat' dir='ltr'>te</span> <span class='ocrx_word' id='word_1_230' title='bbox 932 1433 962 1461; x_wconf 80' lang='lat' dir='ltr'>in</span> 
     </span>
     <span class='ocr_line' id='line_1_43' title="bbox 116 1479 964 1517; baseline -0.001 -9"><span class='ocrx_word' id='word_1_231' title='bbox 116 1481 231 1508; x_wconf 72' lang='lat' dir='ltr'>camino</span> <span class='ocrx_word' id='word_1_232' title='bbox 252 1479 446 1517; x_wconf 74' lang='lat' dir='ltr'>paupertatis.</span> <span class='ocrx_word' id='word_1_233' title='bbox 468 1480 615 1515; x_wconf 80' lang='lat' dir='ltr'>Paupertas</span> <span class='ocrx_word' id='word_1_234' title='bbox 637 1483 678 1508; x_wconf 92' lang='lat' dir='ltr'>est</span> <span class='ocrx_word' id='word_1_235' title='bbox 699 1480 835 1508; x_wconf 74' lang='lat' dir='ltr'>caminus</span> <span class='ocrx_word' id='word_1_236' title='bbox 856 1480 964 1516; x_wconf 85' lang='lat' dir='ltr'>aliquos</span> 
     </span>
     <span class='ocr_line' id='line_1_44' title="bbox 116 1526 963 1563; baseline 0 -9"><span class='ocrx_word' id='word_1_237' title='bbox 116 1535 288 1555; x_wconf 73' lang='lat' dir='ltr'>consumens</span> <span class='ocrx_word' id='word_1_238' title='bbox 309 1530 336 1555; x_wconf 92' lang='lat' dir='ltr'>et</span> <span class='ocrx_word' id='word_1_239' title='bbox 356 1527 424 1555; x_wconf 86' lang='lat' dir='ltr'>alios</span> <span class='ocrx_word' id='word_1_240' title='bbox 445 1526 577 1563; x_wconf 75' lang='lat' dir='ltr'>probans</span> <span class='ocrx_word' id='word_1_241' title='bbox 585 1537 595 1560; x_wconf 88' lang='lat'>,·</span> <span class='ocrx_word' id='word_1_242' title='bbox 617 1530 657 1555; x_wconf 87' lang='lat' dir='ltr'>est</span> <span class='ocrx_word' id='word_1_243' title='bbox 678 1530 769 1555; x_wconf 86' lang='lat' dir='ltr'>autem</span> <span class='ocrx_word' id='word_1_244' title='bbox 792 1535 963 1555; x_wconf 77' lang='lat' dir='ltr'>consumens</span> 
     </span>
     <span class='ocr_line' id='line_1_45' title="bbox 116 1573 964 1610; baseline 0 -9"><span class='ocrx_word' id='word_1_245' title='bbox 116 1574 177 1602; x_wconf 89' lang='lat' dir='ltr'>illos</span> <span class='ocrx_word' id='word_1_246' title='bbox 197 1574 244 1610; x_wconf 88' lang='lat' dir='ltr'>qui</span> <span class='ocrx_word' id='word_1_247' title='bbox 267 1581 329 1602; x_wconf 90' lang='lat' dir='ltr'>cum</span> <span class='ocrx_word' id='word_1_248' title='bbox 352 1573 521 1610; x_wconf 86' lang='lat' dir='ltr'>impatientia</span> <span class='ocrx_word' id='word_1_249' title='bbox 536 1576 563 1601; x_wconf 86' lang='lat' dir='ltr'>et</span> <span class='ocrx_word' id='word_1_250' title='bbox 583 1573 733 1610; x_wconf 84' lang='lat' dir='ltr'>cupiditate</span> <span class='ocrx_word' id='word_1_251' title='bbox 747 1573 780 1601; x_wconf 88' lang='lat' dir='ltr'>ad</span> <span class='ocrx_word' id='word_1_252' title='bbox 795 1573 964 1610; x_wconf 83' lang='lat' dir='ltr'>acquirenda</span> 
     </span>
     <span class='ocr_line' id='line_1_46' title="bbox 116 1620 963 1657; baseline -0.001 -8"><span class='ocrx_word' id='word_1_253' title='bbox 116 1624 226 1649; x_wconf 81' lang='lat' dir='ltr'>terrena</span> <span class='ocrx_word' id='word_1_254' title='bbox 248 1623 313 1649; x_wconf 87' lang='lat' dir='ltr'>sunt</span> <span class='ocrx_word' id='word_1_255' title='bbox 326 1628 478 1657; x_wconf 70' lang='lat' dir='ltr'>pauperes,</span> <span class='ocrx_word' id='word_1_256' title='bbox 497 1620 677 1657; x_wconf 66' lang='lat' dir='ltr'>nequissima</span> <span class='ocrx_word' id='word_1_257' title='bbox 695 1624 736 1649; x_wconf 84' lang='lat' dir='ltr'>est</span> <span class='ocrx_word' id='word_1_258' title='bbox 754 1624 918 1657; x_wconf 65' lang='lat' dir='ltr'>paupertas</span> <span class='ocrx_word' id='word_1_259' title='bbox 933 1621 963 1648; x_wconf 88' lang='lat' dir='ltr'>in</span> 
     </span>
     <span class='ocr_line' id='line_1_47' title="bbox 116 1667 962 1704; baseline 0 -9"><span class='ocrx_word' id='word_1_260' title='bbox 116 1675 164 1696; x_wconf 79' lang='lat' dir='ltr'>ore</span> <span class='ocrx_word' id='word_1_261' title='bbox 185 1667 277 1704; x_wconf 79' lang='lat' dir='ltr'>impii.</span> <span class='ocrx_word' id='word_1_262' title='bbox 300 1667 350 1696; x_wconf 86' lang='lat' dir='ltr'>Sed</span> <span class='ocrx_word' id='word_1_263' title='bbox 372 1667 528 1695; x_wconf 84' lang='lat' dir='ltr'>voluntaria</span> <span class='ocrx_word' id='word_1_264' title='bbox 547 1670 708 1703; x_wconf 83' lang='lat' dir='ltr'>paupertas,</span> <span class='ocrx_word' id='word_1_265' title='bbox 730 1675 801 1704; x_wconf 90' lang='lat' dir='ltr'>quae</span> <span class='ocrx_word' id='word_1_266' title='bbox 821 1667 903 1696; x_wconf 86' lang='lat' dir='ltr'>habet</span> <span class='ocrx_word' id='word_1_267' title='bbox 916 1667 962 1695; x_wconf 89' lang='lat' dir='ltr'>ad-</span> 
     </span>
     <span class='ocr_line' id='line_1_48' title="bbox 117 1713 961 1748; baseline 0 -6"><span class='ocrx_word' id='word_1_268' title='bbox 117 1714 236 1742; x_wconf 85' lang='lat' dir='ltr'>iunctam</span> <span class='ocrx_word' id='word_1_269' title='bbox 258 1714 358 1742; x_wconf 89' lang='lat' dir='ltr'>Christi</span> <span class='ocrx_word' id='word_1_270' title='bbox 382 1713 599 1742; x_wconf 83' lang='lat' dir='ltr'>conformitatem</span> <span class='ocrx_word' id='word_1_271' title='bbox 615 1717 642 1742; x_wconf 86' lang='lat' dir='ltr'>et</span> <span class='ocrx_word' id='word_1_272' title='bbox 656 1714 755 1742; x_wconf 87' lang='lat' dir='ltr'>Christi</span> <span class='ocrx_word' id='word_1_273' title='bbox 774 1714 961 1748; x_wconf 86' lang='lat' dir='ltr'>imitationem,</span> 
     </span>
     <span class='ocr_line' id='line_1_49' title="bbox 116 1760 961 1797; baseline 0 -8"><span class='ocrx_word' id='word_1_274' title='bbox 116 1761 162 1789; x_wconf 86' lang='lat' dir='ltr'>illa</span> <span class='ocrx_word' id='word_1_275' title='bbox 182 1764 223 1790; x_wconf 89' lang='lat' dir='ltr'>est</span> <span class='ocrx_word' id='word_1_276' title='bbox 237 1761 373 1789; x_wconf 77' lang='lat' dir='ltr'>caminus</span> <span class='ocrx_word' id='word_1_277' title='bbox 391 1760 521 1797; x_wconf 72' lang='lat' dir='ltr'>probans</span> <span class='ocrx_word' id='word_1_278' title='bbox 536 1760 643 1794; x_wconf 74' lang='lat' dir='ltr'>electos,</span> <span class='ocrx_word' id='word_1_279' title='bbox 660 1761 685 1788; x_wconf 91' lang='lat' dir='ltr'>in</span> <span class='ocrx_word' id='word_1_280' title='bbox 701 1769 756 1797; x_wconf 87' lang='lat' dir='ltr'>qua</span> <span class='ocrx_word' id='word_1_281' title='bbox 779 1761 888 1789; x_wconf 74' lang='lat' dir='ltr'>fornace</span> <span class='ocrx_word' id='word_1_282' title='bbox 903 1761 961 1789; x_wconf 86' lang='lat' dir='ltr'>fue-</span> 
     </span>
     <span class='ocr_line' id='line_1_50' title="bbox 116 1807 962 1844; baseline -0.001 -8"><span class='ocrx_word' id='word_1_283' title='bbox 116 1810 182 1836; x_wconf 88' lang='lat' dir='ltr'>runt</span> <span class='ocrx_word' id='word_1_284' title='bbox 203 1808 298 1844; x_wconf 89' lang='lat' dir='ltr'>pueri;</span> <span class='ocrx_word' id='word_1_285' title='bbox 320 1811 348 1836; x_wconf 91' lang='lat' dir='ltr'>et</span> <span class='ocrx_word' id='word_1_286' title='bbox 368 1807 469 1836; x_wconf 82' lang='lat' dir='ltr'>dicitur</span> <span class='ocrx_word' id='word_1_287' title='bbox 491 1807 543 1836; x_wconf 89' lang='lat' dir='ltr'>ibi:</span> <span class='ocrx_word' id='word_1_288' title='bbox 566 1808 637 1836; x_wconf 85' lang='lat' dir='ltr'>sicut</span> <span class='ocrx_word' id='word_1_289' title='bbox 652 1808 677 1835; x_wconf 88' lang='lat' dir='ltr'>in</span> <span class='ocrx_word' id='word_1_290' title='bbox 694 1807 805 1836; x_wconf 84' lang='lat' dir='ltr'>fornace</span> <span class='ocrx_word' id='word_1_291' title='bbox 828 1808 896 1844; x_wconf 79' lang='lat' dir='ltr'>ignis</span> <span class='ocrx_word' id='word_1_292' title='bbox 917 1816 962 1836; x_wconf 88' lang='lat' dir='ltr'>ar-</span> 
     </span>
    </p>
   </div>
   <div class='ocr_carea' id='block_1_9' title="bbox 116 1850 990 1890">
    <p class='ocr_par' dir='ltr' id='par_1_11' title="bbox 116 1850 990 1890">
     <span class='ocr_line' id='line_1_51' title="bbox 116 1850 990 1890; baseline -0.001 -7"><span class='ocrx_word' id='word_1_293' title='bbox 116 1854 204 1883; x_wconf 87' lang='lat' dir='ltr'>dentis</span> <span class='ocrx_word' id='word_1_294' title='bbox 224 1854 295 1883; x_wconf 87' lang='lat' dir='ltr'>inter</span> <span class='ocrx_word' id='word_1_295' title='bbox 317 1857 373 1882; x_wconf 85' lang='lat' dir='ltr'>tres</span> <span class='ocrx_word' id='word_1_296' title='bbox 396 1862 497 1890; x_wconf 88' lang='lat' dir='ltr'>pueros</span> <span class='ocrx_word' id='word_1_297' title='bbox 518 1854 648 1890; x_wconf 83' lang='lat' dir='ltr'>apparuit</span> <span class='ocrx_word' id='word_1_298' title='bbox 669 1854 776 1882; x_wconf 70' lang='lat' dir='ltr'>similis</span> <span class='ocrx_word' id='word_1_299' title='bbox 801 1854 876 1882; x_wconf 83' lang='lat' dir='ltr'>Filio</span> <span class='ocrx_word' id='word_1_300' title='bbox 901 1854 960 1888; x_wconf 83' lang='lat' dir='ltr'>Dei,</span> <span class='ocrx_word' id='word_1_301' title='bbox 989 1850 990 1858; x_wconf 59' lang='lat'>¹</span> 
     </span>
    </p>
   </div>
   <div class='ocr_carea' id='block_1_10' title="bbox 113 1895 963 2687">
    <p class='ocr_par' dir='ltr' id='par_1_12' title="bbox 113 1895 963 2687">
     <span class='ocr_line' id='line_1_52' title="bbox 116 1895 960 1938; baseline 0 -9"><span class='ocrx_word' id='word_1_302' title='bbox 116 1901 153 1929; x_wconf 91' lang='lat' dir='ltr'>ita</span> <span class='ocrx_word' id='word_1_303' title='bbox 166 1895 281 1938; x_wconf 81' lang='lat' dir='ltr'>apparet</span> <span class='ocrx_word' id='word_1_304' title='bbox 296 1901 322 1929; x_wconf 91' lang='lat' dir='ltr'>in</span> <span class='ocrx_word' id='word_1_305' title='bbox 338 1901 441 1929; x_wconf 88' lang='lat' dir='ltr'>mundo</span> <span class='ocrx_word' id='word_1_306' title='bbox 456 1901 528 1929; x_wconf 90' lang='lat' dir='ltr'>inter</span> <span class='ocrx_word' id='word_1_307' title='bbox 543 1909 687 1937; x_wconf 85' lang='lat' dir='ltr'>pauperes.</span> <span class='ocrx_word' id='word_1_308' title='bbox 702 1901 770 1929; x_wconf 86' lang='lat' dir='ltr'>Dicit</span> <span class='ocrx_word' id='word_1_309' title='bbox 787 1901 919 1929; x_wconf 85' lang='lat' dir='ltr'>Dominus</span> <span class='ocrx_word' id='word_1_310' title='bbox 934 1901 960 1928; x_wconf 83' lang='lat'>3:</span> 
     </span>
     <span class='ocr_line' id='line_1_53' title="bbox 118 1947 961 1985; baseline -0.001 -9"><span class='ocrx_word' id='word_1_311' title='bbox 118 1949 176 1984; x_wconf 80' lang='lat' dir='ltr'>Qui</span> <span class='ocrx_word' id='word_1_312' title='bbox 194 1956 252 1976; x_wconf 82' lang='lat' dir='ltr'>non</span> <span class='ocrx_word' id='word_1_313' title='bbox 277 1948 427 1976; x_wconf 78' lang='lat' dir='ltr'>renuntiat</span> <span class='ocrx_word' id='word_1_314' title='bbox 456 1947 607 1981; x_wconf 79' lang='lat' dir='ltr'>omnibus,</span> <span class='ocrx_word' id='word_1_315' title='bbox 634 1956 707 1985; x_wconf 81' lang='lat' dir='ltr'>quae</span> <span class='ocrx_word' id='word_1_316' title='bbox 731 1948 875 1984; x_wconf 71' lang='lat' dir='ltr'>possidet,</span> <span class='ocrx_word' id='word_1_317' title='bbox 903 1956 961 1975; x_wconf 87' lang='lat' dir='ltr'>non</span> 
     </span>
     <span class='ocr_line' id='line_1_54' title="bbox 113 1994 963 2031; baseline -0.001 -8"><span class='ocrx_word' id='word_1_318' title='bbox 113 1998 204 2031; x_wconf 76' lang='lat' dir='ltr'>potest</span> <span class='ocrx_word' id='word_1_319' title='bbox 224 2003 306 2023; x_wconf 76' lang='lat' dir='ltr'>mens</span> <span class='ocrx_word' id='word_1_320' title='bbox 327 2003 386 2022; x_wconf 76' lang='lat' dir='ltr'>esse</span> <span class='ocrx_word' id='word_1_321' title='bbox 407 1994 588 2031; x_wconf 42' lang='lat' dir='ltr'>discipulam</span> <span class='ocrx_word' id='word_1_322' title='bbox 610 1994 702 2022; x_wconf 81' lang='lat' dir='ltr'>subdit</span> <span class='ocrx_word' id='word_1_323' title='bbox 724 1994 831 2022; x_wconf 88' lang='lat' dir='ltr'>statim:</span> <span class='ocrx_word' id='word_1_324' title='bbox 857 1995 889 2022; x_wconf 85' lang='lat' dir='ltr'>Et</span> <span class='ocrx_word' id='word_1_325' title='bbox 911 1995 963 2031; x_wconf 81' lang='lat' dir='ltr'>qai</span> 
     </span>
     <span class='ocr_line' id='line_1_55' title="bbox 116 2041 963 2079; baseline 0 -10"><span class='ocrx_word' id='word_1_326' title='bbox 116 2050 173 2070; x_wconf 81' lang='lat' dir='ltr'>non</span> <span class='ocrx_word' id='word_1_327' title='bbox 195 2041 307 2070; x_wconf 76' lang='lat' dir='ltr'>baiulat</span> <span class='ocrx_word' id='word_1_328' title='bbox 329 2050 443 2070; x_wconf 77' lang='lat' dir='ltr'>crucem</span> <span class='ocrx_word' id='word_1_329' title='bbox 465 2049 552 2069; x_wconf 76' lang='lat' dir='ltr'>sitam</span> <span class='ocrx_word' id='word_1_330' title='bbox 574 2044 598 2069; x_wconf 85' lang='lat' dir='ltr'>el</span> <span class='ocrx_word' id='word_1_331' title='bbox 618 2041 752 2079; x_wconf 73' lang='lat' dir='ltr'>sequitur</span> <span class='ocrx_word' id='word_1_332' title='bbox 773 2050 816 2069; x_wconf 81' lang='lat' dir='ltr'>me</span> <span class='ocrx_word' id='word_1_333' title='bbox 836 2050 895 2069; x_wconf 83' lang='lat' dir='ltr'>non</span> <span class='ocrx_word' id='word_1_334' title='bbox 922 2045 963 2069; x_wconf 76' lang='lat' dir='ltr'>est</span> 
     </span>
     <span class='ocr_line' id='line_1_56' title="bbox 116 2088 962 2126; baseline -0.001 -9"><span class='ocrx_word' id='word_1_335' title='bbox 116 2097 160 2117; x_wconf 82' lang='lat' dir='ltr'>me</span> <span class='ocrx_word' id='word_1_336' title='bbox 185 2089 301 2126; x_wconf 68' lang='lat' dir='ltr'>(liqnas.</span> <span class='ocrx_word' id='word_1_337' title='bbox 331 2088 497 2124; x_wconf 83' lang='lat' dir='ltr'>Paupertas,</span> <span class='ocrx_word' id='word_1_338' title='bbox 529 2096 600 2125; x_wconf 89' lang='lat' dir='ltr'>quae</span> <span class='ocrx_word' id='word_1_339' title='bbox 622 2091 663 2116; x_wconf 87' lang='lat' dir='ltr'>est</span> <span class='ocrx_word' id='word_1_340' title='bbox 694 2096 756 2116; x_wconf 90' lang='lat' dir='ltr'>cum</span> <span class='ocrx_word' id='word_1_341' title='bbox 790 2096 888 2121; x_wconf 85' lang='lat' dir='ltr'>cruce,</span> <span class='ocrx_word' id='word_1_342' title='bbox 921 2091 962 2116; x_wconf 87' lang='lat' dir='ltr'>est</span> 
     </span>
     <span class='ocr_line' id='line_1_57' title="bbox 116 2135 961 2172; baseline -0.001 -8"><span class='ocrx_word' id='word_1_343' title='bbox 116 2136 239 2164; x_wconf 88' lang='lat' dir='ltr'>caminus</span> <span class='ocrx_word' id='word_1_344' title='bbox 257 2135 403 2172; x_wconf 79' lang='lat' dir='ltr'>probans,</span> <span class='ocrx_word' id='word_1_345' title='bbox 426 2138 453 2163; x_wconf 88' lang='lat' dir='ltr'>et</span> <span class='ocrx_word' id='word_1_346' title='bbox 474 2135 557 2163; x_wconf 84' lang='lat' dir='ltr'>hahet</span> <span class='ocrx_word' id='word_1_347' title='bbox 577 2135 750 2163; x_wconf 86' lang='lat' dir='ltr'>coniunctam</span> <span class='ocrx_word' id='word_1_348' title='bbox 775 2135 856 2163; x_wconf 84' lang='lat' dir='ltr'>vitain</span> <span class='ocrx_word' id='word_1_349' title='bbox 879 2143 961 2163; x_wconf 79' lang='lat' dir='ltr'>evan-</span> 
     </span>
     <span class='ocr_line' id='line_1_58' title="bbox 116 2182 959 2220; baseline -0.001 -9"><span class='ocrx_word' id='word_1_350' title='bbox 116 2183 246 2220; x_wconf 83' lang='lat' dir='ltr'>gelicam,</span> <span class='ocrx_word' id='word_1_351' title='bbox 268 2191 338 2219; x_wconf 86' lang='lat' dir='ltr'>quae</span> <span class='ocrx_word' id='word_1_352' title='bbox 366 2182 455 2211; x_wconf 88' lang='lat' dir='ltr'>estin</span> <span class='ocrx_word' id='word_1_353' title='bbox 484 2182 647 2219; x_wconf 84' lang='lat' dir='ltr'>asperitate,</span> <span class='ocrx_word' id='word_1_354' title='bbox 678 2182 703 2210; x_wconf 93' lang='lat' dir='ltr'>in</span> <span class='ocrx_word' id='word_1_355' title='bbox 733 2182 906 2219; x_wconf 82' lang='lat' dir='ltr'>integritate,</span> <span class='ocrx_word' id='word_1_356' title='bbox 934 2182 959 2210; x_wconf 89' lang='lat' dir='ltr'>in</span> 
     </span>
     <span class='ocr_line' id='line_1_59' title="bbox 116 2230 960 2266; baseline -0.001 -8"><span class='ocrx_word' id='word_1_357' title='bbox 116 2230 305 2266; x_wconf 87' lang='lat' dir='ltr'>simplicitate,</span> <span class='ocrx_word' id='word_1_358' title='bbox 328 2230 353 2258; x_wconf 93' lang='lat' dir='ltr'>in</span> <span class='ocrx_word' id='word_1_359' title='bbox 378 2230 532 2257; x_wconf 87' lang='lat' dir='ltr'>humilitate</span> <span class='ocrx_word' id='word_1_360' title='bbox 563 2232 590 2257; x_wconf 91' lang='lat' dir='ltr'>et</span> <span class='ocrx_word' id='word_1_361' title='bbox 622 2230 647 2257; x_wconf 94' lang='lat' dir='ltr'>in</span> <span class='ocrx_word' id='word_1_362' title='bbox 677 2230 749 2258; x_wconf 91' lang='lat' dir='ltr'>omni</span> <span class='ocrx_word' id='word_1_363' title='bbox 784 2230 960 2266; x_wconf 76' lang='lat' dir='ltr'>benignitate.</span> 
     </span>
     <span class='ocr_line' id='line_1_60' title="bbox 116 2276 960 2313; baseline -0.001 -8"><span class='ocrx_word' id='word_1_364' title='bbox 116 2277 252 2313; x_wconf 78' lang='lat' dir='ltr'>Asperitas</span> <span class='ocrx_word' id='word_1_365' title='bbox 283 2276 451 2304; x_wconf 85' lang='lat' dir='ltr'>exterminat</span> <span class='ocrx_word' id='word_1_366' title='bbox 479 2276 588 2312; x_wconf 81' lang='lat' dir='ltr'>gulam;</span> <span class='ocrx_word' id='word_1_367' title='bbox 614 2276 771 2313; x_wconf 85' lang='lat' dir='ltr'>integritas,</span> <span class='ocrx_word' id='word_1_368' title='bbox 802 2276 960 2309; x_wconf 86' lang='lat' dir='ltr'>luxuriam;</span> 
     </span>
     <span class='ocr_line' id='line_1_61' title="bbox 117 2323 962 2359; baseline 0 -8"><span class='ocrx_word' id='word_1_369' title='bbox 117 2323 273 2357; x_wconf 86' lang='lat' dir='ltr'>humilitas,</span> <span class='ocrx_word' id='word_1_370' title='bbox 295 2323 470 2359; x_wconf 56' lang='lat' dir='ltr'>superbiann</span> <span class='ocrx_word' id='word_1_371' title='bbox 500 2323 675 2359; x_wconf 86' lang='lat' dir='ltr'>simplicitas,</span> <span class='ocrx_word' id='word_1_372' title='bbox 702 2323 906 2357; x_wconf 88' lang='lat' dir='ltr'>curiositatem;</span> <span class='ocrx_word' id='word_1_373' title='bbox 935 2326 962 2351; x_wconf 93' lang='lat' dir='ltr'>et</span> 
     </span>
     <span class='ocr_line' id='line_1_62' title="bbox 116 2369 960 2407; baseline 0 -9"><span class='ocrx_word' id='word_1_374' title='bbox 116 2370 278 2407; x_wconf 83' lang='lat' dir='ltr'>benignitas,</span> <span class='ocrx_word' id='word_1_375' title='bbox 294 2370 371 2398; x_wconf 84' lang='lat' dir='ltr'>iram.</span> <span class='ocrx_word' id='word_1_376' title='bbox 395 2370 437 2398; x_wconf 80' lang='lat' dir='ltr'>Sic</span> <span class='ocrx_word' id='word_1_377' title='bbox 452 2369 579 2406; x_wconf 86' lang='lat' dir='ltr'>sequitur</span> <span class='ocrx_word' id='word_1_378' title='bbox 595 2370 677 2398; x_wconf 87' lang='lat' dir='ltr'>homo</span> <span class='ocrx_word' id='word_1_379' title='bbox 698 2370 839 2398; x_wconf 88' lang='lat' dir='ltr'>Christum</span> <span class='ocrx_word' id='word_1_380' title='bbox 856 2370 960 2398; x_wconf 83' lang='lat' dir='ltr'>nudum</span> 
     </span>
     <span class='ocr_line' id='line_1_63' title="bbox 117 2417 962 2454; baseline 0 -9"><span class='ocrx_word' id='word_1_381' title='bbox 117 2417 142 2445; x_wconf 90' lang='lat' dir='ltr'>in</span> <span class='ocrx_word' id='word_1_382' title='bbox 158 2417 264 2446; x_wconf 89' lang='lat' dir='ltr'>camino</span> <span class='ocrx_word' id='word_1_383' title='bbox 279 2417 457 2454; x_wconf 86' lang='lat' dir='ltr'>paupertatis.</span> <span class='ocrx_word' id='word_1_384' title='bbox 472 2433 511 2437; x_wconf 85' lang='lat'>—-</span> <span class='ocrx_word' id='word_1_385' title='bbox 526 2417 551 2445; x_wconf 84' lang='lat' dir='ltr'>Si</span> <span class='ocrx_word' id='word_1_386' title='bbox 568 2417 648 2445; x_wconf 80' lang='lat' dir='ltr'>velim</span> <span class='ocrx_word' id='word_1_387' title='bbox 664 2425 723 2446; x_wconf 88' lang='lat' dir='ltr'>esse</span> <span class='ocrx_word' id='word_1_388' title='bbox 738 2418 861 2453; x_wconf 81' lang='lat' dir='ltr'>gulosus,</span> <span class='ocrx_word' id='word_1_389' title='bbox 878 2418 962 2446; x_wconf 82' lang='lat' dir='ltr'>luxu-</span> 
     </span>
     <span class='ocr_line' id='line_1_64' title="bbox 118 2464 961 2501; baseline 0 -9"><span class='ocrx_word' id='word_1_390' title='bbox 118 2464 207 2492; x_wconf 86' lang='lat' dir='ltr'>riosus</span> <span class='ocrx_word' id='word_1_391' title='bbox 222 2464 262 2492; x_wconf 87' lang='lat' dir='ltr'>vel</span> <span class='ocrx_word' id='word_1_392' title='bbox 283 2464 434 2500; x_wconf 87' lang='lat' dir='ltr'>superbus,</span> <span class='ocrx_word' id='word_1_393' title='bbox 457 2472 510 2492; x_wconf 90' lang='lat' dir='ltr'>non</span> <span class='ocrx_word' id='word_1_394' title='bbox 532 2467 573 2492; x_wconf 89' lang='lat' dir='ltr'>est</span> <span class='ocrx_word' id='word_1_395' title='bbox 594 2464 644 2492; x_wconf 87' lang='lat' dir='ltr'>iste</span> <span class='ocrx_word' id='word_1_396' title='bbox 666 2464 802 2492; x_wconf 71' lang='lat' dir='ltr'>caminus</span> <span class='ocrx_word' id='word_1_397' title='bbox 825 2472 961 2501; x_wconf 86' lang='lat' dir='ltr'>purgans,</span> 
     </span>
     <span class='ocr_line' id='line_1_65' title="bbox 117 2510 960 2539; baseline 0.001 -1"><span class='ocrx_word' id='word_1_398' title='bbox 117 2510 163 2539; x_wconf 89' lang='lat' dir='ltr'>sed</span> <span class='ocrx_word' id='word_1_399' title='bbox 185 2511 391 2539; x_wconf 72' lang='lat' dir='ltr'>exterminans.</span> <span class='ocrx_word' id='word_1_400' title='bbox 414 2527 452 2530; x_wconf 83' lang='lat'>—</span> <span class='ocrx_word' id='word_1_401' title='bbox 474 2510 572 2539; x_wconf 83' lang='lat' dir='ltr'>Beatus</span> <span class='ocrx_word' id='word_1_402' title='bbox 593 2511 755 2539; x_wconf 85' lang='lat' dir='ltr'>Franciscus</span> <span class='ocrx_word' id='word_1_403' title='bbox 780 2511 830 2539; x_wconf 86' lang='lat' dir='ltr'>fuit</span> <span class='ocrx_word' id='word_1_404' title='bbox 859 2518 960 2539; x_wconf 88' lang='lat' dir='ltr'>aurum</span> 
     </span>
     <span class='ocr_line' id='line_1_66' title="bbox 117 2557 960 2594; baseline 0 -9"><span class='ocrx_word' id='word_1_405' title='bbox 117 2557 244 2591; x_wconf 85' lang='lat' dir='ltr'>electum,</span> <span class='ocrx_word' id='word_1_406' title='bbox 259 2557 324 2594; x_wconf 90' lang='lat' dir='ltr'>quia</span> <span class='ocrx_word' id='word_1_407' title='bbox 340 2557 390 2585; x_wconf 84' lang='lat' dir='ltr'>fuit</span> <span class='ocrx_word' id='word_1_408' title='bbox 404 2557 435 2585; x_wconf 80' lang='lat' dir='ltr'>in</span> <span class='ocrx_word' id='word_1_409' title='bbox 453 2558 569 2585; x_wconf 72' lang='lat' dir='ltr'>cautino</span> <span class='ocrx_word' id='word_1_410' title='bbox 587 2557 783 2594; x_wconf 75' lang='lat' dir='ltr'>paupertatis.</span> <span class='ocrx_word' id='word_1_411' title='bbox 808 2557 960 2590; x_wconf 84' lang='lat' dir='ltr'>Miserrimi,</span> 
     </span>
     <span class='ocr_line' id='line_1_67' title="bbox 118 2603 960 2640; baseline 0.001 -9"><span class='ocrx_word' id='word_1_412' title='bbox 118 2603 165 2640; x_wconf 87' lang='lat' dir='ltr'>qui</span> <span class='ocrx_word' id='word_1_413' title='bbox 187 2603 382 2640; x_wconf 82' lang='lat' dir='ltr'>ingrediuntur</span> <span class='ocrx_word' id='word_1_414' title='bbox 404 2604 487 2632; x_wconf 87' lang='lat' dir='ltr'>istum</span> <span class='ocrx_word' id='word_1_415' title='bbox 509 2604 647 2632; x_wconf 86' lang='lat' dir='ltr'>caminum</span> <span class='ocrx_word' id='word_1_416' title='bbox 675 2607 702 2632; x_wconf 88' lang='lat' dir='ltr'>et</span> <span class='ocrx_word' id='word_1_417' title='bbox 724 2604 851 2632; x_wconf 84' lang='lat' dir='ltr'>resiliunt</span> <span class='ocrx_word' id='word_1_418' title='bbox 871 2604 960 2637; x_wconf 76' lang='lat' dir='ltr'>foras3</span> 
     </span>
     <span class='ocr_line' id='line_1_68' title="bbox 119 2650 961 2687; baseline 0 -9"><span class='ocrx_word' id='word_1_419' title='bbox 119 2657 171 2678; x_wconf 90' lang='lat' dir='ltr'>non</span> <span class='ocrx_word' id='word_1_420' title='bbox 194 2653 259 2678; x_wconf 87' lang='lat' dir='ltr'>sunt</span> <span class='ocrx_word' id='word_1_421' title='bbox 279 2650 352 2687; x_wconf 86' lang='lat' dir='ltr'>digni</span> <span class='ocrx_word' id='word_1_422' title='bbox 376 2651 497 2687; x_wconf 83' lang='lat' dir='ltr'>purgari.</span> <span class='ocrx_word' id='word_1_423' title='bbox 514 2650 662 2684; x_wconf 87' lang='lat' dir='ltr'>Carissimi,</span> <span class='ocrx_word' id='word_1_424' title='bbox 677 2651 776 2679; x_wconf 86' lang='lat' dir='ltr'>nobilis</span> <span class='ocrx_word' id='word_1_425' title='bbox 797 2654 837 2679; x_wconf 92' lang='lat' dir='ltr'>est</span> <span class='ocrx_word' id='word_1_426' title='bbox 852 2650 903 2679; x_wconf 88' lang='lat' dir='ltr'>iste</span> <span class='ocrx_word' id='word_1_427' title='bbox 917 2659 961 2678; x_wconf 67' lang='lat' dir='ltr'>ea&lt;</span> 
     </span>
    </p>
   </div>
   <div class='ocr_carea' id='block_1_11' title="bbox 115 2818 962 2965">
    <p class='ocr_par' dir='ltr' id='par_1_13' title="bbox 181 2818 355 2846">
     <span class='ocr_line' id='line_1_69' title="bbox 181 2818 355 2846; baseline 0.006 -7"><span class='ocrx_word' id='word_1_428' title='bbox 181 2818 187 2830; x_wconf 85' lang='lat'><em>¹</em></span> <span class='ocrx_word' id='word_1_429' title='bbox 206 2818 261 2846; x_wconf 84' lang='lat' dir='ltr'>Cap.</span> <span class='ocrx_word' id='word_1_430' title='bbox 280 2819 317 2846; x_wconf 60' lang='grc'>24,</span> <span class='ocrx_word' id='word_1_431' title='bbox 336 2820 355 2840; x_wconf 68' lang='lat' dir='ltr'>lt.</span> 
     </span>
    </p>

    <p class='ocr_par' dir='ltr' id='par_1_14' title="bbox 181 2856 922 2888">
     <span class='ocr_line' id='line_1_70' title="bbox 181 2856 922 2888; baseline 0.004 -9"><span class='ocrx_word' id='word_1_432' title='bbox 181 2856 189 2869; x_wconf 79' lang='lat'><strong>²</strong></span> <span class='ocrx_word' id='word_1_433' title='bbox 207 2857 262 2885; x_wconf 80' lang='lat' dir='ltr'>Cap.</span> <span class='ocrx_word' id='word_1_434' title='bbox 282 2857 317 2884; x_wconf 70' lang='lat'>48,</span> <span class='ocrx_word' id='word_1_435' title='bbox 340 2858 376 2884; x_wconf 84' lang='grc'>10;</span> <span class='ocrx_word' id='word_1_436' title='bbox 394 2862 523 2886; x_wconf 79' lang='lat' dir='ltr'>sequuntur</span> <span class='ocrx_word' id='word_1_437' title='bbox 541 2859 606 2881; x_wconf 78' lang='lat' dir='ltr'>Eccli.</span> <span class='ocrx_word' id='word_1_438' title='bbox 628 2859 660 2886; x_wconf 68' lang='grc'>13,</span> <span class='ocrx_word' id='word_1_439' title='bbox 678 2859 716 2881; x_wconf 82' lang='lat'>30.</span> <span class='ocrx_word' id='word_1_440' title='bbox 733 2864 755 2881; x_wconf 83' lang='lat' dir='ltr'>et</span> <span class='ocrx_word' id='word_1_441' title='bbox 774 2860 826 2882; x_wconf 85' lang='lat' dir='ltr'>Dan.</span> <span class='ocrx_word' id='word_1_442' title='bbox 846 2861 867 2888; x_wconf 80' lang='lat'>3,</span> <span class='ocrx_word' id='word_1_443' title='bbox 884 2862 922 2882; x_wconf 68' lang='lat'>92.</span> 
     </span>
    </p>

    <p class='ocr_par' dir='ltr' id='par_1_15' title="bbox 115 2896 962 2965">
     <span class='ocr_line' id='line_1_71' title="bbox 180 2896 962 2926; baseline 0.003 -8"><span class='ocrx_word' id='word_1_444' title='bbox 180 2896 189 2908; x_wconf 74' lang='lat'><strong>³</strong></span> <span class='ocrx_word' id='word_1_445' title='bbox 208 2897 262 2918; x_wconf 85' lang='lat' dir='ltr'>Luc.</span> <span class='ocrx_word' id='word_1_446' title='bbox 285 2896 321 2925; x_wconf 75' lang='lat'>14,</span> <span class='ocrx_word' id='word_1_447' title='bbox 339 2898 375 2918; x_wconf 77' lang='lat'>33.</span> <span class='ocrx_word' id='word_1_448' title='bbox 400 2898 436 2919; x_wconf 74' lang='lat'>27.</span> <span class='ocrx_word' id='word_1_449' title='bbox 461 2898 515 2919; x_wconf 77' lang='lat' dir='ltr'>lnl‘ru</span> <span class='ocrx_word' id='word_1_450' title='bbox 540 2901 592 2925; x_wconf 84' lang='lat' dir='ltr'>post</span> <span class='ocrx_word' id='word_1_451' title='bbox 613 2897 691 2920; x_wconf 65' lang='lat' dir='ltr'>salutat</span> <span class='ocrx_word' id='word_1_452' title='bbox 711 2898 791 2921; x_wconf 75' lang='lat' dir='ltr'>statim</span> <span class='ocrx_word' id='word_1_453' title='bbox 813 2899 863 2926; x_wconf 71' lang='lat' dir='ltr'>loge</span> <span class='ocrx_word' id='word_1_454' title='bbox 885 2899 962 2926; x_wconf 78' lang='lat' dir='ltr'>potius</span> 
     </span>
     <span class='ocr_line' id='line_1_72' title="bbox 115 2935 695 2965; baseline 0.002 -8"><span class='ocrx_word' id='word_1_455' title='bbox 115 2937 243 2965; x_wconf 78' lang='lat' dir='ltr'>postquam</span> <span class='ocrx_word' id='word_1_456' title='bbox 260 2936 314 2958; x_wconf 80' lang='lat' dir='ltr'>aule</span> <span class='ocrx_word' id='word_1_457' title='bbox 331 2935 433 2963; x_wconf 57' lang='lat' dir='ltr'>cliaeerul,</span> <span class='ocrx_word' id='word_1_458' title='bbox 454 2937 489 2958; x_wconf 65' lang='lat' dir='ltr'>vel</span> <span class='ocrx_word' id='word_1_459' title='bbox 508 2936 593 2964; x_wconf 87' lang='lat' dir='ltr'>aliquid</span> <span class='ocrx_word' id='word_1_460' title='bbox 612 2937 695 2958; x_wconf 81' lang='lat' dir='ltr'>simile.</span> 
     </span>
    </p>
   </div>
   <div class='ocr_carea' id='block_1_12' title="bbox 988 215 993 2681">
    <p class='ocr_par' dir='ltr' id='par_1_16' title="bbox 988 215 993 2681">
     <span class='ocr_line' id='line_1_73' title="bbox 988 215 993 2681; baseline 0 0"><span class='ocrx_word' id='word_1_461' title='bbox 988 215 993 2681; x_wconf 95' lang='lat' dir='ltr'> </span> 
     </span>
    </p>
   </div>
   <div class='ocr_carea' id='block_1_13' title="bbox 1810 140 1864 167">
    <p class='ocr_par' dir='ltr' id='par_1_17' title="bbox 1810 140 1864 167">
     <span class='ocr_line' id='line_1_74' title="bbox 1810 140 1864 167; baseline 0 0"><span class='ocrx_word' id='word_1_462' title='bbox 1810 140 1864 167; x_wconf 73' lang='lat'>579</span> 
     </span>
    </p>
   </div>
   <div class='ocr_carea' id='block_1_14' title="bbox 1020 215 1865 254">
    <p class='ocr_par' dir='ltr' id='par_1_18' title="bbox 1020 215 1865 254">
     <span class='ocr_line' id='line_1_75' title="bbox 1020 215 1865 254; baseline 0.002 -11"><span class='ocrx_word' id='word_1_463' title='bbox 1020 215 1136 249; x_wconf 59' lang='lat' dir='ltr'>mitam,-</span> <span class='ocrx_word' id='word_1_464' title='bbox 1158 215 1221 244; x_wconf 87' lang='lat' dir='ltr'>fecit</span> <span class='ocrx_word' id='word_1_465' title='bbox 1241 215 1359 252; x_wconf 80' lang='lat' dir='ltr'>Angelus</span> <span class='ocrx_word' id='word_1_466' title='bbox 1380 215 1509 244; x_wconf 74' lang='lat' dir='ltr'>medium</span> <span class='ocrx_word' id='word_1_467' title='bbox 1529 215 1665 253; x_wconf 75' lang='lat' dir='ltr'>fornacis</span> <span class='ocrx_word' id='word_1_468' title='bbox 1686 217 1774 254; x_wconf 77' lang='lat' dir='ltr'>quasi</span> <span class='ocrx_word' id='word_1_469' title='bbox 1800 226 1865 245; x_wconf 56' lang='lat' dir='ltr'>‘uen-</span> 
     </span>
    </p>
   </div>
   <div class='ocr_carea' id='block_1_15' title="bbox 1019 261 2002 299">
    <p class='ocr_par' dir='ltr' id='par_1_19' title="bbox 1019 261 2002 299">
     <span class='ocr_line' id='line_1_76' title="bbox 1019 261 2002 299; baseline 0.001 -9"><span class='ocrx_word' id='word_1_470' title='bbox 1019 266 1079 290; x_wconf 77' lang='lat' dir='ltr'>tum</span> <span class='ocrx_word' id='word_1_471' title='bbox 1102 262 1181 290; x_wconf 72' lang='lat' dir='ltr'>roris</span> <span class='ocrx_word' id='word_1_472' title='bbox 1201 261 1327 298; x_wconf 78' lang='lat' dir='ltr'>flantem.</span> <span class='ocrx_word' id='word_1_473' title='bbox 1344 262 1419 291; x_wconf 88' lang='lat' dir='ltr'>Unus</span> <span class='ocrx_word' id='word_1_474' title='bbox 1436 263 1537 297; x_wconf 84' lang='lat' dir='ltr'>Frater,</span> <span class='ocrx_word' id='word_1_475' title='bbox 1552 263 1599 299; x_wconf 84' lang='lat' dir='ltr'>qui</span> <span class='ocrx_word' id='word_1_476' title='bbox 1622 263 1693 291; x_wconf 83' lang='lat' dir='ltr'>vixit</span> <span class='ocrx_word' id='word_1_477' title='bbox 1707 271 1769 292; x_wconf 90' lang='lat' dir='ltr'>cum</span> <span class='ocrx_word' id='word_1_478' title='bbox 1786 263 1865 292; x_wconf 88' lang='lat' dir='ltr'>beato</span> <span class='ocrx_word' id='word_1_479' title='bbox 1882 270 1957 289; x_wconf 69' lang='lat' dir='ltr'>vaenum</span> <span class='ocrx_word' id='word_1_480' title='bbox 1971 276 2002 289; x_wconf 30' lang='lat' dir='ltr'>uo*</span> 
     </span>
    </p>
   </div>
   <div class='ocr_carea' id='block_1_16' title="bbox 1016 309 1866 2687">
    <p class='ocr_par' dir='ltr' id='par_1_20' title="bbox 1016 309 1866 1326">
     <span class='ocr_line' id='line_1_77' title="bbox 1019 309 1865 343; baseline 0.002 -6"><span class='ocrx_word' id='word_1_481' title='bbox 1019 309 1162 338; x_wconf 77' lang='lat' dir='ltr'>Fraucisco</span> <span class='ocrx_word' id='word_1_482' title='bbox 1183 312 1265 338; x_wconf 85' lang='lat' dir='ltr'>extra.</span> <span class='ocrx_word' id='word_1_483' title='bbox 1286 313 1408 338; x_wconf 84' lang='lat' dir='ltr'>castrum</span> <span class='ocrx_word' id='word_1_484' title='bbox 1432 310 1511 338; x_wconf 89' lang='lat' dir='ltr'>iuxta</span> <span class='ocrx_word' id='word_1_485' title='bbox 1533 310 1631 343; x_wconf 85' lang='lat' dir='ltr'>Senas,</span> <span class='ocrx_word' id='word_1_486' title='bbox 1655 310 1699 338; x_wconf 88' lang='lat' dir='ltr'>ubi</span> <span class='ocrx_word' id='word_1_487' title='bbox 1723 313 1764 339; x_wconf 88' lang='lat' dir='ltr'>est</span> <span class='ocrx_word' id='word_1_488' title='bbox 1789 311 1865 339; x_wconf 81' lang='lat' dir='ltr'>Mons</span> 
     </span>
     <span class='ocr_line' id='line_1_78' title="bbox 1020 356 1864 394; baseline 0.001 -10"><span class='ocrx_word' id='word_1_489' title='bbox 1020 356 1186 390; x_wconf 86' lang='lat' dir='ltr'>Pulitianns,</span> <span class='ocrx_word' id='word_1_490' title='bbox 1208 356 1295 389; x_wconf 83' lang='lat' dir='ltr'>dixit,</span> <span class='ocrx_word' id='word_1_491' title='bbox 1323 356 1396 393; x_wconf 85' lang='lat' dir='ltr'>quod</span> <span class='ocrx_word' id='word_1_492' title='bbox 1426 364 1478 384; x_wconf 90' lang='lat' dir='ltr'>non</span> <span class='ocrx_word' id='word_1_493' title='bbox 1501 356 1669 385; x_wconf 80' lang='lat' dir='ltr'>invenerunt</span> <span class='ocrx_word' id='word_1_494' title='bbox 1694 357 1743 385; x_wconf 88' lang='lat' dir='ltr'>nisi</span> <span class='ocrx_word' id='word_1_495' title='bbox 1766 365 1864 394; x_wconf 89' lang='lat' dir='ltr'>panem</span> 
     </span>
     <span class='ocr_line' id='line_1_79' title="bbox 1018 403 1865 437; baseline 0.001 -6"><span class='ocrx_word' id='word_1_496' title='bbox 1018 403 1137 437; x_wconf 79' lang='lat' dir='ltr'>durum3</span> <span class='ocrx_word' id='word_1_497' title='bbox 1160 403 1272 431; x_wconf 86' lang='lat' dir='ltr'>iverunt</span> <span class='ocrx_word' id='word_1_498' title='bbox 1292 406 1355 431; x_wconf 88' lang='lat' dir='ltr'>ante</span> <span class='ocrx_word' id='word_1_499' title='bbox 1376 403 1476 431; x_wconf 87' lang='lat' dir='ltr'>ostium</span> <span class='ocrx_word' id='word_1_500' title='bbox 1492 403 1622 432; x_wconf 88' lang='lat' dir='ltr'>ecclesiae</span> <span class='ocrx_word' id='word_1_501' title='bbox 1638 406 1665 432; x_wconf 92' lang='lat' dir='ltr'>et</span> <span class='ocrx_word' id='word_1_502' title='bbox 1686 404 1865 432; x_wconf 88' lang='lat' dir='ltr'>comederunt</span> 
     </span>
     <span class='ocr_line' id='line_1_80' title="bbox 1020 450 1865 487; baseline 0.001 -9"><span class='ocrx_word' id='word_1_503' title='bbox 1020 458 1116 486; x_wconf 88' lang='lat' dir='ltr'>panem</span> <span class='ocrx_word' id='word_1_504' title='bbox 1139 453 1165 478; x_wconf 90' lang='lat' dir='ltr'>et</span> <span class='ocrx_word' id='word_1_505' title='bbox 1186 450 1317 478; x_wconf 86' lang='lat' dir='ltr'>biberunt</span> <span class='ocrx_word' id='word_1_506' title='bbox 1338 458 1447 487; x_wconf 88' lang='lat' dir='ltr'>aquam.</span> <span class='ocrx_word' id='word_1_507' title='bbox 1472 451 1565 479; x_wconf 82' lang='lat' dir='ltr'>Postea</span> <span class='ocrx_word' id='word_1_508' title='bbox 1586 450 1761 479; x_wconf 83' lang='lat' dir='ltr'>intraverunt</span> <span class='ocrx_word' id='word_1_509' title='bbox 1782 451 1865 479; x_wconf 88' lang='lat' dir='ltr'>eccle-</span> 
     </span>
     <span class='ocr_line' id='line_1_81' title="bbox 1019 496 1865 534; baseline 0.002 -10"><span class='ocrx_word' id='word_1_510' title='bbox 1019 497 1101 530; x_wconf 83' lang='lat' dir='ltr'>siam,</span> <span class='ocrx_word' id='word_1_511' title='bbox 1127 500 1154 525; x_wconf 83' lang='lat' dir='ltr'>et</span> <span class='ocrx_word' id='word_1_512' title='bbox 1176 496 1359 531; x_wconf 79' lang='lat' dir='ltr'>(Franciscus)</span> <span class='ocrx_word' id='word_1_513' title='bbox 1381 497 1470 533; x_wconf 88' lang='lat' dir='ltr'>coepit</span> <span class='ocrx_word' id='word_1_514' title='bbox 1492 497 1591 533; x_wconf 90' lang='lat' dir='ltr'>repleri</span> <span class='ocrx_word' id='word_1_515' title='bbox 1621 506 1718 534; x_wconf 82' lang='lat' dir='ltr'>magna</span> <span class='ocrx_word' id='word_1_516' title='bbox 1743 498 1865 526; x_wconf 83' lang='lat' dir='ltr'>exsulta-</span> 
     </span>
     <span class='ocr_line' id='line_1_82' title="bbox 1020 544 1866 581; baseline 0.001 -9"><span class='ocrx_word' id='word_1_517' title='bbox 1020 544 1107 575; x_wconf 82' lang='lat' dir='ltr'>tione:</span> <span class='ocrx_word' id='word_1_518' title='bbox 1124 551 1172 580; x_wconf 90' lang='lat' dir='ltr'>per</span> <span class='ocrx_word' id='word_1_519' title='bbox 1195 551 1319 580; x_wconf 78' lang='lat' dir='ltr'>magnam</span> <span class='ocrx_word' id='word_1_520' title='bbox 1337 544 1432 572; x_wconf 88' lang='lat' dir='ltr'>horam</span> <span class='ocrx_word' id='word_1_521' title='bbox 1448 544 1522 572; x_wconf 87' lang='lat' dir='ltr'>stetit</span> <span class='ocrx_word' id='word_1_522' title='bbox 1538 544 1563 572; x_wconf 94' lang='lat' dir='ltr'>in</span> <span class='ocrx_word' id='word_1_523' title='bbox 1580 545 1707 578; x_wconf 83' lang='lat' dir='ltr'>ecclesia,</span> <span class='ocrx_word' id='word_1_524' title='bbox 1727 548 1754 573; x_wconf 89' lang='lat' dir='ltr'>et</span> <span class='ocrx_word' id='word_1_525' title='bbox 1773 545 1866 581; x_wconf 78' lang='lat' dir='ltr'>latiga-</span> 
     </span>
     <span class='ocr_line' id='line_1_83' title="bbox 1019 591 1865 628; baseline 0.002 -10"><span class='ocrx_word' id='word_1_526' title='bbox 1019 591 1100 619; x_wconf 89' lang='lat' dir='ltr'>batur</span> <span class='ocrx_word' id='word_1_527' title='bbox 1116 591 1133 618; x_wconf 91' lang='lat' dir='ltr'>F</span> <span class='ocrx_word' id='word_1_528' title='bbox 1137 593 1225 624; x_wconf 89' lang='lat' dir='ltr'>rater;</span> <span class='ocrx_word' id='word_1_529' title='bbox 1243 593 1335 626; x_wconf 87' lang='lat' dir='ltr'>postea</span> <span class='ocrx_word' id='word_1_530' title='bbox 1356 591 1490 627; x_wconf 89' lang='lat' dir='ltr'>quaesivit</span> <span class='ocrx_word' id='word_1_531' title='bbox 1506 591 1540 619; x_wconf 89' lang='lat' dir='ltr'>ab</span> <span class='ocrx_word' id='word_1_532' title='bbox 1555 599 1587 619; x_wconf 89' lang='lat' dir='ltr'>eo</span> <span class='ocrx_word' id='word_1_533' title='bbox 1603 591 1705 625; x_wconf 82' lang='lat' dir='ltr'>Frater,</span> <span class='ocrx_word' id='word_1_534' title='bbox 1728 592 1865 628; x_wconf 83' lang='lat' dir='ltr'>quomodo</span> 
     </span>
     <span class='ocr_line' id='line_1_84' title="bbox 1019 637 1865 674; baseline 0.001 -9"><span class='ocrx_word' id='word_1_535' title='bbox 1019 637 1153 665; x_wconf 78' lang='lat' dir='ltr'>sentiebat</span> <span class='ocrx_word' id='word_1_536' title='bbox 1174 637 1207 665; x_wconf 88' lang='lat' dir='ltr'>de</span> <span class='ocrx_word' id='word_1_537' title='bbox 1236 644 1280 670; x_wconf 89' lang='lat' dir='ltr'>se;</span> <span class='ocrx_word' id='word_1_538' title='bbox 1310 640 1337 665; x_wconf 91' lang='lat' dir='ltr'>et</span> <span class='ocrx_word' id='word_1_539' title='bbox 1364 637 1436 665; x_wconf 84' lang='lat' dir='ltr'>dixit</span> <span class='ocrx_word' id='word_1_540' title='bbox 1464 637 1560 665; x_wconf 82' lang='lat' dir='ltr'>beatus</span> <span class='ocrx_word' id='word_1_541' title='bbox 1587 638 1762 671; x_wconf 83' lang='lat' dir='ltr'>Franciscus‚</span> <span class='ocrx_word' id='word_1_542' title='bbox 1791 638 1865 674; x_wconf 90' lang='lat' dir='ltr'>quod</span> 
     </span>
     <span class='ocr_line' id='line_1_85' title="bbox 1019 683 1865 720; baseline 0.002 -9"><span class='ocrx_word' id='word_1_543' title='bbox 1019 686 1164 720; x_wconf 87' lang='lat' dir='ltr'>postquam</span> <span class='ocrx_word' id='word_1_544' title='bbox 1187 691 1337 712; x_wconf 84' lang='lat' dir='ltr'>conversus</span> <span class='ocrx_word' id='word_1_545' title='bbox 1358 683 1459 717; x_wconf 82' lang='lat' dir='ltr'>fuerat,</span> <span class='ocrx_word' id='word_1_546' title='bbox 1481 692 1622 720; x_wconf 84' lang='lat' dir='ltr'>nunquam</span> <span class='ocrx_word' id='word_1_547' title='bbox 1646 688 1747 713; x_wconf 85' lang='lat' dir='ltr'>tantam</span> <span class='ocrx_word' id='word_1_548' title='bbox 1767 685 1865 713; x_wconf 81' lang='lat' dir='ltr'>iucun-</span> 
     </span>
     <span class='ocr_line' id='line_1_86' title="bbox 1018 730 1866 767; baseline 0.002 -9"><span class='ocrx_word' id='word_1_549' title='bbox 1018 730 1129 758; x_wconf 86' lang='lat' dir='ltr'>ditatem</span> <span class='ocrx_word' id='word_1_550' title='bbox 1152 730 1244 759; x_wconf 87' lang='lat' dir='ltr'>sensit.</span> <span class='ocrx_word' id='word_1_551' title='bbox 1266 730 1353 758; x_wconf 85' lang='lat' dir='ltr'>Placet</span> <span class='ocrx_word' id='word_1_552' title='bbox 1375 731 1430 758; x_wconf 90' lang='lat' dir='ltr'>Deo</span> <span class='ocrx_word' id='word_1_553' title='bbox 1451 734 1599 767; x_wconf 86' lang='lat' dir='ltr'>paupertas</span> <span class='ocrx_word' id='word_1_554' title='bbox 1620 739 1683 759; x_wconf 88' lang='lat' dir='ltr'>cum</span> <span class='ocrx_word' id='word_1_555' title='bbox 1705 732 1866 760; x_wconf 87' lang='lat' dir='ltr'>austeritate</span> 
     </span>
     <span class='ocr_line' id='line_1_87' title="bbox 1018 777 1866 815; baseline 0.001 -10"><span class='ocrx_word' id='word_1_556' title='bbox 1018 780 1045 806; x_wconf 87' lang='lat' dir='ltr'>et</span> <span class='ocrx_word' id='word_1_557' title='bbox 1067 777 1221 813; x_wconf 78' lang='lat' dir='ltr'>integritate</span> <span class='ocrx_word' id='word_1_558' title='bbox 1243 781 1270 805; x_wconf 86' lang='lat' dir='ltr'>et</span> <span class='ocrx_word' id='word_1_559' title='bbox 1288 777 1443 805; x_wconf 85' lang='lat' dir='ltr'>humilitate</span> <span class='ocrx_word' id='word_1_560' title='bbox 1458 780 1484 805; x_wconf 90' lang='lat' dir='ltr'>et</span> <span class='ocrx_word' id='word_1_561' title='bbox 1499 778 1673 813; x_wconf 83' lang='lat' dir='ltr'>simplicitate</span> <span class='ocrx_word' id='word_1_562' title='bbox 1694 782 1721 806; x_wconf 90' lang='lat' dir='ltr'>et</span> <span class='ocrx_word' id='word_1_563' title='bbox 1742 779 1866 815; x_wconf 81' lang='lat' dir='ltr'>benigni-</span> 
     </span>
     <span class='ocr_line' id='line_1_88' title="bbox 1021 823 1865 859; baseline 0.004 -8"><span class='ocrx_word' id='word_1_564' title='bbox 1021 826 1082 852; x_wconf 87' lang='lat' dir='ltr'>tate.</span> <span class='ocrx_word' id='word_1_565' title='bbox 1097 824 1127 851; x_wconf 90' lang='lat' dir='ltr'>Et</span> <span class='ocrx_word' id='word_1_566' title='bbox 1142 823 1190 851; x_wconf 90' lang='lat' dir='ltr'>ivit</span> <span class='ocrx_word' id='word_1_567' title='bbox 1205 824 1236 851; x_wconf 88' lang='lat' dir='ltr'>ad</span> <span class='ocrx_word' id='word_1_568' title='bbox 1254 823 1363 852; x_wconf 89' lang='lat' dir='ltr'>beatum</span> <span class='ocrx_word' id='word_1_569' title='bbox 1377 824 1497 857; x_wconf 88' lang='lat' dir='ltr'>Petrum,</span> <span class='ocrx_word' id='word_1_570' title='bbox 1510 827 1541 852; x_wconf 88' lang='lat' dir='ltr'>ut</span> <span class='ocrx_word' id='word_1_571' title='bbox 1554 824 1613 852; x_wconf 88' lang='lat' dir='ltr'>eius</span> <span class='ocrx_word' id='word_1_572' title='bbox 1629 824 1773 853; x_wconf 83' lang='lat' dir='ltr'>fideiussor</span> <span class='ocrx_word' id='word_1_573' title='bbox 1785 829 1865 859; x_wconf 87' lang='lat' dir='ltr'>esset,</span> 
     </span>
     <span class='ocr_line' id='line_1_89' title="bbox 1018 870 1865 907; baseline 0.004 -10"><span class='ocrx_word' id='word_1_574' title='bbox 1018 870 1065 907; x_wconf 83' lang='lat' dir='ltr'>qui</span> <span class='ocrx_word' id='word_1_575' title='bbox 1088 878 1140 898; x_wconf 89' lang='lat' dir='ltr'>non</span> <span class='ocrx_word' id='word_1_576' title='bbox 1163 870 1319 898; x_wconf 84' lang='lat' dir='ltr'>discedebat</span> <span class='ocrx_word' id='word_1_577' title='bbox 1333 878 1349 897; x_wconf 91' lang='lat' dir='ltr'>a</span> <span class='ocrx_word' id='word_1_578' title='bbox 1364 873 1427 898; x_wconf 84' lang='lat' dir='ltr'>voto</span> <span class='ocrx_word' id='word_1_579' title='bbox 1449 878 1507 898; x_wconf 89' lang='lat' dir='ltr'>suo.</span> <span class='ocrx_word' id='word_1_580' title='bbox 1526 871 1555 898; x_wconf 85' lang='lat' dir='ltr'>Et</span> <span class='ocrx_word' id='word_1_581' title='bbox 1570 871 1650 905; x_wconf 89' lang='lat' dir='ltr'>sicut,</span> <span class='ocrx_word' id='word_1_582' title='bbox 1666 872 1776 907; x_wconf 86' lang='lat' dir='ltr'>quando</span> <span class='ocrx_word' id='word_1_583' title='bbox 1791 872 1865 900; x_wconf 89' lang='lat' dir='ltr'>Deus</span> 
     </span>
     <span class='ocr_line' id='line_1_90' title="bbox 1016 916 1866 953; baseline 0.002 -8"><span class='ocrx_word' id='word_1_584' title='bbox 1016 916 1092 953; x_wconf 82' lang='lat' dir='ltr'>plait</span> <span class='ocrx_word' id='word_1_585' title='bbox 1113 916 1183 952; x_wconf 74' lang='lat' dir='ltr'>filiis</span> <span class='ocrx_word' id='word_1_586' title='bbox 1207 916 1299 944; x_wconf 74' lang='lat' dir='ltr'>lsrael</span> <span class='ocrx_word' id='word_1_587' title='bbox 1323 925 1435 944; x_wconf 70' lang='lat' dir='ltr'>matina</span> <span class='ocrx_word' id='word_1_588' title='bbox 1450 918 1475 950; x_wconf 71' lang='lat'>4,</span> <span class='ocrx_word' id='word_1_589' title='bbox 1498 917 1589 945; x_wconf 86' lang='lat' dir='ltr'>cibum</span> <span class='ocrx_word' id='word_1_590' title='bbox 1612 916 1759 947; x_wconf 67' lang='lat' dir='ltr'>habentem</span> <span class='ocrx_word' id='word_1_591' title='bbox 1785 928 1866 947; x_wconf 80' lang='lat' dir='ltr'>omne</span> 
     </span>
     <span class='ocr_line' id='line_1_91' title="bbox 1019 963 1866 1001; baseline 0.004 -10"><span class='ocrx_word' id='word_1_592' title='bbox 1019 963 1254 992; x_wconf 76' lang='lat' dir='ltr'>delectamentum</span> <span class='ocrx_word' id='word_1_593' title='bbox 1276 964 1306 992; x_wconf 85' lang='lat' dir='ltr'>in</span> <span class='ocrx_word' id='word_1_594' title='bbox 1328 972 1357 992; x_wconf 69' lang='lat' dir='ltr'>se</span> <span class='ocrx_word' id='word_1_595' title='bbox 1378 967 1404 992; x_wconf 75' lang='lat' dir='ltr'>ec</span> <span class='ocrx_word' id='word_1_596' title='bbox 1423 964 1518 992; x_wconf 74' lang='lat' dir='ltr'>omnis</span> <span class='ocrx_word' id='word_1_597' title='bbox 1539 966 1657 1001; x_wconf 68' lang='lat' dir='ltr'>saporis</span> <span class='ocrx_word' id='word_1_598' title='bbox 1671 966 1866 999; x_wconf 57' lang='lat' dir='ltr'>saavi&#39;tatcnu</span> 
     </span>
     <span class='ocr_line' id='line_1_92' title="bbox 1019 1010 1865 1048; baseline 0.004 -10"><span class='ocrx_word' id='word_1_599' title='bbox 1019 1010 1065 1039; x_wconf 86' lang='lat' dir='ltr'>sed</span> <span class='ocrx_word' id='word_1_600' title='bbox 1081 1011 1117 1038; x_wconf 93' lang='lat' dir='ltr'>illi</span> <span class='ocrx_word' id='word_1_601' title='bbox 1134 1011 1180 1047; x_wconf 85' lang='lat' dir='ltr'>qui</span> <span class='ocrx_word' id='word_1_602' title='bbox 1197 1010 1402 1039; x_wconf 74' lang='lat' dir='ltr'>desiderabant</span> <span class='ocrx_word' id='word_1_603' title='bbox 1421 1019 1544 1048; x_wconf 76' lang='lat' dir='ltr'>pepones</span> <span class='ocrx_word' id='word_1_604' title='bbox 1559 1016 1583 1039; x_wconf 85' lang='lat' dir='ltr'>et</span> <span class='ocrx_word' id='word_1_605' title='bbox 1604 1012 1677 1040; x_wconf 80' lang='lat' dir='ltr'>allia</span> <span class='ocrx_word' id='word_1_606' title='bbox 1699 1021 1751 1041; x_wconf 87' lang='lat' dir='ltr'>uon</span> <span class='ocrx_word' id='word_1_607' title='bbox 1774 1021 1865 1041; x_wconf 87' lang='lat' dir='ltr'>sense-</span> 
     </span>
     <span class='ocr_line' id='line_1_93' title="bbox 1020 1058 1863 1094; baseline 0.002 -8"><span class='ocrx_word' id='word_1_608' title='bbox 1020 1061 1085 1086; x_wconf 88' lang='lat' dir='ltr'>runt</span> <span class='ocrx_word' id='word_1_609' title='bbox 1100 1058 1172 1085; x_wconf 90' lang='lat' dir='ltr'>illam</span> <span class='ocrx_word' id='word_1_610' title='bbox 1190 1058 1370 1086; x_wconf 87' lang='lat' dir='ltr'>suavitatem:</span> <span class='ocrx_word' id='word_1_611' title='bbox 1387 1058 1423 1086; x_wconf 89' lang='lat' dir='ltr'>ita</span> <span class='ocrx_word' id='word_1_612' title='bbox 1438 1058 1484 1094; x_wconf 88' lang='lat' dir='ltr'>qui</span> <span class='ocrx_word' id='word_1_613' title='bbox 1500 1058 1637 1087; x_wconf 89' lang='lat' dir='ltr'>desiderat</span> <span class='ocrx_word' id='word_1_614' title='bbox 1652 1060 1863 1088; x_wconf 84' lang='lat' dir='ltr'>consolationem</span> 
     </span>
     <span class='ocr_line' id='line_1_94' title="bbox 1020 1105 1866 1143; baseline 0.002 -10"><span class='ocrx_word' id='word_1_615' title='bbox 1020 1108 1158 1133; x_wconf 83' lang='lat' dir='ltr'>terrenam</span> <span class='ocrx_word' id='word_1_616' title='bbox 1187 1105 1287 1133; x_wconf 85' lang='lat' dir='ltr'>amittit</span> <span class='ocrx_word' id='word_1_617' title='bbox 1315 1105 1468 1134; x_wconf 85' lang='lat' dir='ltr'>caelestem.</span> <span class='ocrx_word' id='word_1_618' title='bbox 1493 1106 1564 1134; x_wconf 88' lang='lat' dir='ltr'>Deus</span> <span class='ocrx_word' id='word_1_619' title='bbox 1594 1106 1697 1135; x_wconf 87' lang='lat' dir='ltr'>ludaeis</span> <span class='ocrx_word' id='word_1_620' title='bbox 1724 1108 1866 1143; x_wconf 71' lang='lat' dir='ltr'>produxit</span> 
     </span>
     <span class='ocr_line' id='line_1_95' title="bbox 1020 1151 1866 1190; baseline 0.002 -10"><span class='ocrx_word' id='word_1_621' title='bbox 1020 1160 1128 1189; x_wconf 76' lang='lat' dir='ltr'>aquam</span> <span class='ocrx_word' id='word_1_622' title='bbox 1145 1152 1178 1180; x_wconf 70' lang='lat' dir='ltr'>cle</span> <span class='ocrx_word' id='word_1_623' title='bbox 1196 1156 1282 1188; x_wconf 81' lang='lat' dir='ltr'>petra</span> <span class='ocrx_word' id='word_1_624' title='bbox 1297 1151 1316 1179; x_wconf 82' lang='lat'>⁵.</span> <span class='ocrx_word' id='word_1_625' title='bbox 1339 1152 1391 1188; x_wconf 85' lang='lat' dir='ltr'>Qui</span> <span class='ocrx_word' id='word_1_626' title='bbox 1413 1156 1504 1181; x_wconf 80' lang='lat' dir='ltr'>essent</span> <span class='ocrx_word' id='word_1_627' title='bbox 1526 1153 1551 1180; x_wconf 85' lang='lat' dir='ltr'>in</span> <span class='ocrx_word' id='word_1_628' title='bbox 1568 1153 1674 1181; x_wconf 86' lang='lat' dir='ltr'>camino</span> <span class='ocrx_word' id='word_1_629' title='bbox 1697 1154 1866 1190; x_wconf 84' lang='lat' dir='ltr'>paupertatis</span> 
     </span>
     <span class='ocr_line' id='line_1_96' title="bbox 1021 1199 1865 1236; baseline 0.002 -9"><span class='ocrx_word' id='word_1_630' title='bbox 1021 1199 1046 1227; x_wconf 93' lang='lat' dir='ltr'>in</span> <span class='ocrx_word' id='word_1_631' title='bbox 1069 1199 1232 1235; x_wconf 88' lang='lat' dir='ltr'>asperitate,</span> <span class='ocrx_word' id='word_1_632' title='bbox 1255 1199 1281 1227; x_wconf 90' lang='lat' dir='ltr'>in</span> <span class='ocrx_word' id='word_1_633' title='bbox 1304 1199 1476 1236; x_wconf 81' lang='lat' dir='ltr'>integritate,</span> <span class='ocrx_word' id='word_1_634' title='bbox 1500 1199 1525 1228; x_wconf 89' lang='lat' dir='ltr'>in</span> <span class='ocrx_word' id='word_1_635' title='bbox 1553 1200 1723 1234; x_wconf 85' lang='lat' dir='ltr'>humilitate,</span> <span class='ocrx_word' id='word_1_636' title='bbox 1753 1201 1778 1229; x_wconf 92' lang='lat' dir='ltr'>in</span> <span class='ocrx_word' id='word_1_637' title='bbox 1802 1201 1865 1229; x_wconf 81' lang='lat' dir='ltr'>sini-</span> 
     </span>
     <span class='ocr_line' id='line_1_97' title="bbox 1021 1246 1864 1284; baseline 0.002 -11"><span class='ocrx_word' id='word_1_638' title='bbox 1021 1246 1139 1282; x_wconf 82' lang='lat' dir='ltr'>plicitate</span> <span class='ocrx_word' id='word_1_639' title='bbox 1161 1249 1188 1274; x_wconf 88' lang='lat' dir='ltr'>et</span> <span class='ocrx_word' id='word_1_640' title='bbox 1210 1246 1235 1273; x_wconf 91' lang='lat' dir='ltr'>in</span> <span class='ocrx_word' id='word_1_641' title='bbox 1265 1246 1448 1282; x_wconf 84' lang='lat' dir='ltr'>benignitate,</span> <span class='ocrx_word' id='word_1_642' title='bbox 1478 1246 1530 1275; x_wconf 89' lang='lat' dir='ltr'>illis</span> <span class='ocrx_word' id='word_1_643' title='bbox 1551 1246 1629 1275; x_wconf 87' lang='lat' dir='ltr'>daret</span> <span class='ocrx_word' id='word_1_644' title='bbox 1652 1247 1724 1275; x_wconf 88' lang='lat' dir='ltr'>Deus</span> <span class='ocrx_word' id='word_1_645' title='bbox 1749 1248 1864 1284; x_wconf 78' lang='lat' dir='ltr'>gratiam</span> 
     </span>
     <span class='ocr_line' id='line_1_98' title="bbox 1020 1294 1540 1326; baseline 0 -5"><span class='ocrx_word' id='word_1_646' title='bbox 1020 1301 1107 1326; x_wconf 87' lang='lat' dir='ltr'>suam,</span> <span class='ocrx_word' id='word_1_647' title='bbox 1130 1297 1156 1321; x_wconf 92' lang='lat' dir='ltr'>et</span> <span class='ocrx_word' id='word_1_648' title='bbox 1178 1296 1269 1321; x_wconf 85' lang='lat' dir='ltr'>essent</span> <span class='ocrx_word' id='word_1_649' title='bbox 1289 1301 1389 1321; x_wconf 86' lang='lat' dir='ltr'>aurum</span> <span class='ocrx_word' id='word_1_650' title='bbox 1413 1294 1540 1322; x_wconf 87' lang='lat' dir='ltr'>electum.</span> 
     </span>
    </p>

    <p class='ocr_par' dir='ltr' id='par_1_21' title="bbox 1018 1339 1866 2687">
     <span class='ocr_line' id='line_1_99' title="bbox 1099 1339 1866 1377; baseline 0.003 -10"><span class='ocrx_word' id='word_1_651' title='bbox 1099 1339 1223 1368; x_wconf 77' lang='lat' dir='ltr'>Secundo</span> <span class='ocrx_word' id='word_1_652' title='bbox 1244 1340 1342 1368; x_wconf 85' lang='lat' dir='ltr'>beatus</span> <span class='ocrx_word' id='word_1_653' title='bbox 1363 1340 1524 1368; x_wconf 82' lang='lat' dir='ltr'>Franciscus</span> <span class='ocrx_word' id='word_1_654' title='bbox 1551 1340 1603 1368; x_wconf 84' lang='lat' dir='ltr'>fuit</span> <span class='ocrx_word' id='word_1_655' title='bbox 1627 1341 1731 1369; x_wconf 86' lang='lat' dir='ltr'>electus</span> <span class='ocrx_word' id='word_1_656' title='bbox 1753 1344 1866 1377; x_wconf 87' lang='lat' dir='ltr'>propter</span> 
     </span>
     <span class='ocr_line' id='line_1_100' title="bbox 1019 1386 1866 1423; baseline 0.001 -9"><span class='ocrx_word' id='word_1_657' title='bbox 1019 1386 1087 1423; x_wconf 76' lang='lat' dir='ltr'>fidei</span> <span class='ocrx_word' id='word_1_658' title='bbox 1107 1386 1273 1414; x_wconf 84' lang='lat' dir='ltr'>christianae</span> <span class='ocrx_word' id='word_1_659' title='bbox 1296 1386 1521 1423; x_wconf 72' lang='lat' dir='ltr'>insuperabilem</span> <span class='ocrx_word' id='word_1_660' title='bbox 1543 1387 1648 1415; x_wconf 76' lang='lat' dir='ltr'>zelum.</span> <span class='ocrx_word' id='word_1_661' title='bbox 1674 1387 1710 1415; x_wconf 89' lang='lat' dir='ltr'>De</span> <span class='ocrx_word' id='word_1_662' title='bbox 1732 1388 1814 1415; x_wconf 87' lang='lat' dir='ltr'>Paulo</span> <span class='ocrx_word' id='word_1_663' title='bbox 1828 1387 1866 1415; x_wconf 86' lang='lat' dir='ltr'>di-</span> 
     </span>
     <span class='ocr_line' id='line_1_101' title="bbox 1019 1433 1865 1471; baseline 0.001 -10"><span class='ocrx_word' id='word_1_664' title='bbox 1019 1433 1092 1461; x_wconf 83' lang='lat' dir='ltr'>citur</span> <span class='ocrx_word' id='word_1_665' title='bbox 1107 1433 1134 1460; x_wconf 79' lang='lat'>⁶:</span> <span class='ocrx_word' id='word_1_666' title='bbox 1163 1433 1218 1461; x_wconf 80' lang='lat' dir='ltr'>Vas</span> <span class='ocrx_word' id='word_1_667' title='bbox 1240 1433 1382 1461; x_wconf 75' lang='lat' dir='ltr'>electionis</span> <span class='ocrx_word' id='word_1_668' title='bbox 1403 1438 1443 1461; x_wconf 74' lang='lat' dir='ltr'>est</span> <span class='ocrx_word' id='word_1_669' title='bbox 1464 1433 1538 1462; x_wconf 78' lang='lat' dir='ltr'>milii</span> <span class='ocrx_word' id='word_1_670' title='bbox 1561 1434 1622 1467; x_wconf 78' lang='lat' dir='ltr'>iste,</span> <span class='ocrx_word' id='word_1_671' title='bbox 1645 1438 1677 1462; x_wconf 75' lang='lat' dir='ltr'>ut</span> <span class='ocrx_word' id='word_1_672' title='bbox 1696 1438 1788 1471; x_wconf 83' lang='lat' dir='ltr'>portet</span> <span class='ocrx_word' id='word_1_673' title='bbox 1816 1443 1865 1462; x_wconf 86' lang='lat' dir='ltr'>no-</span> 
     </span>
     <span class='ocr_line' id='line_1_102' title="bbox 1019 1480 1864 1518; baseline 0.002 -11"><span class='ocrx_word' id='word_1_674' title='bbox 1019 1488 1084 1508; x_wconf 84' lang='lat' dir='ltr'>men</span> <span class='ocrx_word' id='word_1_675' title='bbox 1098 1488 1193 1508; x_wconf 80' lang='lat' dir='ltr'>meum</span> <span class='ocrx_word' id='word_1_676' title='bbox 1209 1488 1310 1508; x_wconf 76' lang='lat' dir='ltr'>eoram</span> <span class='ocrx_word' id='word_1_677' title='bbox 1322 1480 1455 1517; x_wconf 61' lang='lat' dir='ltr'>pentibus</span> <span class='ocrx_word' id='word_1_678' title='bbox 1470 1485 1493 1508; x_wconf 85' lang='lat' dir='ltr'>et</span> <span class='ocrx_word' id='word_1_679' title='bbox 1508 1480 1626 1518; x_wconf 58' lang='lat' dir='ltr'>regibus</span> <span class='ocrx_word' id='word_1_680' title='bbox 1641 1485 1664 1509; x_wconf 78' lang='lat' dir='ltr'>et</span> <span class='ocrx_word' id='word_1_681' title='bbox 1678 1481 1748 1517; x_wconf 73' lang='lat' dir='ltr'>siliis</span> <span class='ocrx_word' id='word_1_682' title='bbox 1763 1481 1864 1509; x_wconf 76' lang='lat' dir='ltr'>lsrael.</span> 
     </span>
     <span class='ocr_line' id='line_1_103' title="bbox 1021 1527 1866 1565; baseline 0.002 -11"><span class='ocrx_word' id='word_1_683' title='bbox 1021 1527 1103 1555; x_wconf 90' lang='lat' dir='ltr'>lstum</span> <span class='ocrx_word' id='word_1_684' title='bbox 1119 1527 1207 1555; x_wconf 87' lang='lat' dir='ltr'>zelum</span> <span class='ocrx_word' id='word_1_685' title='bbox 1224 1527 1320 1555; x_wconf 79' lang='lat' dir='ltr'>habuit</span> <span class='ocrx_word' id='word_1_686' title='bbox 1336 1527 1432 1556; x_wconf 88' lang='lat' dir='ltr'>beatus</span> <span class='ocrx_word' id='word_1_687' title='bbox 1455 1528 1563 1562; x_wconf 86' lang='lat' dir='ltr'>Paulus,</span> <span class='ocrx_word' id='word_1_688' title='bbox 1578 1528 1642 1565; x_wconf 87' lang='lat' dir='ltr'>qnia</span> <span class='ocrx_word' id='word_1_689' title='bbox 1666 1528 1752 1556; x_wconf 87' lang='lat' dir='ltr'>voluit</span> <span class='ocrx_word' id='word_1_690' title='bbox 1774 1528 1866 1557; x_wconf 87' lang='lat' dir='ltr'>multi-</span> 
     </span>
     <span class='ocr_line' id='line_1_104' title="bbox 1020 1573 1865 1611; baseline 0.004 -10"><span class='ocrx_word' id='word_1_691' title='bbox 1020 1573 1121 1609; x_wconf 83' lang='lat' dir='ltr'>plicare</span> <span class='ocrx_word' id='word_1_692' title='bbox 1143 1573 1224 1601; x_wconf 88' lang='lat' dir='ltr'>fidem</span> <span class='ocrx_word' id='word_1_693' title='bbox 1245 1574 1345 1602; x_wconf 86' lang='lat' dir='ltr'>Christi</span> <span class='ocrx_word' id='word_1_694' title='bbox 1368 1574 1442 1610; x_wconf 88' lang='lat' dir='ltr'>apud</span> <span class='ocrx_word' id='word_1_695' title='bbox 1465 1574 1585 1608; x_wconf 90' lang='lat' dir='ltr'>ludaeos,</span> <span class='ocrx_word' id='word_1_696' title='bbox 1608 1575 1681 1611; x_wconf 89' lang='lat' dir='ltr'>apud</span> <span class='ocrx_word' id='word_1_697' title='bbox 1699 1575 1817 1604; x_wconf 87' lang='lat' dir='ltr'>Graecos</span> <span class='ocrx_word' id='word_1_698' title='bbox 1838 1578 1865 1604; x_wconf 90' lang='lat' dir='ltr'>et</span> 
     </span>
     <span class='ocr_line' id='line_1_105' title="bbox 1020 1620 1864 1658; baseline 0.002 -11"><span class='ocrx_word' id='word_1_699' title='bbox 1020 1623 1114 1656; x_wconf 85' lang='lat' dir='ltr'>postea</span> <span class='ocrx_word' id='word_1_700' title='bbox 1135 1620 1208 1656; x_wconf 88' lang='lat' dir='ltr'>apud</span> <span class='ocrx_word' id='word_1_701' title='bbox 1232 1621 1373 1649; x_wconf 81' lang='lat' dir='ltr'>Romanos.</span> <span class='ocrx_word' id='word_1_702' title='bbox 1397 1621 1428 1648; x_wconf 88' lang='lat' dir='ltr'>Et</span> <span class='ocrx_word' id='word_1_703' title='bbox 1450 1621 1546 1649; x_wconf 85' lang='lat' dir='ltr'>beatus</span> <span class='ocrx_word' id='word_1_704' title='bbox 1568 1621 1728 1650; x_wconf 83' lang='lat' dir='ltr'>Franciscus</span> <span class='ocrx_word' id='word_1_705' title='bbox 1751 1625 1864 1658; x_wconf 89' lang='lat' dir='ltr'>propter</span> 
     </span>
     <span class='ocr_line' id='line_1_106' title="bbox 1019 1666 1862 1704; baseline 0.002 -10"><span class='ocrx_word' id='word_1_706' title='bbox 1019 1666 1159 1694; x_wconf 86' lang='lat' dir='ltr'>Christum</span> <span class='ocrx_word' id='word_1_707' title='bbox 1184 1674 1288 1703; x_wconf 84' lang='lat' dir='ltr'>pauper</span> <span class='ocrx_word' id='word_1_708' title='bbox 1310 1675 1369 1695; x_wconf 91' lang='lat' dir='ltr'>esse</span> <span class='ocrx_word' id='word_1_709' title='bbox 1392 1667 1477 1695; x_wconf 89' lang='lat' dir='ltr'>voluit</span> <span class='ocrx_word' id='word_1_710' title='bbox 1499 1670 1526 1696; x_wconf 85' lang='lat' dir='ltr'>et</span> <span class='ocrx_word' id='word_1_711' title='bbox 1548 1671 1660 1704; x_wconf 89' lang='lat' dir='ltr'>propter</span> <span class='ocrx_word' id='word_1_712' title='bbox 1689 1668 1777 1696; x_wconf 86' lang='lat' dir='ltr'>zelum</span> <span class='ocrx_word' id='word_1_713' title='bbox 1802 1668 1862 1696; x_wconf 81' lang='lat' dir='ltr'>fidei</span> 
     </span>
     <span class='ocr_line' id='line_1_107' title="bbox 1018 1713 1863 1750; baseline 0.002 -10"><span class='ocrx_word' id='word_1_714' title='bbox 1018 1721 1071 1740; x_wconf 77' lang='lat' dir='ltr'>vas</span> <span class='ocrx_word' id='word_1_715' title='bbox 1092 1713 1235 1741; x_wconf 77' lang='lat' dir='ltr'>electionis</span> <span class='ocrx_word' id='word_1_716' title='bbox 1257 1713 1308 1742; x_wconf 84' lang='lat' dir='ltr'>fuit</span> <span class='ocrx_word' id='word_1_717' title='bbox 1329 1714 1400 1745; x_wconf 78' lang='lat' dir='ltr'>Deo:</span> <span class='ocrx_word' id='word_1_718' title='bbox 1423 1722 1472 1750; x_wconf 88' lang='lat' dir='ltr'>per</span> <span class='ocrx_word' id='word_1_719' title='bbox 1495 1714 1655 1743; x_wconf 85' lang='lat' dir='ltr'>universum</span> <span class='ocrx_word' id='word_1_720' title='bbox 1682 1714 1776 1743; x_wconf 88' lang='lat' dir='ltr'>orbem</span> <span class='ocrx_word' id='word_1_721' title='bbox 1800 1714 1863 1748; x_wconf 92' lang='lat' dir='ltr'>ivit,</span> 
     </span>
     <span class='ocr_line' id='line_1_108' title="bbox 1020 1760 1865 1790; baseline 0.002 -3"><span class='ocrx_word' id='word_1_722' title='bbox 1020 1763 1049 1788; x_wconf 89' lang='lat' dir='ltr'>ut</span> <span class='ocrx_word' id='word_1_723' title='bbox 1072 1760 1138 1788; x_wconf 81' lang='lat' dir='ltr'>[ides</span> <span class='ocrx_word' id='word_1_724' title='bbox 1159 1760 1331 1789; x_wconf 85' lang='lat' dir='ltr'>dilataretur.</span> <span class='ocrx_word' id='word_1_725' title='bbox 1354 1761 1455 1789; x_wconf 88' lang='lat' dir='ltr'>Tribus</span> <span class='ocrx_word' id='word_1_726' title='bbox 1478 1761 1584 1789; x_wconf 85' lang='lat' dir='ltr'>vicibus</span> <span class='ocrx_word' id='word_1_727' title='bbox 1609 1762 1695 1789; x_wconf 88' lang='lat' dir='ltr'>voluit</span> <span class='ocrx_word' id='word_1_728' title='bbox 1723 1762 1763 1790; x_wconf 92' lang='lat' dir='ltr'>ire</span> <span class='ocrx_word' id='word_1_729' title='bbox 1791 1762 1865 1790; x_wconf 88' lang='lat' dir='ltr'>ultra</span> 
     </span>
     <span class='ocr_line' id='line_1_109' title="bbox 1021 1808 1863 1845; baseline 0.001 -10"><span class='ocrx_word' id='word_1_730' title='bbox 1021 1815 1096 1835; x_wconf 85' lang='lat' dir='ltr'>mare</span> <span class='ocrx_word' id='word_1_731' title='bbox 1117 1811 1144 1835; x_wconf 89' lang='lat' dir='ltr'>et</span> <span class='ocrx_word' id='word_1_732' title='bbox 1167 1816 1218 1835; x_wconf 91' lang='lat' dir='ltr'>non</span> <span class='ocrx_word' id='word_1_733' title='bbox 1242 1808 1331 1844; x_wconf 89' lang='lat' dir='ltr'>potuit</span> <span class='ocrx_word' id='word_1_734' title='bbox 1353 1811 1465 1844; x_wconf 88' lang='lat' dir='ltr'>propter</span> <span class='ocrx_word' id='word_1_735' title='bbox 1494 1808 1685 1845; x_wconf 82' lang='lat' dir='ltr'>naufragium,</span> <span class='ocrx_word' id='word_1_736' title='bbox 1707 1812 1731 1837; x_wconf 86' lang='lat' dir='ltr'>et</span> <span class='ocrx_word' id='word_1_737' title='bbox 1755 1809 1802 1836; x_wconf 86' lang='lat' dir='ltr'>ivit</span> <span class='ocrx_word' id='word_1_738' title='bbox 1831 1808 1863 1836; x_wconf 91' lang='lat' dir='ltr'>ad</span> 
     </span>
     <span class='ocr_line' id='line_1_110' title="bbox 1018 1854 1863 1891; baseline 0.001 -10"><span class='ocrx_word' id='word_1_739' title='bbox 1018 1854 1219 1882; x_wconf 86' lang='lat' dir='ltr'>Miramolinum</span> <span class='ocrx_word' id='word_1_740' title='bbox 1252 1854 1278 1882; x_wconf 85' lang='lat' dir='ltr'>in</span> <span class='ocrx_word' id='word_1_741' title='bbox 1309 1854 1434 1891; x_wconf 84' lang='lat' dir='ltr'>Hispania</span> <span class='ocrx_word' id='word_1_742' title='bbox 1461 1859 1487 1883; x_wconf 85' lang='lat' dir='ltr'>et</span> <span class='ocrx_word' id='word_1_743' title='bbox 1514 1855 1587 1891; x_wconf 89' lang='lat' dir='ltr'>apud</span> <span class='ocrx_word' id='word_1_744' title='bbox 1609 1855 1794 1889; x_wconf 84' lang='lat' dir='ltr'>Marochium,</span> <span class='ocrx_word' id='word_1_745' title='bbox 1817 1855 1863 1883; x_wconf 87' lang='lat' dir='ltr'>ubi</span> 
     </span>
     <span class='ocr_line' id='line_1_111' title="bbox 1019 1902 1865 1939; baseline 0.002 -10"><span class='ocrx_word' id='word_1_746' title='bbox 1019 1905 1113 1938; x_wconf 85' lang='lat' dir='ltr'>postea</span> <span class='ocrx_word' id='word_1_747' title='bbox 1132 1902 1241 1930; x_wconf 87' lang='lat' dir='ltr'>Fratres</span> <span class='ocrx_word' id='word_1_748' title='bbox 1262 1902 1347 1930; x_wconf 89' lang='lat' dir='ltr'>nostri</span> <span class='ocrx_word' id='word_1_749' title='bbox 1371 1902 1484 1931; x_wconf 78' lang='lat' dir='ltr'>suerunt</span> <span class='ocrx_word' id='word_1_750' title='bbox 1507 1903 1684 1939; x_wconf 82' lang='lat' dir='ltr'>martyrizati.</span> <span class='ocrx_word' id='word_1_751' title='bbox 1700 1904 1792 1931; x_wconf 85' lang='lat' dir='ltr'>Tertia</span> <span class='ocrx_word' id='word_1_752' title='bbox 1807 1903 1865 1931; x_wconf 90' lang='lat' dir='ltr'>vice</span> 
     </span>
     <span class='ocr_line' id='line_1_112' title="bbox 1018 1948 1863 1985; baseline 0.001 -9"><span class='ocrx_word' id='word_1_753' title='bbox 1018 1948 1067 1976; x_wconf 87' lang='lat' dir='ltr'>ivit</span> <span class='ocrx_word' id='word_1_754' title='bbox 1094 1949 1127 1977; x_wconf 90' lang='lat' dir='ltr'>ad</span> <span class='ocrx_word' id='word_1_755' title='bbox 1156 1948 1303 1977; x_wconf 88' lang='lat' dir='ltr'>Soldanum</span> <span class='ocrx_word' id='word_1_756' title='bbox 1320 1949 1329 1964; x_wconf 94' lang='lat'>⁷</span> <span class='ocrx_word' id='word_1_757' title='bbox 1351 1952 1378 1977; x_wconf 89' lang='lat' dir='ltr'>et</span> <span class='ocrx_word' id='word_1_758' title='bbox 1401 1949 1566 1985; x_wconf 85' lang='lat' dir='ltr'>praedicavit</span> <span class='ocrx_word' id='word_1_759' title='bbox 1584 1949 1664 1977; x_wconf 87' lang='lat' dir='ltr'>fidem</span> <span class='ocrx_word' id='word_1_760' title='bbox 1687 1950 1863 1978; x_wconf 83' lang='lat' dir='ltr'>christianam</span> 
     </span>
     <span class='ocr_line' id='line_1_113' title="bbox 1018 1995 1863 2032; baseline 0.001 -9"><span class='ocrx_word' id='word_1_761' title='bbox 1018 1998 1045 2023; x_wconf 89' lang='lat' dir='ltr'>et</span> <span class='ocrx_word' id='word_1_762' title='bbox 1059 1995 1240 2029; x_wconf 86' lang='lat' dir='ltr'>desiderabat,</span> <span class='ocrx_word' id='word_1_763' title='bbox 1256 1995 1329 2032; x_wconf 88' lang='lat' dir='ltr'>quod</span> <span class='ocrx_word' id='word_1_764' title='bbox 1344 1995 1551 2032; x_wconf 82' lang='lat' dir='ltr'>discerperetur</span> <span class='ocrx_word' id='word_1_765' title='bbox 1567 2004 1616 2032; x_wconf 91' lang='lat' dir='ltr'>pro</span> <span class='ocrx_word' id='word_1_766' title='bbox 1632 1996 1684 2024; x_wconf 84' lang='lat' dir='ltr'>lide</span> <span class='ocrx_word' id='word_1_767' title='bbox 1699 1996 1863 2030; x_wconf 85' lang='lat' dir='ltr'>christiana;</span> 
     </span>
     <span class='ocr_line' id='line_1_114' title="bbox 1019 2042 1865 2079; baseline 0.001 -9"><span class='ocrx_word' id='word_1_768' title='bbox 1019 2045 1045 2070; x_wconf 89' lang='lat' dir='ltr'>et</span> <span class='ocrx_word' id='word_1_769' title='bbox 1067 2042 1138 2070; x_wconf 78' lang='lat' dir='ltr'>dixit</span> <span class='ocrx_word' id='word_1_770' title='bbox 1159 2042 1307 2070; x_wconf 87' lang='lat' dir='ltr'>Soldanus:</span> <span class='ocrx_word' id='word_1_771' title='bbox 1335 2054 1348 2067; x_wconf 92' lang='lat'>«</span> <span class='ocrx_word' id='word_1_772' title='bbox 1363 2042 1537 2071; x_wconf 85' lang='lat' dir='ltr'>Adducamus</span> <span class='ocrx_word' id='word_1_773' title='bbox 1559 2043 1694 2079; x_wconf 89' lang='lat' dir='ltr'>sapientes</span> <span class='ocrx_word' id='word_1_774' title='bbox 1716 2046 1824 2071; x_wconf 89' lang='lat' dir='ltr'>nostros</span> <span class='ocrx_word' id='word_1_775' title='bbox 1838 2046 1865 2072; x_wconf 93' lang='lat' dir='ltr'>et</span> 
     </span>
     <span class='ocr_line' id='line_1_115' title="bbox 1018 2089 1864 2126; baseline 0.002 -10"><span class='ocrx_word' id='word_1_776' title='bbox 1018 2089 1191 2125; x_wconf 87' lang='lat' dir='ltr'>disputemus</span> <span class='ocrx_word' id='word_1_777' title='bbox 1212 2089 1245 2117; x_wconf 91' lang='lat' dir='ltr'>de</span> <span class='ocrx_word' id='word_1_778' title='bbox 1267 2089 1319 2117; x_wconf 80' lang='lat' dir='ltr'>lide</span> <span class='ocrx_word' id='word_1_779' title='bbox 1341 2093 1435 2117; x_wconf 86' lang='lat' dir='ltr'>nostra</span> <span class='ocrx_word' id='word_1_780' title='bbox 1466 2092 1493 2118; x_wconf 87' lang='lat' dir='ltr'>et</span> <span class='ocrx_word' id='word_1_781' title='bbox 1515 2093 1605 2118; x_wconf 89' lang='lat' dir='ltr'>vestra</span> <span class='ocrx_word' id='word_1_782' title='bbox 1622 2101 1654 2123; x_wconf 83' lang='lat'>»;</span> <span class='ocrx_word' id='word_1_783' title='bbox 1676 2093 1702 2118; x_wconf 91' lang='lat' dir='ltr'>et</span> <span class='ocrx_word' id='word_1_784' title='bbox 1724 2090 1864 2126; x_wconf 89' lang='lat' dir='ltr'>respondit</span> 
     </span>
     <span class='ocr_line' id='line_1_116' title="bbox 1019 2136 1863 2173; baseline 0.002 -10"><span class='ocrx_word' id='word_1_785' title='bbox 1019 2136 1116 2164; x_wconf 89' lang='lat' dir='ltr'>beatus</span> <span class='ocrx_word' id='word_1_786' title='bbox 1136 2136 1313 2164; x_wconf 84' lang='lat' dir='ltr'>Franciscus:</span> <span class='ocrx_word' id='word_1_787' title='bbox 1337 2148 1351 2161; x_wconf 90' lang='lat'>«</span> <span class='ocrx_word' id='word_1_788' title='bbox 1365 2136 1442 2165; x_wconf 85' lang='lat' dir='ltr'>Fides</span> <span class='ocrx_word' id='word_1_789' title='bbox 1458 2139 1551 2165; x_wconf 87' lang='lat' dir='ltr'>nostra</span> <span class='ocrx_word' id='word_1_790' title='bbox 1566 2140 1607 2165; x_wconf 89' lang='lat' dir='ltr'>est</span> <span class='ocrx_word' id='word_1_791' title='bbox 1621 2145 1705 2173; x_wconf 84' lang='lat' dir='ltr'>super</span> <span class='ocrx_word' id='word_1_792' title='bbox 1721 2137 1863 2171; x_wconf 87' lang='lat' dir='ltr'>rationem,</span> 
     </span>
     <span class='ocr_line' id='line_1_117' title="bbox 1019 2183 1863 2220; baseline 0.004 -10"><span class='ocrx_word' id='word_1_793' title='bbox 1019 2186 1045 2211; x_wconf 88' lang='lat' dir='ltr'>et</span> <span class='ocrx_word' id='word_1_794' title='bbox 1067 2183 1136 2211; x_wconf 85' lang='lat' dir='ltr'>ratio</span> <span class='ocrx_word' id='word_1_795' title='bbox 1160 2191 1211 2211; x_wconf 81' lang='lat' dir='ltr'>non</span> <span class='ocrx_word' id='word_1_796' title='bbox 1234 2187 1274 2211; x_wconf 86' lang='lat' dir='ltr'>est</span> <span class='ocrx_word' id='word_1_797' title='bbox 1295 2183 1393 2211; x_wconf 75' lang='lat' dir='ltr'>efficax</span> <span class='ocrx_word' id='word_1_798' title='bbox 1410 2183 1460 2211; x_wconf 91' lang='lat' dir='ltr'>nisi</span> <span class='ocrx_word' id='word_1_799' title='bbox 1477 2183 1608 2217; x_wconf 88' lang='lat' dir='ltr'>credenti,</span> <span class='ocrx_word' id='word_1_800' title='bbox 1631 2187 1657 2212; x_wconf 89' lang='lat' dir='ltr'>et</span> <span class='ocrx_word' id='word_1_801' title='bbox 1679 2192 1732 2212; x_wconf 90' lang='lat' dir='ltr'>non</span> <span class='ocrx_word' id='word_1_802' title='bbox 1752 2192 1863 2220; x_wconf 83' lang='lat' dir='ltr'>possum</span> 
     </span>
     <span class='ocr_line' id='line_1_118' title="bbox 1019 2230 1864 2267; baseline 0.002 -10"><span class='ocrx_word' id='word_1_803' title='bbox 1019 2237 1137 2266; x_wconf 73' lang='lat' dir='ltr'>arguere</span> <span class='ocrx_word' id='word_1_804' title='bbox 1159 2238 1207 2266; x_wconf 85' lang='lat' dir='ltr'>per</span> <span class='ocrx_word' id='word_1_805' title='bbox 1229 2238 1334 2258; x_wconf 79' lang='lat' dir='ltr'>sacram</span> <span class='ocrx_word' id='word_1_806' title='bbox 1358 2230 1545 2266; x_wconf 87' lang='lat' dir='ltr'>Scripturam,</span> <span class='ocrx_word' id='word_1_807' title='bbox 1567 2231 1632 2267; x_wconf 88' lang='lat' dir='ltr'>quia</span> <span class='ocrx_word' id='word_1_808' title='bbox 1658 2231 1706 2267; x_wconf 86' lang='lat' dir='ltr'>ipsi</span> <span class='ocrx_word' id='word_1_809' title='bbox 1730 2239 1782 2259; x_wconf 91' lang='lat' dir='ltr'>non</span> <span class='ocrx_word' id='word_1_810' title='bbox 1806 2239 1864 2259; x_wconf 86' lang='lat' dir='ltr'>cre-</span> 
     </span>
     <span class='ocr_line' id='line_1_119' title="bbox 1018 2277 1864 2314; baseline 0.002 -10"><span class='ocrx_word' id='word_1_811' title='bbox 1018 2277 1088 2305; x_wconf 86' lang='lat' dir='ltr'>dunt</span> <span class='ocrx_word' id='word_1_812' title='bbox 1110 2284 1204 2305; x_wconf 87' lang='lat' dir='ltr'>sacrae</span> <span class='ocrx_word' id='word_1_813' title='bbox 1225 2277 1400 2313; x_wconf 53' lang='lat' dir='ltr'>scripturam</span> <span class='ocrx_word' id='word_1_814' title='bbox 1423 2277 1469 2305; x_wconf 90' lang='lat' dir='ltr'>sed</span> <span class='ocrx_word' id='word_1_815' title='bbox 1498 2277 1545 2305; x_wconf 84' lang='lat' dir='ltr'>liat</span> <span class='ocrx_word' id='word_1_816' title='bbox 1574 2278 1643 2314; x_wconf 80' lang='lat' dir='ltr'>ignis</span> <span class='ocrx_word' id='word_1_817' title='bbox 1668 2286 1702 2306; x_wconf 82' lang='lat' dir='ltr'>ex</span> <span class='ocrx_word' id='word_1_818' title='bbox 1726 2278 1809 2311; x_wconf 82' lang='lat' dir='ltr'>silva,</span> <span class='ocrx_word' id='word_1_819' title='bbox 1838 2281 1864 2306; x_wconf 91' lang='lat' dir='ltr'>et</span> 
     </span>
     <span class='ocr_line' id='line_1_120' title="bbox 1019 2324 1865 2361; baseline 0.002 -10"><span class='ocrx_word' id='word_1_820' title='bbox 1019 2324 1128 2352; x_wconf 89' lang='lat' dir='ltr'>intrabo</span> <span class='ocrx_word' id='word_1_821' title='bbox 1150 2324 1238 2360; x_wconf 76' lang='lat' dir='ltr'>ignem</span> <span class='ocrx_word' id='word_1_822' title='bbox 1261 2332 1323 2352; x_wconf 87' lang='lat' dir='ltr'>cum</span> <span class='ocrx_word' id='word_1_823' title='bbox 1347 2324 1517 2360; x_wconf 88' lang='lat' dir='ltr'>sapientibus</span> <span class='ocrx_word' id='word_1_824' title='bbox 1540 2325 1653 2359; x_wconf 82' lang='lat' dir='ltr'>vestris,</span> <span class='ocrx_word' id='word_1_825' title='bbox 1675 2329 1702 2353; x_wconf 85' lang='lat' dir='ltr'>et</span> <span class='ocrx_word' id='word_1_826' title='bbox 1721 2325 1767 2361; x_wconf 86' lang='lat' dir='ltr'>qui</span> <span class='ocrx_word' id='word_1_827' title='bbox 1790 2333 1865 2353; x_wconf 85' lang='lat' dir='ltr'>coni-</span> 
     </span>
     <span class='ocr_line' id='line_1_121' title="bbox 1019 2370 1866 2407; baseline 0.001 -9"><span class='ocrx_word' id='word_1_828' title='bbox 1019 2370 1091 2399; x_wconf 86' lang='lat' dir='ltr'>busti</span> <span class='ocrx_word' id='word_1_829' title='bbox 1108 2370 1220 2403; x_wconf 84' lang='lat' dir='ltr'>suerint,</span> <span class='ocrx_word' id='word_1_830' title='bbox 1237 2370 1346 2398; x_wconf 90' lang='lat' dir='ltr'>illorum</span> <span class='ocrx_word' id='word_1_831' title='bbox 1364 2371 1408 2399; x_wconf 83' lang='lat' dir='ltr'>lex</span> <span class='ocrx_word' id='word_1_832' title='bbox 1424 2374 1465 2399; x_wconf 88' lang='lat' dir='ltr'>est</span> <span class='ocrx_word' id='word_1_833' title='bbox 1482 2371 1550 2399; x_wconf 87' lang='lat' dir='ltr'>mala</span> <span class='ocrx_word' id='word_1_834' title='bbox 1564 2383 1576 2396; x_wconf 92' lang='lat'>»</span> <span class='ocrx_word' id='word_1_835' title='bbox 1592 2382 1596 2405; x_wconf 92' lang='lat'>;</span> <span class='ocrx_word' id='word_1_836' title='bbox 1613 2375 1640 2399; x_wconf 85' lang='lat' dir='ltr'>et</span> <span class='ocrx_word' id='word_1_837' title='bbox 1654 2372 1744 2400; x_wconf 86' lang='lat' dir='ltr'>statim</span> <span class='ocrx_word' id='word_1_838' title='bbox 1762 2371 1866 2407; x_wconf 86' lang='lat' dir='ltr'>sapien-</span> 
     </span>
     <span class='ocr_line' id='line_1_122' title="bbox 1020 2417 1865 2454; baseline 0.001 -9"><span class='ocrx_word' id='word_1_839' title='bbox 1020 2420 1059 2446; x_wconf 86' lang='lat' dir='ltr'>tes</span> <span class='ocrx_word' id='word_1_840' title='bbox 1080 2417 1187 2445; x_wconf 86' lang='lat' dir='ltr'>Soldani</span> <span class='ocrx_word' id='word_1_841' title='bbox 1205 2420 1394 2451; x_wconf 78' lang='lat' dir='ltr'>recesserunt3</span> <span class='ocrx_word' id='word_1_842' title='bbox 1411 2421 1437 2446; x_wconf 91' lang='lat' dir='ltr'>et</span> <span class='ocrx_word' id='word_1_843' title='bbox 1453 2418 1554 2454; x_wconf 85' lang='lat' dir='ltr'>incepit</span> <span class='ocrx_word' id='word_1_844' title='bbox 1568 2418 1702 2447; x_wconf 75' lang='lat' dir='ltr'>soldanus</span> <span class='ocrx_word' id='word_1_845' title='bbox 1720 2418 1865 2447; x_wconf 88' lang='lat' dir='ltr'>subridere</span> 
     </span>
     <span class='ocr_line' id='line_1_123' title="bbox 1019 2464 1863 2502; baseline -0.001 -9"><span class='ocrx_word' id='word_1_846' title='bbox 1019 2468 1045 2493; x_wconf 91' lang='lat' dir='ltr'>et</span> <span class='ocrx_word' id='word_1_847' title='bbox 1067 2464 1152 2492; x_wconf 80' lang='lat' dir='ltr'>dixit:</span> <span class='ocrx_word' id='word_1_848' title='bbox 1179 2475 1191 2489; x_wconf 75' lang='grc' dir='ltr'>α</span> <span class='ocrx_word' id='word_1_849' title='bbox 1208 2464 1265 2492; x_wconf 88' lang='lat' dir='ltr'>Non</span> <span class='ocrx_word' id='word_1_850' title='bbox 1287 2464 1378 2498; x_wconf 88' lang='lat' dir='ltr'>credo,</span> <span class='ocrx_word' id='word_1_851' title='bbox 1402 2465 1475 2501; x_wconf 87' lang='lat' dir='ltr'>quod</span> <span class='ocrx_word' id='word_1_852' title='bbox 1498 2465 1648 2493; x_wconf 85' lang='lat' dir='ltr'>invenirem</span> <span class='ocrx_word' id='word_1_853' title='bbox 1671 2466 1801 2502; x_wconf 86' lang='lat' dir='ltr'>aliquem,</span> <span class='ocrx_word' id='word_1_854' title='bbox 1817 2465 1863 2501; x_wconf 91' lang='lat' dir='ltr'>qui</span> 
     </span>
     <span class='ocr_line' id='line_1_124' title="bbox 1019 2511 1865 2548; baseline 0 -9"><span class='ocrx_word' id='word_1_855' title='bbox 1019 2512 1135 2539; x_wconf 90' lang='lat' dir='ltr'>intraret</span> <span class='ocrx_word' id='word_1_856' title='bbox 1157 2511 1298 2539; x_wconf 87' lang='lat' dir='ltr'>vobiscum</span> <span class='ocrx_word' id='word_1_857' title='bbox 1321 2511 1410 2548; x_wconf 83' lang='lat' dir='ltr'>ignem</span> <span class='ocrx_word' id='word_1_858' title='bbox 1427 2524 1452 2539; x_wconf 76' lang='grc' dir='ltr'>ι).</span> <span class='ocrx_word' id='word_1_859' title='bbox 1482 2512 1513 2540; x_wconf 88' lang='grc' dir='ltr'>Ει</span> <span class='ocrx_word' id='word_1_860' title='bbox 1534 2512 1605 2540; x_wconf 84' lang='lat' dir='ltr'>dixit</span> <span class='ocrx_word' id='word_1_861' title='bbox 1635 2513 1731 2541; x_wconf 85' lang='lat' dir='ltr'>beatus</span> <span class='ocrx_word' id='word_1_862' title='bbox 1757 2512 1865 2540; x_wconf 87' lang='lat' dir='ltr'>Franci-</span> 
     </span>
     <span class='ocr_line' id='line_1_125' title="bbox 1019 2558 1865 2595; baseline 0.001 -9"><span class='ocrx_word' id='word_1_863' title='bbox 1019 2566 1097 2586; x_wconf 86' lang='lat' dir='ltr'>scus:</span> <span class='ocrx_word' id='word_1_864' title='bbox 1125 2569 1138 2583; x_wconf 84' lang='lat'>«</span> <span class='ocrx_word' id='word_1_865' title='bbox 1154 2558 1207 2595; x_wconf 81' lang='lat' dir='ltr'>Ego</span> <span class='ocrx_word' id='word_1_866' title='bbox 1229 2558 1304 2586; x_wconf 88' lang='lat' dir='ltr'>solus</span> <span class='ocrx_word' id='word_1_867' title='bbox 1327 2559 1387 2586; x_wconf 87' lang='lat' dir='ltr'>volo</span> <span class='ocrx_word' id='word_1_868' title='bbox 1409 2558 1522 2593; x_wconf 82' lang='lat' dir='ltr'>intrare,</span> <span class='ocrx_word' id='word_1_869' title='bbox 1544 2563 1570 2587; x_wconf 88' lang='lat' dir='ltr'>et</span> <span class='ocrx_word' id='word_1_870' title='bbox 1592 2559 1612 2587; x_wconf 89' lang='lat' dir='ltr'>si</span> <span class='ocrx_word' id='word_1_871' title='bbox 1636 2559 1793 2592; x_wconf 87' lang='lat' dir='ltr'>comburar,</span> <span class='ocrx_word' id='word_1_872' title='bbox 1816 2559 1865 2587; x_wconf 89' lang='lat' dir='ltr'>im-</span> 
     </span>
     <span class='ocr_line' id='line_1_126' title="bbox 1020 2605 1865 2642; baseline 0 -9"><span class='ocrx_word' id='word_1_873' title='bbox 1020 2608 1133 2641; x_wconf 85' lang='lat' dir='ltr'>putetur</span> <span class='ocrx_word' id='word_1_874' title='bbox 1156 2605 1273 2641; x_wconf 85' lang='lat' dir='ltr'>peccatis</span> <span class='ocrx_word' id='word_1_875' title='bbox 1296 2605 1379 2638; x_wconf 86' lang='lat' dir='ltr'>meis;</span> <span class='ocrx_word' id='word_1_876' title='bbox 1401 2605 1421 2633; x_wconf 88' lang='lat' dir='ltr'>si</span> <span class='ocrx_word' id='word_1_877' title='bbox 1445 2614 1508 2639; x_wconf 91' lang='lat' dir='ltr'>non,</span> <span class='ocrx_word' id='word_1_878' title='bbox 1526 2606 1674 2642; x_wconf 81' lang='lat' dir='ltr'>recipiatur</span> <span class='ocrx_word' id='word_1_879' title='bbox 1691 2606 1757 2634; x_wconf 83' lang='lat' dir='ltr'>fides</span> <span class='ocrx_word' id='word_1_880' title='bbox 1773 2609 1865 2634; x_wconf 88' lang='lat' dir='ltr'>nostra</span> 
     </span>
     <span class='ocr_line' id='line_1_127' title="bbox 1019 2651 1862 2687; baseline 0.001 -8"><span class='ocrx_word' id='word_1_881' title='bbox 1019 2651 1209 2679; x_wconf 86' lang='lat' dir='ltr'>christiana».</span> <span class='ocrx_word' id='word_1_882' title='bbox 1234 2651 1263 2679; x_wconf 86' lang='lat' dir='ltr'>Et</span> <span class='ocrx_word' id='word_1_883' title='bbox 1286 2652 1425 2687; x_wconf 89' lang='lat' dir='ltr'>respondit</span> <span class='ocrx_word' id='word_1_884' title='bbox 1447 2652 1595 2680; x_wconf 85' lang='lat' dir='ltr'>Soldanus:</span> <span class='ocrx_word' id='word_1_885' title='bbox 1625 2664 1634 2675; x_wconf 67' lang='lat' dir='ltr'>u</span> <span class='ocrx_word' id='word_1_886' title='bbox 1651 2652 1706 2680; x_wconf 91' lang='lat' dir='ltr'>Non</span> <span class='ocrx_word' id='word_1_887' title='bbox 1733 2652 1862 2680; x_wconf 86' lang='lat' dir='ltr'>auderem</span> 
     </span>
    </p>
   </div>
   <div class='ocr_carea' id='block_1_17' title="bbox 1081 2820 1847 2925">
    <p class='ocr_par' dir='ltr' id='par_1_22' title="bbox 1081 2820 1847 2925">
     <span class='ocr_line' id='line_1_128' title="bbox 1081 2820 1847 2849; baseline 0 -7"><span class='ocrx_word' id='word_1_888' title='bbox 1081 2820 1090 2832; x_wconf 76' lang='lat'>⁴</span> <span class='ocrx_word' id='word_1_889' title='bbox 1109 2822 1189 2843; x_wconf 78' lang='lat' dir='ltr'>Psalm.</span> <span class='ocrx_word' id='word_1_890' title='bbox 1206 2821 1244 2848; x_wconf 76' lang='lat'>77,</span> <span class='ocrx_word' id='word_1_891' title='bbox 1262 2821 1304 2847; x_wconf 61' lang='lat'>2¹23</span> <span class='ocrx_word' id='word_1_892' title='bbox 1322 2824 1450 2849; x_wconf 80' lang='lat' dir='ltr'>sequuntur</span> <span class='ocrx_word' id='word_1_893' title='bbox 1468 2822 1520 2848; x_wconf 79' lang='lat' dir='ltr'>Sap.</span> <span class='ocrx_word' id='word_1_894' title='bbox 1544 2821 1576 2847; x_wconf 82' lang='grc'>16,</span> <span class='ocrx_word' id='word_1_895' title='bbox 1594 2821 1630 2842; x_wconf 72' lang='lat'>20.</span> <span class='ocrx_word' id='word_1_896' title='bbox 1649 2824 1670 2842; x_wconf 82' lang='lat' dir='ltr'>ot</span> <span class='ocrx_word' id='word_1_897' title='bbox 1688 2821 1754 2842; x_wconf 74' lang='lat' dir='ltr'>Num.</span> <span class='ocrx_word' id='word_1_898' title='bbox 1776 2822 1809 2847; x_wconf 87' lang='lat' dir='ltr'>ll,</span> <span class='ocrx_word' id='word_1_899' title='bbox 1827 2821 1847 2843; x_wconf 77' lang='grc' dir='ltr'>ὃ.</span> 
     </span>
     <span class='ocr_line' id='line_1_129' title="bbox 1082 2859 1498 2888; baseline 0 -7"><span class='ocrx_word' id='word_1_900' title='bbox 1082 2859 1090 2871; x_wconf 77' lang='lat'>⁵</span> <span class='ocrx_word' id='word_1_901' title='bbox 1108 2860 1238 2887; x_wconf 73' lang='lat' dir='ltr'>Respicitur</span> <span class='ocrx_word' id='word_1_902' title='bbox 1256 2860 1321 2881; x_wconf 77' lang='lat' dir='ltr'>Num.</span> <span class='ocrx_word' id='word_1_903' title='bbox 1339 2860 1376 2885; x_wconf 69' lang='lat'>⁶20,</span> <span class='ocrx_word' id='word_1_904' title='bbox 1395 2861 1415 2881; x_wconf 53' lang='grc' dir='ltr'>ἢ,</span> <span class='ocrx_word' id='word_1_905' title='bbox 1435 2865 1498 2888; x_wconf 67' lang='lat' dir='ltr'>seqq.</span> 
     </span>
     <span class='ocr_line' id='line_1_130' title="bbox 1081 2897 1250 2925; baseline -0.006 -5"><span class='ocrx_word' id='word_1_906' title='bbox 1081 2897 1090 2910; x_wconf 61' lang='grc' dir='ltr'>ὅ</span> <span class='ocrx_word' id='word_1_907' title='bbox 1108 2900 1154 2920; x_wconf 73' lang='lat' dir='ltr'>Act.</span> <span class='ocrx_word' id='word_1_908' title='bbox 1173 2899 1195 2925; x_wconf 81' lang='grc'>9,</span> <span class='ocrx_word' id='word_1_909' title='bbox 1217 2898 1250 2920; x_wconf 70' lang='lat'>15.</span> 
     </span>
    </p>
   </div>
   <div class='ocr_carea' id='block_1_18' title="bbox 1081 2936 1432 2989">
    <p class='ocr_par' dir='ltr' id='par_1_23' title="bbox 1081 2936 1432 2989">
     <span class='ocr_line' id='line_1_131' title="bbox 1081 2936 1432 2989; baseline -0.003 -30"><span class='ocrx_word' id='word_1_910' title='bbox 1081 2936 1089 2949; x_wconf 85' lang='lat'>⁷</span> <span class='ocrx_word' id='word_1_911' title='bbox 1106 2937 1276 2989; x_wconf 33' lang='lat' dir='ltr'>cuzxLeg-cmta</span> <span class='ocrx_word' id='word_1_912' title='bbox 1295 2943 1314 2959; x_wconf 81' lang='lat' dir='ltr'>c.</span> <span class='ocrx_word' id='word_1_913' title='bbox 1333 2938 1352 2958; x_wconf 79' lang='grc'>9.</span> <span class='ocrx_word' id='word_1_914' title='bbox 1373 2944 1393 2959; x_wconf 85' lang='lat' dir='ltr'>n.</span> <span class='ocrx_word' id='word_1_915' title='bbox 1412 2937 1432 2959; x_wconf 75' lang='lat'>8.</span> 
     </span>
    </p>
   </div>
   <div class='ocr_carea' id='block_1_19' title="bbox 1910 294 1973 312">
    <p class='ocr_par' dir='ltr' id='par_1_24' title="bbox 1910 294 1973 312">
     <span class='ocr_line' id='line_1_132' title="bbox 1910 294 1973 312; baseline 0 0"><span class='ocrx_word' id='word_1_916' title='bbox 1910 294 1973 312; x_wconf 76' lang='lat' dir='ltr'>labile.</span> 
     </span>
    </p>
   </div>
   <div class='ocr_carea' id='block_1_20' title="bbox 1884 1347 2010 1366">
    <p class='ocr_par' dir='ltr' id='par_1_25' title="bbox 1884 1347 2010 1366">
     <span class='ocr_line' id='line_1_133' title="bbox 1884 1347 2010 1366; baseline 0.008 -1"><span class='ocrx_word' id='word_1_917' title='bbox 1884 1347 1910 1366; x_wconf 83' lang='lat' dir='ltr'>De</span> <span class='ocrx_word' id='word_1_918' title='bbox 1921 1348 2010 1366; x_wconf 77' lang='lat' dir='ltr'>secundo.</span> 
     </span>
    </p>
   </div>
   <div class='ocr_carea' id='block_1_21' title="bbox 1884 1630 2010 1671">
    <p class='ocr_par' dir='ltr' id='par_1_26' title="bbox 1884 1630 2010 1671">
     <span class='ocr_line' id='line_1_134' title="bbox 1884 1630 2010 1648; baseline -0.008 0"><span class='ocrx_word' id='word_1_919' title='bbox 1884 1630 1902 1647; x_wconf 64' lang='lat' dir='ltr'>S,</span> <span class='ocrx_word' id='word_1_920' title='bbox 1917 1630 2010 1648; x_wconf 81' lang='lat' dir='ltr'>Francisci</span> 
     </span>
     <span class='ocr_line' id='line_1_135' title="bbox 1916 1653 1974 1671; baseline 0 0"><span class='ocrx_word' id='word_1_921' title='bbox 1916 1653 1974 1671; x_wconf 79' lang='lat' dir='ltr'>zelus.</span> 
     </span>
    </p>
   </div>
  </div>
 </body>
</html>
