2243 3348
270 739 347 758 Divisio.

365 240 422 268 294

365 318 503 346 inventam
526 320 552 345 et
574 316 716 344 liberatam
738 314 772 342 ad
793 313 864 342 ovile
885 311 1008 340 caelestis
1033 309 1138 346 patriae
1166 316 1210 336 re-

365 364 479 392 duceret
500 367 527 392 et
548 371 603 391 una
618 370 682 390 0001
704 368 787 397 grege
801 358 924 395 angelico
945 358 971 385 in
994 356 1086 393 quiete
1106 354 1211 392 gloriae

366 411 520 439 collocaret.
536 409 586 438 Sed
602 409 667 445 quia
688 407 721 435 ad
736 407 839 434 bonum
854 407 991 441 pastorem
1012 402 1131 439 pertinet
1144 409 1211 437 erga

366 464 447 486 suum
469 463 579 493 gregem
609 454 696 490 primo
718 452 820 480 habere
841 449 1063 478 sollicitudinem
1087 447 1210 484 1119111111-

366 503 423 531 tiae
451 502 477 530 in
500 499 694 531 custodiendo,
719 497 817 526 deinde
844 495 978 533 affectum
1005 493 1212 522 benevolentiae

366 550 391 577 in
413 547 528 576 fovendo
549 547 590 574 vel
614 544 776 577 nutriendo,
799 546 893 579 postea
917 540 1118 569 discrecio-neni
1137 547 1210 575 prn-

365 594 477 623 dentiae
498 601 548 629 pro
570 591 669 619 ovibus
697 589 818 626 propriis
846 587 985 616 sumtibus
1012 585 1210 622 expendent103

364 641 424 668 ideo
439 640 464 667 in
483 638 566 667 verbo
581 636 720 674 proposito
735 635 890 663 ostenditur
905 634 984 662 nobis
999 633 1088 662 bonus
1104 635 1210 669 pastor,

364 687 490 715 Christus
512 684 651 712 imitabilis
667 683 675 698 ¹
699 686 725 711 et
747 680 971 710 commendabilis
985 688 1001 708 a
1019 679 1111 708 tribus
1132 686 1211 715 prae-

363 732 442 761 dictis
463 730 674 760 conditionibus.
698 729 787 757 Primo
815 734 937 763 namque
958 725 1167 754 commendatur
1195 733 1211 753 a

350 777 556 806 'sollieitudine
578 775 748 813 viyilantiae
763 775 789 802 in
812 773 990 802 exsecutione
1013 771 1158 808 pastoralis
1172 771 1211 800 of-

274 1668 319 1686 Pars
333 1668 346 1685 l.

233 1947 346 1966 Subdivisio.

227 2367 255 2386 De
268 2367 351 2394 membro

257 2396 324 2414 primo.

364 824 432 854 ficii:
456 823 592 856 secundo,
611 831 627 850 a
647 821 802 850 latitudine
824 819 1030 847 benevolentiae
1051 818 1077 846 in
1100 818 1211 854 exposi-

365 870 436 898 tione
449 869 574 905 corporis
589 868 709 905 proprii;
723 867 812 899 tertio,
825 874 840 894 a
855 865 1026 893 discretione
1034 864 1211 901 prudenciae

364 916 390 944 in
406 915 566 944 liberatione
581 915 623 943 sui
638 914 738 950 gregis,
750 921 804 941 non
819 912 908 940 alieni.
922 927 958 933 ——
971 911 1060 939 Primo
1072 918 1210 939 commen-

363 962 446 991 datur
461 962 550 990 bonus
564 965 658 998 pastor
673 960 799 988 Christus
813 967 829 987 a
850 958 1033 987 sollicitudine
1055 957 1212 994 vigilantiae

365 1010 395 1037 in
416 1008 595 1037 exsecatione
613 1006 775 1044 pastoralis
793 1004 896 1043 offleii,
919 1013 981 1033 cum
1004 1004 1085 1033 dicit:
1102 1005 1211 1033 Pastor

365 1056 464 1084 bonas.
488 1055 596 1082 Bonitas
611 1054 683 1082 enim
699 1052 817 1088 pastoris
831 1051 995 1085 ostenditur,
1011 1059 1074 1080 cum
1096 1050 1211 1079 sollicite

364 1103 457 1139 vigilat
479 1105 505 1129 et
527 1100 646 1129 custodit
672 1106 782 1136 gregem
806 1106 898 1127 suum.
921 1097 1046 1126 Secundo
1071 1105 1210 1126 commen*

364 1149 445 1177 datur
467 1156 482 1176 a
505 1147 647 1175 latitudine
670 1145 876 1174 benevolentiae
898 1145 929 1173 in
951 1144 1126 1181 expositio-ne
1147 1152 1211 1172 cor-

360 1196 444 1232 poris
457 1194 575 1231 proprii
584 1216 590 1226 ,
606 1201 669 1221 cum
692 1192 800 1221 subdit:
816 1192 950 1220 animani
972 1199 1059 1219 81111111
1080 1192 1140 1219 (lat.
1156 1191 1211 1219 Ma-

364 1243 406 1270 ius
421 1242 492 1270 enim
515 1241 623 1277 signum
639 1239 792 1268 dilectionis
813 1241 840 1267 et
854 1238 1060 1267 benevolentiae
1082 1246 1138 1276 non
1150 1240 1211 1274 pot-

364 1293 405 1317 est
427 1290 519 1325 pastor
541 1295 606 1323 erga
635 1294 717 1314 suum
739 1293 850 1322 gregem
881 1285 1041 1317 ostendere,
1068 1292 1151 1321 quam
1179 1287 1211 1312 ut

366 1343 414 1371 pro
437 1334 496 1362 eius
524 1333 681 1362 defensione
703 1336 729 1361 et
758 1331 919 1360 liberatione
942 1331 1086 1367 proprium
1109 1338 1211 1367 corpus

365 1380 445 1409 morti
460 1383 588 1416 exponat.
602 1379 694 1407 Tertio
709 1378 918 1407 commendatur
933 1386 949 1406 a
964 1377 1129 1406 discretione
1144 1385 1210 1413 pru-

364 1427 470 1456 dentiae
493 1428 522 1455 in
544 1425 708 1463 defensione
724 1429 748 1453 et
769 1425 939 1453 liberatione
958 1424 1009 1452 sni
1028 1424 1140 1461 gyreyz's‘,
1156 1432 1210 1452 non

364 1474 460 1506 alieni,
483 1481 545 1501 01101
568 1472 719 1501 subinfert:
740 1480 796 1509 pro
818 1471 920 1500 ovibus
940 1471 1004 1499 sais
1019 1471 1040 1504 2,
1070 1478 1118 1507 per
1147 1478 1211 1499 000-

362 1520 529 1548 formitatem
551 1519 725 1552 imitationis3
748 1527 803 1546 non
824 1518 930 1552 alieni,
952 1526 1001 1554 per
1024 1517 1210 1546 infidelitatem

364 1566 475 1595 erroris.

442 1612 460 1639 l.
485 1612 553 1641 Dicit
574 1620 656 1648 ergo:
681 1612 781 1640 Bonas
800 1615 914 1648 pastor,
932 1611 977 1639 ubi
1000 1610 1211 1639 commendatur

363 1667 379 1687 a
400 1659 532 1696 diligenti
552 1658 732 1687 eoeseenlione
756 1658 917 1695 pastoralis
945 1657 1040 1695 officii.
1065 1658 1109 1686 llle
1137 1658 1210 1686 enim

364 1709 457 1742 pastor
479 1705 624 1742 diligenter
646 1713 728 1734 suum
751 1704 873 1733 officium
902 1708 1031 1738 exercet,
1057 1704 1212 1733 secundum

363 1752 436 1789 quod
467 1752 604 1781 evidentia
635 1752 697 1780 facti
731 1751 901 1785 manifestat,
931 1752 978 1788 qui
1007 1759 1057 1780 sua
1084 1751 1212 1780 animalia

363 1800 452 1836 primo
473 1799 570 1828 eradit
591 1802 618 1828 et
632 1799 795 1827 domesticat
815 1799 949 1827 exteriori
970 1798 1069 1832 verbm
1091 1798 1211 1827 secundo

359 1847 458 1883 pascit
478 1850 504 1875 et
526 1849 662 1875 sustentat
684 1846 820 1882 corporali
850 1845 987 1879 subsidio;
1010 1845 1092 1874 tertio
1117 1848 1211 1873 casto-

364 1893 405 1921 aa
426 1897 452 1922 et
474 1893 597 1922 defensat
613 1893 683 1921 virili
706 1893 850 1930 praesidio.
867 1893 917 1921 Per
939 1893 1014 1920 hunc
1035 1892 1147 1920 modun]
1165 1892 1211 1920 bo-

364 1948 416 1968 nus
445 1944 537 1977 pastor
568 1940 716 1973 Ecclesiae,
745 1940 887 1973 Christus,
917 1939 1070 1967 humanum
1099 1946 1210 1975 gregem

364 1987 459 2015 erudit
480 1987 646 2015 (1000010010
667 1986 796 2015 salutaris
818 1986 982 2014 eruditionis
1002 1986 1044 2014 vel
1071 1985 1211 2022 praedica-

365 2034 460 2067 tionis:
483 2033 604 2062 secundo
629 2034 727 2070 pascit
754 2033 877 2061 subsidio
906 2032 1112 2061 sacramentalis
1141 2032 1211 2061 refe-

365 2081 475 2111 ctionis:
499 2081 579 2109 tertio
601 2079 728 2117 defendit
750 2080 886 2117 praesidio
907 2079 995 2108 virilis
1025 2079 1210 2116 protectionis.

365 2128 414 2156 Per
434 2128 555 2164 primum
577 2131 669 2156 auten]
692 2128 866 2156 illuminatur
888 2130 1023 2164 quantum
1045 2127 1078 2155 ad
1107 2126 1211 2154 intelle-

365 2175 488 2208 ctivam,
511 2183 560 2211 per
574 2175 726 2204 secundum
742 2174 906 2203 dulcoratur
921 2177 948 2203 et
962 2174 1105 2210 quietatur
1123 2182 1211 2210 quan-

365 2224 423 2249 tum
445 2221 477 2249 ad
500 2220 680 2257 affectivam,
702 2228 751 2257 per
767 2221 881 2249 tertium
903 2220 1053 2249 roboratur
1075 2223 1210 2257 quantum

365 2267 397 2295 ad
419 2266 585 2304 effectivam.

443 2313 532 2341 Primo
554 2317 647 2350 pastor
668 2313 795 2342 Christus
823 2313 921 2341 eradit
949 2313 1015 2341 utili
1042 2313 1211 2341 documento

364 2361 508 2389 salutaris
535 2361 766 2397 praedicationis
788 2360 969 2388 illuminando
1002 2359 1210 2388 intellectivam.

366 2407 397 2435 Et
418 2407 451 2435 de
472 2407 524 2435 1100
545 2407 646 2435 dicitur
670 2407 847 2435 Ecclesiastici
867 2406 973 2435 decimo
993 2410 1089 2435 octavo
1104 2406 1130 2434 3:
1155 2406 1213 2442 Qui

367 2454 601 2482 misericordiam
623 2452 705 2481 babet
733 2453 812 2482 (locet
833 2457 856 2481 et
878 2453 976 2482 erudit
1001 2453 1089 2490 quasi
1106 2456 1211 2489 pastor

365 2509 480 2537 gregem
500 2509 598 2528 stettin.
620 2500 690 2536 Quia
710 2500 818 2529 Domini
840 2500 926 2529 nostri
959 2500 1019 2529 lesu
1041 2499 1141 2528 Christi
1163 2499 1211 2528 do-

367 2547 455 2575 ctrina
476 2546 556 2575 debet
576 2554 635 2575 esse
658 2550 713 2575 tota
734 2546 768 2575 ad
789 2547 985 2583 benignitatem
1007 2545 1211 2575 misericordiae

367 2596 393 2621 et
415 2593 556 2622 caritatem
578 2593 798 2626 benevolentiae,
822 2593 880 2622 ideo
902 2596 943 2622 est
964 2593 1049 2622 facilis
1078 2592 1111 2621 ad
1132 2591 1211 2620 intel-

367 2639 523 2675 ligendum,
545 2639 637 2668 brevis
658 2643 684 2668 et
713 2640 788 2668 utilis
816 2640 849 2668 ad
871 2640 1035 2668 faciendum.
1062 2639 1137 2668 Unde
1159 2638 1211 2667 Do-

367 2686 458 2714 minus
479 2689 572 2714 noster
594 2686 668 2715 Iesus
696 2686 822 2715 Christus
850 2689 964 2723 propter
985 2686 1096 2714 nimiam
1118 2685 1211 2714 dulce-

430 2858 437 2870 1
456 2858 511 2881 Cod.
529 2859 544 2880 F
561 2859 616 2886 legit
632 2858 757 2881 mirabilis.

430 2896 438 2909 ²
456 2897 553 2925 Supple:
572 2897 611 2926 qui
629 2900 681 2919 sunt
697 2897 741 2920 sai.
1063 2896 1073 2909 ²
1092 2898 1156 2920 Vers.
1179 2897 1211 2919 13.

429 2936 438 2948 4
456 2935 501 2958 cfr.
519 2936 634 2963 Bernard„
651 2943 719 2959 serm.
738 2937 760 2959 in
777 2937 849 2959 Nativ.
863 2938 922 2960 ioan.
937 2938 1000 2965 Bapt.
1017 2944 1038 2959 n.
1051 2938 1079 2960 3:
1096 2939 1134 2960 Est
1150 2938 1211 2959 enim

368 2978 455 2997 tantum
472 2976 548 2997 lucere
565 2981 664 3003 vanum,
681 2978 769 2998 tantum
787 2976 869 2998 ardere
886 2982 979 3005 parum,
997 2976 1078 2999 ardere
1095 2980 1118 2999 et
1133 2976 1209 2999 lucere

367 3015 503 3041 perfectum.

1028 232 1200 262 SERMONES
1219 231 1262 260 DE
1284 230 1447 259 TEMPORE.

1265 307 1357 336 dinem
1385 314 1451 335 suae
1484 305 1688 335 misericordiae
1719 308 1747 334 et
1777 306 1917 335 caritatem
1946 305 2110 334 benevolen-

1266 353 1334 386 tiae,
1363 360 1446 389 quarn
1474 352 1555 381 habet
1583 359 1650 388 erga
1677 359 1760 380 suum
1789 359 1918 388 gregem,
1946 351 2110 381 1100010001

1267 399 1351 428 verbo
1366 398 1507 427 doctrinae
1521 400 1548 427 et
1562 398 1654 427 erudit
1668 398 1797 435 exemplo
1811 398 1896 432 vitae;
1911 401 1938 427 et
1960 398 2027 432 hoc,
2046 398 2111 435 quia

1265 445 1364 474 docere
1386 445 1444 473 5010
1464 444 1549 473 verbo
1570 447 1612 473 est
1633 452 1749 478 vanum,
1771 444 1884 473 erudire
1904 445 1962 473 solo
1983 444 2111 481 exemplo

1266 494 1307 520 est
1328 498 1444 527 parum,
1466 489 1512 519 sed
1542 493 1661 527 utroque
1690 491 1770 519 modo
1798 493 1840 519 est
1864 490 2016 527 perfectum
2030 491 2050 518 4.
2072 507 2111 511 —-

1266 537 1396 565 Doctrina
1417 536 1488 565 enim
1512 537 1596 565 huius
1610 537 1728 573 pastoris
1742 537 1823 566 debet
1844 537 1964 574 imprimi
1980 537 2111 566 cordibus

1266 583 1470 620 praelatorum,
1492 583 1564 612 sicut
1578 583 1666 612 forma
1688 583 1767 620 sigilli
1783 583 1954 620 imprimitur
1976 591 2064 618 cerae,
2080 586 2111 613 ut

1267 629 1372 666 possint
1391 637 1451 658 eam
1467 629 1552 658 verbo
1572 633 1599 658 et
1613 630 1742 666 exemplo
1756 629 1913 659 describere
1933 630 1960 658 in
1982 630 2112 659 cordibus

1267 676 1457 709 subditorum3
1480 675 1552 705 unde
1573 676 1607 705 de
1621 676 1700 705 bonis
1715 676 1845 713 praelatis
1865 676 1967 705 dicitur
1983 677 2112 706 Ieremias

1268 721 1349 750 tertio
1363 722 1390 749 ⁵:
1415 721 1495 750 Dabo
1518 721 1596 750 vobis
1615 726 1748 759 pastores
1769 722 1855 751 aiala
1876 731 1926 751 cor
1951 731 2064 757 meum,
2087 727 2113 751 et

1263 771 1385 805 pascent
1398 777 1448 797 vos
1461 768 1583 797 scientia
1601 772 1627 797 ec
1647 769 1790 798 doctrina.
1806 770 1883 798 Tunc
1905 770 2016 806 praelati
2034 778 2112 807 prae-

1267 818 1332 844 sunt
1347 815 1498 844 secundum
1511 815 1618 844 divinae
1634 816 1783 844 voluntatis
1798 817 2009 853 beneplacitum,
2025 825 2113 854 quan-

1267 862 1302 891 do
1320 866 1447 899 pascant
1468 870 1579 899 gregem
1601 871 1683 891 suum
1705 863 1827 891 seientia
1841 866 1977 900 quantum
1999 863 2031 892 ad
2055 871 2113 892 ver-

1267 909 1349 942 bum,
1372 909 1507 938 cloetrina
1521 911 1657 946 quantum
1672 909 1705 938 ad
1720 910 1891 946 exemplum,
1907 917 1939 938 eo
1960 909 2033 946 quod
2050 910 2113 946 plus

1268 959 1379 984 movent
1399 964 1515 992 operum
1537 956 1665 992 exempla
1686 964 1769 992 quam
1791 956 1891 990 verba3
1913 956 1987 985 unde
2011 956 2113 993 Grego-

1267 1002 1327 1030 rius
1348 1002 1373 1030 in
1398 1002 1543 1031 Pastorali:
1569 1014 1583 1028 «
1598 1003 1638 1031 Sit.
1652 1006 1744 1031 rector
1759 1003 1918 1039 operatione
1933 1003 2112 1040 praecipuus,

1266 1052 1299 1077 ut
1320 1049 1391 1078 vitae
1413 1049 1484 1078 viam
1504 1049 1622 1078 subditis
1643 1050 1760 1078 vivendo
1787 1050 1947 1084 denuntiet,
1976 1053 2003 1078 01
2027 1058 2113 1087 grex,

1267 1096 1314 1132 qui
1336 1096 1454 1132 pastoris
1475 1104 1569 1125 vocem
1592 1104 1739 1134 moresque
1757 1097 1894 1133 sequitur,
1916 1105 1965 1134 per
1986 1097 2115 1134 exempla

1267 1142 1366 1171 melius
1387 1150 1470 1179 quam
1493 1150 1541 1179 per
1563 1143 1648 1172 verba
1669 1143 1812 1180 gradiatur
1829 1156 1853 1172 ».

1346 1189 1471 1218 Secundo
1493 1192 1585 1226 pastor
1606 1190 1733 1218 Christus
1757 1190 1855 1227 pascit
1881 1199 1935 1219 nos
1956 1190 2115 1219 oblectabili

1266 1235 1397 1264 subsidio
1417 1236 1601 1272 sapientialis
1623 1235 1788 1273 refectionis
1808 1237 1978 1265 dulcorando
2007 1235 2114 1274 affecti-

1267 1290 1343 1310 vam.
1366 1281 1441 1310 Unde
1472 1282 1535 1311 11001
1556 1282 1683 1311 Christus
1710 1283 1738 1311 in
1763 1286 1898 1320 quantum
1921 1283 2043 1312 Verbum
2070 1283 2114 1312 in-

1267 1332 1415 1363 creatum,
1438 1332 1604 1366 supportans
1626 1330 1768 1364 universa,
1790 1332 1884 1366 pascat
1905 1330 2114 1366 supermentali-

1268 1378 1310 1404 ter
1324 1375 1335 1392 ⁶
1357 1375 1532 1404 sublimando
1545 1376 1578 1404 ad
1595 1376 1769 1412 sapientiam;
1791 1376 1818 1404 in
1840 1379 1976 1413 quantum
1991 1376 2114 1405 Verbum

1268 1422 1464 1458 inspiratam,
1487 1425 1645 1451 sustentans
1661 1423 1863 1457 intellectualia,
1879 1425 1971 1459 pascat
1985 1423 2115 1460 spiritua—

1268 1469 1330 1498 liter
1358 1469 1532 1497 informando
1560 1469 1593 1497 ad
1622 1469 1770 1503 iustitiam;
1801 1472 1892 1498 tamen
1921 1470 1947 1498 in
1977 1473 2113 1507 quantum

1267 1516 1391 1545 Verbum
1413 1516 1621 1550 incarnatam,
1644 1519 1804 1545 restaurans
1822 1516 1956 1550 humana,
1971 1516 2058 1553 pascit
2072 1524 2115 1545 sa-

1267 1562 1472 1592 cramentaliter
1488 1563 1635 1592 reficiendo
1650 1571 1699 1599 per
1713 1563 1838 1600 gratiam.
1852 1579 1888 1583 —
1901 1563 1932 1591 Et
1946 1563 1997 1592 iste
2012 1563 2115 1599 triplex

1268 1612 1363 1646 pastus
1391 1612 1431 1638 est
1459 1609 1632 1639 necessarius
1661 1609 1764 1638 homini
1786 1609 1819 1638 ad
1842 1610 1910 1644 1100,
1938 1612 1970 1638 ut
1995 1609 2115 1646 perfecte

1268 1658 1406 1692 pascatur.
1438 1656 1505 1685 Nam
1534 1657 1561 1685 in
1590 1657 1701 1685 homine
1728 1660 1769 1685 est
1796 1657 1938 1693 spiritus,
1966 1661 2063 1686 motas
2088 1660 2116 1686 et

1267 1711 1378 1731 sensus.
1400 1702 1438 1731 Ad
1460 1703 1511 1732 boc
1539 1705 1649 1737 autem,
1671 1706 1702 1732 ut
1724 1703 1805 1732 110010
1827 1703 1947 1740 perfecte
1972 1703 2114 1733 reficiatur

1268 1749 1458 1786 spiritualiter,
1481 1758 1590 1779 necesse
1612 1753 1668 1784 est,
1690 1758 1754 1779 0001
1780 1750 1884 1779 habere
1904 1750 2045 1787 spiritam
2072 1750 2114 1779 vi-

1268 1800 1313 1825 tae
1333 1796 1360 1825 in
1383 1796 1577 1825 reformatione
1598 1797 1718 1833 gratiae,
1740 1801 1852 1826 motam
1867 1797 1894 1826 in
1916 1797 2114 1826 exercitatione

1268 1843 1387 1872 iustitiae
1415 1846 1442 1872 et
1462 1852 1578 1872 sensam
1601 1844 1628 1872 in
1650 1844 1879 1881 contemplatione
1901 1844 2057 1881 sapientiae.
2085 1844 2115 1873 Et

1267 1890 1301 1919 de
1321 1890 1374 1919 hoc
1395 1883 1476 1926 pastu
1497 1890 1689 1919 sacramentali
1704 1890 1806 1919 dicitur
1821 1890 1893 1919 Eliae
1909 1891 1935 1920 in
1954 1890 2045 1928 figura
2059 1893 2115 1920 ter-

1268 1937 1296 1966 tii
1320 1937 1423 1974 Regum
1438 1936 1543 1965 decimo
1558 1937 1674 1974 septimo
1690 1937 1716 1965 ⁷:
1734 1937 1836 1966 Corbis
1848 1938 1994 1974 praecepi,
2016 1941 2049 1966 nt
2061 1946 2115 1975 pa-

1267 1988 1352 2012 scant
1372 1986 1413 2017 te;
1442 1983 1585 2020 seqnitur:
1610 1983 1697 2012 Corvi
1724 1982 1889 2020 deferebant
1910 1985 1937 2013 ei
1953 1993 2063 2021 panem
2090 1988 2114 2013 et

1268 2039 1373 2059 carnes
1385 2039 1488 2064 mane,
1510 2030 1644 2059 similiter
1655 2039 1763 2067 panem
1778 2034 1803 2059 et
1823 2039 1928 2060 carnes
1941 2031 2061 2068 vesperi.
2078 2048 2113 2052 -—

1270 2077 1357 2106 Corvi
1377 2077 1518 2106 dicuntur
1533 2077 1704 2111 sacerdotes,
1726 2078 1772 2114 qui
1795 2077 1829 2106 ad
1843 2078 1955 2107 modum
1977 2078 2052 2107 corvi
2068 2078 2114 2108 de-

1268 2124 1334 2153 bent
1354 2125 1511 2161 nigrescere
1532 2132 1581 2161 per
1603 2124 1816 2161 poenitentiam,
1845 2133 1977 2162 spernere
1997 2125 2114 2155 delecta-

1268 2171 1369 2200 tionem
1392 2174 1610 2200 momentaneam
1639 2174 1666 2200 et
1695 2172 1830 2201 crocitare
1852 2180 1938 2206 eras,
1960 2181 2045 2207 eras,
2066 2181 2114 2202 an-

1268 2217 1421 2246 nuntiando
1435 2217 1559 2246 futuram
1575 2218 1699 2254 gloriam.
1717 2219 1777 2247 Istis
1791 2226 1858 2248 vero
1873 2219 2012 2256 praecepit
2026 2220 2113 2254 Deus,

1267 2267 1299 2293 ut
1320 2268 1433 2300 pascant
1455 2264 1556 2298 Eliam,
1578 2265 1604 2293 id
1633 2268 1674 2293 est
1702 2265 1854 2302 quemlibet
1880 2266 2020 2295 hominem
2041 2266 2114 2295 chri-

1268 2311 1403 2345 stianum,
1418 2310 1566 2339 deferendo
1582 2311 1605 2339 ei
1623 2319 1719 2348 panem
1734 2315 1761 2340 et
1776 2320 1889 2346 carnes,
1905 2312 1931 2341 id
1946 2315 1987 2341 est
2002 2321 2113 2342 carnem

1268 2357 1367 2386 Christi
1384 2357 1437 2385 sub
1451 2357 1541 2394 specle
1557 2358 1647 2394 panis,
1666 2366 1720 2386 non
1736 2361 1878 2387 excoctam
1894 2359 1955 2396 igne
1970 2360 2113 2394 materiali,

1269 2404 1314 2433 sed
1336 2404 1394 2433 sola
1405 2405 1441 2440 (‘?)
1460 2412 1543 2433 cruce
1558 2404 1692 2441 passionis
1712 2408 1740 2434 et
1757 2408 1860 2434 coctam
1877 2405 1938 2443 igne
1952 2406 2112 2436 dilectionis.

1268 2452 1405 2480 Dicuntur
1419 2455 1512 2480 autem
1534 2460 1620 2480 nume
1634 2452 1742 2481 deferre
1762 2460 1862 2489 panem
1882 2455 1910 2481 et
1927 2461 2024 2482 carnes
2038 2454 2114 2482 corvi

1269 2498 1356 2532 Eliae,
1378 2506 1410 2526 eo
1425 2498 1498 2535 quod
1521 2506 1600 2527 010110
1616 2499 1771 2527 sacerdotes
1789 2499 1889 2528 debent
1903 2507 2014 2528 carnem
2035 2500 2114 2529 Chri-

1268 2545 1301 2574 sti
1324 2545 1415 2573 ieiuno
1443 2545 1546 2581 populo
1567 2545 1620 2574 sub
1648 2545 1738 2582 specie
1767 2546 1845 2582 panis
1873 2546 2046 2581 ministrare,
2074 2547 2114 2575 si-

1268 2592 1374 2620 mililer
1395 2596 1420 2620 ec
1440 2592 1568 2629 vesperi,
1596 2591 1752 2621 reducendo
1780 2592 1813 2621 ad
1842 2592 2017 2627 memoriam,
2040 2593 2114 2630 quod

1268 2638 1320 2667 sub
1335 2638 1425 2675 specie
1446 2638 1524 2675 panis
1546 2646 1656 2667 carnem
1678 2646 1755 2667 suam
1772 2641 1832 2675 post
1853 2646 1965 2668 coenam
1986 2639 2113 2669 Christus

1268 2685 1401 2721 Apostolis
1422 2685 1503 2714 dedit.

1332 2857 1340 2870 ⁵
1358 2859 1422 2881 Vers.
1445 2859 1479 2881 15.
1496 2871 1526 2876 -
1542 2859 1649 2888 Sequitur
1661 2859 1765 2886 Greg01·.,
1777 2859 1864 2886 Regula
1877 2860 1962 2887 pastor.
1979 2864 2003 2887 p.
2022 2858 2046 2881 11.
2058 2864 2077 2881 c.
2090 2858 2112 2881 3.

1269 2896 1333 2925 (01105
1355 2897 1406 2926 tlh).

1331 2935 1340 2949 ὃ
1357 2937 1405 2958 Ηο0
1423 2936 1521 2959 verbum
1533 2937 1695 2960 substituimus
1707 2937 1756 2960 loco
1773 2935 1986 2964 sacramentaliter,
1997 2936 2061 2965 quod
2073 2937 2113 2958 ba-

1268 2974 1323 2997 bent
1338 2975 1437 2997 codices.
1455 2988 1485 2992 —
1503 2976 1536 2998 De
1552 2977 1596 2999 hoc
1613 2975 1685 2999 verbo
1702 2979 1724 2998 et
1742 2976 1790 3004 ipsa
1807 2982 1832 2998 re
1848 2976 1888 2998 cfr.
1906 2975 1963 2998 infra
1979 2980 2055 2998 sermo
2074 2975 2095 2997 3.

1331 3012 1339 3025 ⁷
1357 3014 1423 3036 Vers.
1441 3014 1462 3036 4.
1480 3015 1502 3037 6.

2127 497 2210 517 Hor-tatio
2220 477 2243 519 atii

2137 520 2243 545 praelatum

2131 1195 2158 1215 De
2168 1194 2243 1234 secund}

2135 1570 2201 1589 Paetus
2214 1570 2234 1590 tri

2166 1594 2215 1618 plex.

2131 2084 2146 2104 N
2150 2084 2232 2104 otandniz
