2243 3348
738 169 894 197 DOMlNlCA
916 169 947 197 ΙΝ
969 169 1067 197 ALBIS.
1089 169 1198 197 SERMO
1222 170 1237 197 l.

195 249 380 286 spiritualiter
401 250 494 277 autem
523 246 652 283 exemplo
680 246 740 274 eius
761 245 893 274 debemus
914 246 962 274 ob-

0 301 43 329 iiius
56 308 100 327 qna·
117 297 220 325 tinere:
242 295 452 332 speciositatem
478 293 611 322 claritatis
631 292 756 321 florendo
785 300 833 328 per
855 292 962 328 sapien-

0 326 101 378 ffluspffi
116 344 197 377 tiam;
219 342 394 371 Canticorum
417 340 537 370 secundo
552 341 579 367 l:
596 339 694 367 Floras
709 342 918 375 apparuerunt
932 338 963 366 in

0 374 53 424 quer.
117 393 198 418 terra
218 392 329 417 nostra.
353 405 388 408 —
412 387 577 415 Puritatem
593 385 753 414 subtilitatis
774 384 898 413 florendo
913 392 962 420 per

10 435 12 448 ¹
118 435 342 473 temperantiam;
371 434 547 462 Canticorum
576 432 682 468 primo:
712 430 845 459 Lectulus
865 434 963 458 noste]¹

10 461 12 474 i

9 641 11 699 l
460 670 551 698 Sannio
574 669 581 696 l
598 669 617 696 ³.

201 764 305 793 Gaoisi
331 767 401 792 sunt
428 762 582 800 discipuli,
604 762 666 790 viso
691 762 828 795 Domino,
859 760 965 789 loannis

119 812 251 848 vigesimo
266 812 285 839 4.

197 858 350 894 Quoniam,
372 857 443 886 sicut
466 857 491 885 in
512 856 630 885 alicuius
656 856 710 884 cari
733 855 879 883 amissione
908 862 965 882 ma-

119 913 173 942 gna
193 907 234 933 est
254 904 401 938 desolatio,
426 903 464 931 ita
491 903 518 931 in
541 903 600 931 eius
629 902 839 938 recuperatione
867 908 966 937 magna

120 955 161 981 est
181 951 345 985 consolatio;
367 951 432 979 hinc
453 954 509 984 est,
538 949 612 986 quod
633 948 766 985 Apostoli,
787 948 910 976 dolentes
932 947 966 976 de

119 998 266 1027 amissione
280 997 432 1034 corporalis
447 996 618 1033 praesentiae
639 995 696 1023 Filii
719 995 782 1029 Dei,
805 1002 887 1031 quem
903 994 966 1031 plus

8 1064 10 1088 i
120 1052 202 1081 quam
225 1052 254 1073 se
275 1047 302 1072 et
323 1051 407 1080 super
429 1043 521 1071 omnia
547 1042 712 1079 diligebant,
741 1049 805 1070 cum
826 1041 879 1069 iam
902 1048 965 1069 eum

120 1094 238 1120 cernunt
259 1091 320 1119 visu
342 1098 475 1127 corporeo
496 1098 512 1118 a
540 1090 658 1118 mortuis
686 1089 892 1123 resurrexisse,
913 1097 966 1125 ya-

119 1138 178 1166 visi
197 1141 265 1166 sunt
284 1137 397 1175 gaudio
411 1145 527 1174 mctqno.
544 1137 595 1165 Sed
617 1136 682 1173 quia
696 1136 788 1170 homo,
803 1136 854 1164 nisi
877 1135 967 1172 primo

120 1185 220 1213 habeat
241 1185 367 1213 timorem
389 1184 480 1212 filialis
506 1184 693 1217 reverentiae,
715 1182 812 1211 deinde
840 1181 966 1218 splendo-

121 1238 179 1259 rem
201 1230 325 1259 caelestis
340 1230 551 1267 intelligentiae,
574 1238 627 1258 uon
644 1232 733 1266 potest
754 1229 877 1265 experiri
899 1236 966 1265 gau-

121 1277 197 1306 dium
218 1280 245 1306 et
266 1277 438 1306 dulcedinem
453 1276 605 1313 spiritualis
622 1276 754 1310 laetitiae,
776 1276 836 1304 ideo
857 1275 890 1304 ad
906 1275 967 1309 hoc,

121 1327 153 1353 ut
173 1327 249 1353 recto
269 1324 366 1352 ordine
394 1324 486 1352 littera
507 1325 695 1356 construatur,
718 1322 808 1359 primo
833 1322 860 1350 in
882 1322 968 1351 verbo

122 1371 261 1408 proposito
282 1374 395 1399 notatur
416 1370 553 1398 subiectio
575 1370 751 1398 reverentiae
772 1373 797 1397 et
818 1368 967 1397 humilita-

123 1418 177 1456 tis;
198 1418 334 1452 secundo,
356 1417 557 1454 contemplatio
578 1417 697 1445 (livinae
710 1416 890 1449 maiestatis,·
913 1419 968 1444 ter-

122 1465 175 1499 tio,
197 1465 343 1493 oblectatio
365 1464 498 1493 internae
526 1464 729 1492 iucunditatis.
759 1463 897 1492 Subiectio
926 1471 968 1491 re-

122 1511 261 1540 verentiae
282 1515 309 1540 et
330 1511 494 1540 humilitatis
513 1514 635 1544 notatur,
657 1518 720 1539 cum
742 1510 859 1538 dicitur:
877 1510 969 1538 Disci-

118 1558 200 1596 puli,
222 1566 276 1586 non
299 1558 438 1595 magistri,
460 1566 514 1586 non
532 1557 653 1591 domini,
675 1565 729 1585 non
744 1557 825 1590 socii3
848 1560 969 1585 coutem-

123 1605 206 1642 platio
226 1605 335 1633 divinae
356 1604 505 1633 maiestatis
519 1607 641 1638 notatur,
662 1612 726 1632 cum
741 1604 885 1632 subditur:
907 1604 969 1632 viso

125 1651 265 1685 Domino,·
278 1651 424 1680 oblectatio
436 1652 559 1680 internae
574 1651 753 1679 iucunditatis
768 1653 890 1684 notatur,
905 1658 968 1679 cum

123 1698 311 1728 subinfertur:
332 1698 431 1736 yavisi
450 1702 527 1726 sunt.

203 1746 219 1773 l.
243 1746 333 1774 Primo
354 1753 420 1782 ergo
441 1748 553 1774 notatur
582 1745 607 1773 in
631 1745 771 1782 proposito
794 1745 878 1773 verbo
902 1744 969 1773 sub-

123 1793 204 1822 iectio
225 1792 402 1821 reverentiae
416 1795 440 1820 et
455 1791 646 1826 humilitatis,
662 1799 725 1820 cum
739 1791 856 1820 dicitur:
882 1791 971 1820 Disci-

121 1839 193 1877 puli.
216 1839 256 1867 Illi
276 1841 368 1867 autem
391 1841 457 1867 sunt
478 1841 637 1867 reverentes
656 1841 683 1867 et
704 1838 830 1875 discipuli
853 1838 969 1867 subjecti

123 1886 248 1920 Christo,
271 1886 318 1922 qui
340 1885 492 1914 secundum
521 1885 662 1913 Christum
690 1888 718 1913 et
745 1885 806 1913 eius
826 1885 970 1922 exemplar

124 1935 151 1962 et
171 1933 325 1962 secundum
345 1933 405 1961 eius
425 1932 579 1961 doctrinam
603 1932 700 1960 vivunt
721 1935 748 1960 et
769 1932 852 1960 vitam
868 1932 970 1960 saluta-

124 1987 182 2008 rem
211 1979 347 2016 regulant.
371 1979 431 2007 Vita
458 1982 485 2007 et
505 1978 631 2007 doctriua
658 1978 884 2015 bonimagistri,
911 1979 970 2007 lesu

124 2026 242 2060 Christi,
262 2026 357 2060 docet,
385 2026 537 2063 quemlibet
565 2033 648 2054 suum
678 2026 846 2062 discipulum
868 2026 971 2054 habere

124 2074 224 2111 primo,
236 2072 428 2102 humilitatem
443 2073 531 2102 fidelis
545 2073 716 2102 obedientiae
730 2076 859 2110 respectu
875 2073 970 2102 mundi

125 2120 332 2154 contemnendi:
355 2120 491 2154 secundo,
507 2119 786 2157 confoederationem
809 2120 931 2149 caritatis
945 2123 972 2148 et

125 2166 331 2195 benevolentiae
345 2170 473 2203 respectu
488 2167 609 2203 proximi
624 2166 769 2203 diligendi;
789 2166 886 2201 tertio,
905 2175 972 2203 per-

122 2213 319 2251 petuationem
341 2213 430 2241 finalis
451 2212 672 2249 perseverantiae
697 2216 824 2249 respectu
846 2213 909 2241 boni
932 2213 973 2241 in-

4 2297 5 2301 *
127 2260 216 2289 choati
238 2259 424 2289 continuandi.
446 2260 478 2288 Et
499 2260 567 2288 haec
589 2259 641 2288 tria
660 2259 814 2288 necessaria
835 2263 900 2288 sunt
915 2259 972 2288 cui-

4 2304 5 2352 i
127 2307 193 2336 libet
213 2307 307 2335 adulto
327 2306 361 2335 ad
382 2306 508 2335 salutern.

4 2354 5 2391 ξ
206 2354 296 2382 Primo
318 2361 377 2382 esse
398 2353 425 2381 in
446 2353 582 2390 discipulo
606 2356 714 2390 oportet
742 2352 972 2382 humiliationem

4 2394 112 2451 {afflegem
127 2400 220 2438 fidelis
241 2400 416 2429 obedientiae
437 2404 564 2437 respectu
586 2400 682 2429 mundi
698 2401 904 2435 contemnendi;
920 2401 973 2429 Lu-

128 2455 175 2476 cae
196 2447 303 2476 decimo
324 2450 424 2484 quarto
438 2447 465 2474 ⁵:
490 2447 590 2475 Omnis
605 2455 639 2475 ea·
660 2447 756 2481 vobis,
778 2447 830 2485 qui
849 2456 908 2476 non
928 2456 973 2476 re—

126 2494 246 2523 nuntiat
266 2494 418 2528 omnibuS,
440 2502 514 2532 quae
530 2494 674 2531 possidet,
696 2502 754 2522 non
773 2497 865 2531 potest
892 2502 973 2522 meus

128 2549 186 2569 esse
207 2541 378 2578 discipulus.
401 2541 529 2577 Magister
551 2541 675 2577 sapiens,
696 2541 838 2575 Christus,
859 2541 905 2569 dat
925 2549 973 2569 ne-

129 2588 274 2617 cessariam
296 2588 393 2617 salutis
413 2587 527 2617 cuilibet
541 2588 697 2616 Christiano
717 2587 887 2621 doctrinam,
909 2595 972 2616 cum

4 2638 5 2671 i
128 2634 209 2663 dicit:
231 2635 285 2663 Nisi
307 2635 370 2672 quis
391 2635 543 2663 renuntiat
563 2634 714 2668 omnibus,
736 2642 810 2673 quae
836 2634 972 2671 possidet,

0 899 103 953 {traducum

2 1342 4 1347 ,
26 1329 103 1348 Divisio.

0 1794 106 1846 ’Ἆῗῑζέίῑοῗὲ

0 1821 63 1877 Πεπηῐι.

13 2075 106 2095 indivisio.

1799 178 1853 205 289

1017 245 1151 282 floridus.
1174 263 1210 266 ——
1232 247 1386 275 Leoilatem
1406 249 1534 284 agilitatis
1561 250 1684 278 florendo
1705 259 1753 286 per
1781 253 1857 280 iusti-

1021 291 1099 325 tiam;
1121 292 1295 320 Canticorum
1311 294 1431 321 secundo
1446 295 1471 322 ²:
1496 295 1554 331 Eyo
1568 295 1620 331 flos
1641 298 1738 333 campi
1758 301 1808 325 etc.
1821 314 1856 319 —

1020 338 1180 366 Sanitatem
1202 338 1259 366 sive
1280 339 1526 375 impassibilitatem
1541 341 1664 370 florendo
1685 350 1734 378 per
1755 344 1858 379 patien-

1020 383 1101 417 tiam;
1124 384 1261 412 Psalmus:
1286 384 1419 413 Plantati
1439 386 1470 414 in
1484 387 1568 415 (tomo
1586 388 1709 422 Domini,
1725 389 1755 416 in
1770 390 1858 418 atriis

1019 430 1124 458 (lomus
1148 430 1197 458 Dei
1217 431 1311 459 nostri
1329 430 1478 467 florebunt.

824 556 981 585 DOMlNlCA
1003 556 1034 583 lN
1056 555 1154 583 ALBis.

1022 673 1078 693 non
1099 668 1189 701 potest
1203 673 1284 693 meus
1298 674 1357 693 esse
1377 666 1547 703 discipulus.
1565 668 1595 695 Et
1618 669 1679 697 licet
1694 677 1746 697 non
1770 674 1859 699 tenea—

1023 720 1086 740 mur
1107 711 1213 745 omnia,
1236 720 1307 748 quae
1328 713 1513 748 possidemus,
1529 714 1701 751 relinquere,
1717 717 1773 744 sive
1795 725 1861 753 pau-

1022 758 1136 795 peribus
1167 766 1281 795 erogare
1310 762 1336 786 et
1367 759 1399 786 ad
1429 761 1586 796 exemplum
1615 761 1714 790 Christi
1743 763 1860 791 ostiatim

1023 805 1194 839 mendicare,
1217 805 1273 833 sive
1294 805 1320 833 in
1343 806 1510 834 monasterio
1532 807 1586 835 Deo
1607 808 1724 840 servire,
1739 809 1788 837 nisi
1805 817 1864 845 per—

1022 851 1101 885 fecti,
1123 851 1169 888 qui
1186 851 1290 879 astricti
1306 855 1372 880 sunt
1388 855 1450 880 voto
1465 854 1649 889 paupertatis3
1666 857 1755 882 tamen
1770 863 1864 884 omnes

1023 901 1151 926 tenemur
1175 898 1334 926 renuntiare
1356 898 1500 932 omnibus,
1522 907 1592 935 quae
1621 900 1805 936 possidemus,
1827 901 1864 929 af-

1023 944 1112 978 fectu,
1135 944 1287 973 secundum
1310 944 1376 973 illud
1399 944 1513 973 Psalmi:
1532 946 1655 974 Divitiae
1674 947 1701 974 si
1722 946 1864 983 affluant,

1023 991 1108 1019 nolite
1135 1000 1186 1019 cor
1213 999 1374 1028 apponere,
1405 994 1436 1019 ut
1464 992 1517 1025 sic,
1546 993 1698 1029 exstirpata
1723 993 1756 1021 de
1784 994 1865 1023 corde

1023 1039 1199 1075 cupiditate,
1221 1047 1295 1076 quae
1309 1042 1349 1066 est
1364 1038 1454 1066 radix
1476 1039 1607 1067 omnium
1621 1039 1778 1073 malorum,
1794 1041 1866 1076 plan-

1024 1089 1098 1114 tetur
1120 1089 1285 1122 paupertas,
1308 1093 1379 1122 quae
1408 1088 1449 1114 est
1471 1086 1633 1122 primarium
1658 1086 1865 1115 fundamentum

1023 1133 1146 1161 omnium
1168 1133 1314 1160 virtutum.

1102 1179 1228 1208 Secundo
1250 1179 1276 1207 in
1298 1179 1432 1215 discipulo
1453 1179 1553 1208 Christi
1576 1180 1655 1208 debet
1676 1188 1735 1208 esse
1756 1179 1867 1217 confoe-

1025 1227 1137 1255 deratio
1159 1226 1295 1254 caritatis
1315 1229 1339 1253 et
1362 1225 1566 1254 beneuolentiae
1594 1230 1720 1263 respectu
1748 1227 1867 1263 proximi

1024 1273 1169 1310 diligendi3
1191 1276 1217 1301 et
1244 1273 1278 1301 de
1305 1273 1358 1301 boc
1385 1272 1450 1301 dicit
1479 1273 1610 1301 Dominus
1639 1274 1743 1302 loannis
1763 1274 1867 1302 decimo

1026 1320 1107 1349 tertio
1121 1320 1148 1348 ⁶:
1170 1320 1344 1348 Mandatum
1366 1328 1475 1347 novum
1500 1319 1536 1347 (lo
1558 1319 1651 1353 vohis,
1680 1324 1714 1348 ut
1738 1320 1868 1357 (liligyatis

1026 1367 1164 1401 invicem,
1185 1367 1262 1395 sicut
1283 1366 1371 1395 [lilexi
1385 1375 1443 1394 vos.
1462 1367 1495 1394 ln
1516 1359 1567 1395 hoo
1582 1371 1748 1403 cognoscent
1762 1376 1868 1401 omnes,

1025 1414 1097 1451 quia
1118 1413 1257 1451 discipuli
1278 1413 1333 1441 mei
1354 1413 1437 1447 estis,
1459 1414 1486 1441 si
1506 1413 1683 1441 dilectionem
1710 1412 1869 1442 habueritis

1026 1461 1066 1489 act
1087 1461 1218 1489 invicem.
1242 1478 1276 1480 —
1299 1460 1475 1489 Mandatum
1500 1460 1533 1488 de
1561 1460 1719 1494 dilectione,
1749 1461 1810 1489 licet
1836 1461 1870 1489 sit

1026 1511 1106 1536 vetus
1127 1511 1262 1544 quantum
1284 1507 1318 1535 ad
1340 1507 1448 1535 lationis
1472 1507 1680 1543 antiquitatem,
1709 1507 1809 1535 dicitur
1830 1512 1869 1536 ta-

1027 1562 1089 1583 men
1120 1563 1229 1583 novum
1260 1558 1396 1591 quantum
1428 1554 1461 1582 ad
1496 1554 1667 1590 obligationis
1696 1554 1868 1588 iirmitatem;

1026 1602 1115 1636 unde,
1138 1610 1171 1630 ne
1193 1601 1355 1630 crederetur
1376 1601 1558 1637 dispensabile
1585 1604 1696 1637 propter
1723 1602 1869 1638 antiquita-

1028 1653 1080 1677 tem
1104 1649 1227 1683 lationis,
1248 1648 1352 1677 addidit
1372 1648 1506 1677 Dominus
1527 1648 1673 1676 novitatem
1689 1648 1869 1685 obligationis,

1027 1704 1090 1724 cum
1105 1696 1185 1724 dicit:
1208 1696 1383 1724 Mandalum
1398 1704 1506 1723 novum
1521 1695 1557 1723 clo
1578 1694 1674 1728 vobis,
1696 1699 1727 1723 ut
1741 1695 1870 1732 cliligyatis

1027 1743 1167 1776 invicem,
1188 1743 1265 1771 siout
1285 1743 1376 1771 <lilexi
1396 1751 1463 1775 vos,·
1484 1743 1549 1779 quia
1571 1743 1659 1770 maius
1674 1742 1782 1779 siguum
1804 1742 1870 1771 dile-

1027 1790 1125 1819 ctionis
1146 1798 1200 1818 non
1230 1790 1320 1826 potuit
1341 1790 1420 1818 nobis
1447 1790 1528 1823 dare,
1550 1798 1633 1826 quam
1657 1793 1688 1817 ut
1707 1798 1761 1825 pro
1789 1789 1870 1817 nobis

1027 1837 1161 1865 animam
1183 1845 1270 1865 suam
1283 1839 1407 1874 poneret.
1425 1836 1474 1865 Sed
1497 1836 1562 1873 quia
1583 1836 1690 1873 signum
1714 1836 1770 1864 veri
1791 1835 1871 1864 disci-

1028 1884 1095 1921 puli,
1107 1884 1239 1912 imitantis
1253 1883 1394 1912 Christum
1410 1886 1452 1912 est
1466 1883 1666 1911 confoederatio
1682 1885 1794 1911 mutuae
1804 1882 1871 1910 dile-

1028 1931 1138 1965 ctionis,
1154 1931 1214 1959 ideo
1234 1930 1324 1959 addit:
1347 1930 1382 1958 ln
1403 1928 1455 1958 hoo
1476 1933 1645 1967 cognoscent
1665 1937 1777 1962 omnes,
1800 1929 1870 1966 quia

1028 1978 1168 2015 discipuli
1181 1978 1238 2006 mei
1252 1978 1335 2012 estis,
1353 1978 1381 2005 si
1395 1977 1571 2006 dilectionem
1587 1976 1746 2005 habueritis
1767 1976 1807 2004 ad
1828 1976 1871 2004 in-

1030 2026 1127 2053 vicem.
1151 2025 1217 2053 lllud
1240 2032 1306 2061 ergo
1327 2024 1486 2053 mandatum
1516 2024 1572 2052 sive
1601 2027 1777 2060 praeceptum
1805 2023 1871 2051 adeo

1029 2072 1163 2100 Dominus
1190 2071 1224 2100 de
1247 2079 1316 2099 novo
1337 2071 1473 2105 firmavit,
1502 2074 1533 2099 ut
1555 2071 1659 2099 ratione
1687 2078 1752 2098 suae
1777 2069 1872 2098 firmae

1029 2118 1202 2155 obligationis
1217 2126 1280 2147 cum
1297 2118 1373 2146 nullo
1387 2118 1570 2154 dispensetur.
1587 2117 1661 2145 Unde
1676 2117 1830 2145 Bernardus
1846 2116 1873 2144 in

1030 2166 1111 2194 tertio
1133 2165 1166 2194 de
1187 2165 1409 2193 Consideratione
1425 2165 1434 2181 ⁷
1456 2165 1533 2198 dicit,
1555 2164 1628 2201 quod
1654 2164 1748 2192 «ratio
1766 2163 1873 2199 dispen-

1030 2212 1142 2241 sationis
1157 2212 1183 2240 in
1201 2212 1354 2248 praeceptis
1375 2216 1416 2240 est
1437 2212 1548 2240 evidens
1570 2211 1727 2243 necessitas,
1743 2210 1786 2238 vel
1800 2217 1873 2238 com-

1030 2260 1123 2288 munis
1137 2259 1249 2288 utilitas.
1271 2259 1321 2288 Ubi
1343 2262 1435 2287 autem
1457 2258 1604 2287 necessitas
1618 2260 1713 2294 urget,
1734 2257 1873 2293 dispensa-

1031 2307 1069 2335 tio
1093 2309 1134 2335 est
1161 2306 1343 2340 excusabilis;
1366 2306 1412 2335 sed
1434 2306 1480 2334 ubi
1509 2304 1662 2334 communis
1689 2303 1791 2332 utilitas
1819 2311 1872 2331 uon

1030 2356 1176 2390 provocat,
1198 2353 1364 2390 dispensatio
1389 2356 1430 2381 est
1452 2351 1647 2381 inexcusabilis
1666 2363 1691 2378 ».
1718 2351 1784 2378 Cum
1808 2358 1874 2386 ergo

1030 2400 1134 2429 habere
1148 2400 1241 2428 odium
1262 2400 1331 2428 nulli
1353 2400 1388 2428 sit
1403 2400 1484 2433 utile,
1507 2399 1552 2427 sed
1569 2398 1695 2426 nocivum
1712 2400 1738 2425 et
1759 2397 1874 2425 mortale

1030 2450 1183 2484 peccatum,
1210 2459 1223 2471 «
1237 2454 1288 2476 nec
1302 2454 1425 2484 unquam
1442 2447 1468 2474 in
1484 2446 1598 2474 veritate
1612 2445 1645 2473 de
1659 2444 1802 2480 diligendis
1824 2443 1873 2471 ini-

1029 2494 1108 2523 micis
1129 2497 1243 2530 propter
1264 2494 1385 2531 aliquam
1407 2492 1595 2522 necessitatem
1616 2494 1705 2528 potest
1725 2490 1824 2527 aliquis
1846 2497 1874 2518 se

1030 2548 1166 2569 excusare
1182 2551 1208 2574 »,
1230 2540 1382 2569 secundum
1400 2540 1510 2568 beatum
1527 2538 1724 2575 Augustinum3
1740 2537 1805 2574 quia
1820 2545 1873 2564 non

1030 2591 1143 2624 generat
1175 2587 1255 2624 capiti
1289 2587 1466 2624 vertiginem,
1494 2594 1547 2614 non
1576 2586 1713 2619 dolorem,
1735 2592 1787 2612 non
1820 2587 1874 2612 sto—

1031 2635 1128 2663 macho
1160 2634 1308 2663 torsionem
1340 2634 1382 2662 vel
1414 2633 1639 2669 constipationem
1671 2632 1728 2660 sive
1754 2631 1873 2667 aliquam

193 2799 200 2812 ¹
219 2801 285 2823 Vers.
303 2801 342 2827 ⁴23
360 2801 464 2829 sequitur
482 2807 500 2823 c.
520 2802 541 2828 vl,
559 2801 596 2823 ⁴15.

192 2839 201 2854 ²
221 2839 285 2861 Vers.
304 2840 329 2866 ‘¹3
346 2840 450 2868 sequitur
467 2840 502 2861 Ps.
521 2839 558 2866 9l,
577 2840 614 2862 r13.

193 2877 202 2890 ³
219 2877 321 2900 Habetur
337 2878 359 2900 in
376 2878 485 2900 Vaticana
503 2881 525 2900 et
542 2877 558 2901 C
569 2878 637 2901 DEF
654 2881 676 2900 et
692 2878 715 2900 in
733 2878 785 2901 cod.
806 2879 932 2901 Tudertino
950 2885 972 2901 n.

132 2917 183 2939 ¹¹04.
201 2918 238 2939 sol.
257 2917 300 2939 1163
319 2923 341 2939 v.
358 2919 380 2939 et
398 2916 491 2940 brevius
508 2918 531 2939 in
548 2918 600 2940 cod.
621 2918 638 2940 O
663 2917 694 2945 (in
717 2916 854 2940 bibliotheca
877 2917 975 2940 civitatis

132 2956 260 2985 Zwickau).

225 3003 253 3027 S.
267 3003 361 3026 Bonan.
375 3016 406 3020 —
418 3004 488 3026 Torn.
503 3004 541 3026 ix.

1093 2800 1102 2812 ⁴
1122 2800 1186 2822 Veis
1205 2800 1242 2821 20.
1258 2812 1288 2815 —
1306 2799 1374 2821 Deest
1391 2799 1519 2820 Prothema.

1094 2839 1103 2851 ⁵
1120 2839 1185 2861 Vers.
1204 2839 1242 2866 333
1263 2840 1390 2866 sequuntur
1407 2837 1442 2858 ΡΞ.
1460 2836 1496 2863 Gi,
1519 2837 1552 2857 li.
1569 2838 1591 2857 et
1608 2836 1622 2857 l.
1641 2835 1700 2856 Tim.
1718 2835 1740 2862 6,
1759 2834 1795 2855 io.

1094 2878 1103 2890 ¹⁵
1120 2879 1185 2900 Vers.
1204 2877 1240 2900 34.
1259 2883 1319 2905 seq.;
1337 2876 1389 2899 dein
1407 2875 1529 2903 respicitur
1546 2880 1564 2896 c.
1585 2874 1625 2900 lo,
1644 2874 1680 2895 115.

1095 2917 1102 2929 ⁷
1120 2917 1175 2945 Cap.
1194 2917 1214 2938 4.
1233 2923 1255 2938 n.
1276 2916 1311 2937 18.
1327 2928 1357 2932 —
1375 2914 1482 2943 Sequitur
1499 2915 1604 2941 August„
1626 2918 1694 2934 serm.
1719 2912 1771 2934 2⁴25.
1790 2912 1812 2933 in
1836 2917 1874 2939 ap-

1031 2956 1129 2984 pendice
1148 2955 1211 2983 (alias
1229 2955 1266 2977 47.
1283 2955 1312 2976 de
1330 2953 1434 2982 Sanctis),
1453 2959 1474 2974 n.
1492 2952 1512 2974 3.

1751 2998 1780 3019 37

1881 1183 1908 1202 De
1921 1183 2010 1203 secundo.

1891 2023 2003 2042 Notandum.
