2243 3348
30 474 75 493 Pars
87 473 116 492 111.
132 473 158 492 De

29 497 107 517 muliere
120 502 161 520 gra-

34 521 81 539 tiosa
93 520 155 544 tripli-

66 544 119 562 citer.

47 754 74 772 ne
87 754 154 777 primo.

27 1080 54 1099 De
66 1080 156 1099 secundo.

49 1361 76 1380 De
89 1361 153 1380 tertio.

61 1735 152 1754 Eoi-tatio.

16 2251 71 2270 lPara
83 2251 115 2270 tv.
130 2252 156 2271 De

16 2275 104 2294 «muliere
116 2275 156 2293 offi-

32 2298 81 2317 ciosa
93 2298 152 2322 tripti-

47 2333 49 2337 ι
64 2322 117 2340 citer.

640 202 681 230 DE
704 202 899 231 NATIVITATE
922 203 948 230 B.
972 202 1112 231 VlRGlNlS
1133 203 1261 232 Maniae.
1284 203 1392 231 SERMO
1416 204 1454 231 lV.

174 279 224 308 viri
255 279 426 316 spirituales,
456 283 486 308 ut
515 280 569 308 sint
591 280 695 309 honesti
719 280 746 309 in
768 280 893 309 moribus
913 281 970 309 sive
992 281 1018 309 in

173 326 280 355 actibus
307 330 334 354 et
355 326 493 363 gestibus,
522 326 635 355 modesti
665 327 691 355 in
721 327 847 355 sensibus
875 330 902 355 et
925 327 1019 355 imma-

173 373 255 401 culati
279 373 304 401 in
327 373 517 401 affectionibus
539 373 725 402 interioribus.

254 419 292 447 111.
309 420 369 447 Fuit
380 419 559 448 nihilominus
571 420 650 448 beata
663 420 745 457 Virgo
756 421 856 448 mulier
866 421 1019 458 qratiam,-

173 466 247 494 unde
277 466 418 503 designata
448 465 501 494 fuit
530 474 578 502 per
607 467 714 500 Esther,
745 467 779 495 de
807 475 862 503 qua
894 467 1018 501 (dicitur)

174 513 271 541 Esther
293 513 413 541 secundo
430 514 448 547 ¹,
470 513 543 549 quod
566 513 698 542 omnium
720 514 811 542 oeulis
830 514 966 551 gyratiosa
994 518 1018 543 et

172 559 310 587 amabilis
331 559 502 592 verebatur,-
528 560 601 588 unde
629 563 655 589 et
685 561 766 597 paulo
794 564 855 597 post
879 561 1017 593 subditur,

171 605 245 642 quod
267 606 372 634 invenit
391 607 523 643 qratiam
539 611 565 634 et
578 607 815 635 misericordiam
837 616 937 636 coram
954 616 1019 644 reye

171 660 260 688 super
282 660 379 680 onmes
400 653 545 681 mittier-ex.
567 653 621 681 Hoc
642 657 734 681 autem
749 653 782 681 de
797 654 874 682 nulla
891 654 940 682 alia
959 662 1018 682 mu-

172 698 239 727 liere
268 699 305 727 ita
333 707 398 727 sane
426 703 452 728 et
474 702 548 728 recte
577 700 689 736 intelligi
723 703 810 736 potest
838 700 1018 736 spiritualiter

172 745 244 774 sicut
265 745 298 774 de
319 746 439 782 gloriosa
460 746 580 783 Virgine,
603 754 674 783 quae
689 746 809 783 gratiosa
830 746 895 775 fuit:
919 747 1018 783 primo,

172 792 237 828 quia
259 793 339 828 plena
367 793 456 829 gratia
484 793 659 830 sufficiente,-
688 793 865 821 Ecclesiastici
888 793 1018 830 vigesimo

171 841 266 867 sexto:
293 838 402 867 Gratia
432 839 566 867 mulieris
593 839 711 867 sedulae
742 839 889 867 delectabit
921 840 1017 867 ciram

170 893 258 912 suzim
279 889 304 913 et
325 893 393 913 ossa
414 885 495 914 illius
517 885 721 923 implumi-abit.
737 886 923 914 Sufficientem
945 887 1017 915 enim

171 931 268 960 habuit
289 932 404 968 gratiam
427 932 460 960 ad
483 932 645 968 placendum
669 932 723 960 Deo
749 935 775 960 et
797 932 829 960 ad
852 933 1017 961 exercitium

170 979 293 1007 omnium
316 978 452 1007 virtutum
475 979 546 1007 sicut
570 979 602 1007 ad
630 979 875 1015 impinguationem
898 980 1018 1013 ossium3

172 1025 288 1062 profecit
308 1026 380 1054 enim
402 1034 452 1062 per
476 1026 592 1062 gratiam
615 1026 689 1054 illam
711 1034 819 1063 semper
840 1027 874 1055 de
899 1027 970 1055 bono
991 1027 1018 1055 in

171 1072 278 1101 melius.
295 1089 332 1092 -—
347 1072 481 1106 Secundo,
503 1073 569 1109 quia
584 1073 663 1109 plena
684 1073 773 1109 gratia
788 1073 1018 1109 praeeminente;

173 1119 351 1147 Ecclesiastici
369 1119 498 1156 vigesimo
513 1122 593 1148 sexto
605 1120 631 1147 2:
651 1119 759 1148 Gratia
772 1128 861 1156 super
874 1120 1017 1157 qratiam,

171 1165 277 1193 mulier
298 1168 403 1193 saneta
422 1169 447 1193 et
466 1165 625 1202 pudorata.
649 1166 808 1194 sanctitudo
827 1174 889 1195 cum
913 1167 1018 1203 pudore

172 1212 297 1248 virginali
320 1212 436 1249 gratiam
459 1213 640 1241 excellentem
663 1213 743 1247 dicit,
766 1221 836 1250 quae
859 1214 884 1241 in
907 1214 1019 1250 Virgine

173 1259 258 1287 Maria
279 1260 447 1296 praecellens
469 1259 535 1293 fuit;
565 1259 739 1288 Canticorum
769 1264 885 1297 quarto:
910 1261 1019 1289 Hortus

171 1306 342 1340 conclusus,
370 1315 456 1335 soror
477 1315 541 1335 mea
569 1316 694 1344 sponsa,
717 1307 819 1336 liortus
847 1308 1017 1342 conclusus,

169 1352 237 1390 fons
257 1354 402 1390 siqua-tus.
424 1371 463 1374 -
484 1355 592 1387 Tertio,
614 1355 680 1391 quia
701 1355 781 1391 plena
808 1355 896 1391 gratia
916 1364 1018 1392 super-

170 1400 338 1428 abundante
346 1411 356 1433 ;
378 1401 466 1429 Lucae
487 1401 578 1437 primo
593 1402 619 1429 ³:
644 1403 712 1435 Ave,
726 1402 828 1438 qratia
848 1401 945 1438 plena,
963 1402 1017 1430 Do-

169 1447 270 1475 minus
292 1451 394 1481 tecum,
418 1448 565 1476 benedicta
587 1452 617 1476 tit
633 1449 664 1476 111
678 1449 853 1477 mulieribus
860 1460 870 1482 ;
892 1452 919 1477 et
940 1453 1016 1486 post:

171 1494 300 1530 Spiritus
320 1499 442 1523 sanetus
462 1495 643 1532 superveniet
664 1495 695 1523 111
710 1499 742 1523 te.
766 1496 792 1523 ln
808 1499 883 1524 tanta
897 1504 1017 1533 namque

172 1541 427 1577 superabundantia
448 1542 552 1578 gratiae
580 1542 699 1579 Spiritus
727 1545 839 1571 sanctus
867 1543 957 1577 venit,
986 1546 1017 1571 ut

171 1588 270 1616 merito
291 1588 314 1616 ei
331 1588 415 1624 possit
436 1588 488 1617 dici
505 1588 572 1617 illud
588 1589 799 1618 Proverbiorum
816 1589 928 1618 ultimo:
946 1590 1017 1618 Mul-

170 1639 215 1664 tae
235 1634 314 1670 (iliae
335 1639 586 1671 concrepaverunt
607 1635 747 1669 (livitias;
772 1639 803 1664 tu
824 1645 1017 1674 supergressa

169 1690 198 1709 es
218 1681 393 1715 universas;
414 1685 440 1710 et
471 1682 497 1710 in
528 1682 632 1711 Psalmo
647 1684 674 1711 4:
702 1683 833 1711 Visitasti
861 1686 972 1712 terram
993 1687 1018 1712 et

170 1728 326 1757 inebriasti
344 1737 418 1757 eam.
434 1746 472 1749 —
488 1729 602 1766 Propter
616 1730 703 1766 quod,
719 1730 740 1758 si
756 1730 871 1766 gratiam
887 1731 1017 1759 volumus

170 1775 310 1809 obtinere,
332 1776 440 1804 nullum
463 1779 504 1804 est
519 1776 613 1805 sanius
628 1777 787 1811 consilium,
810 1785 893 1813 quam
910 1780 941 1805 ut
955 1785 1016 1806 eam

170 1822 348 1856 accedamus,
371 1830 442 1859 quae
463 1825 505 1851 est
523 1823 626 1859 qratia
644 1823 742 1860 plena,
764 1827 791 1852 et
812 1824 872 1852 ideo
895 1823 1017 1852 thronus

167 1868 286 1906 prauae
308 1870 406 1898 merito
427 1873 615 1906 nuncupatur,
638 1870 790 1899 secundum
820 1870 886 1899 illud
912 1871 945 1899 ad
968 1871 1017 1900 He-

170 1915 268 1944 braeos
289 1919 405 1953 quarto:
428 1917 578 1945 Adeamus
599 1925 666 1945 eum
683 1916 796 1953 fiducia
817 1918 858 1946 acl
879 1916 1016 1946 tltromtm

168 1963 286 2000 qratia-e
317 1963 392 1997 eius,
425 1967 459 1991 ut
484 1964 720 1992 misericordiam
749 1972 964 2002 consequamur
992 1969 1017 1993 et

168 2010 303 2047 qratiam
324 2010 511 2039 inveniamus
526 2010 557 2039 111
572 2011 686 2039 auxilio
701 2016 872 2048 opportuno.
891 2012 939 2040 Per
955 2012 1016 2040 nul-

170 2056 223 2085 lam
245 2057 318 2085 enim
347 2059 436 2093 potest
457 2057 545 2094 gratia
573 2057 672 2086 melius
700 2058 833 2091 inveniri,
855 2066 938 2094 quam
967 2066 1017 2095 per

169 2103 243 2132 illam
265 2103 309 2132 cui
328 2111 378 2140 per
393 2104 524 2140 Angelum
540 2104 643 2132 dictum
659 2107 715 2133 est:
731 2105 872 2133 Invenisti
883 2105 1016 2142 qratiam

173 2151 255 2187 apua
278 2150 377 2178 Deum.

253 2197 294 2226 lV.
310 2198 371 2226 Fuit
392 2198 474 2226 etiam
496 2201 637 2235 postremo
657 2198 756 2227 mulier
777 2198 923 2236 offiez'osa,·
944 2199 1017 2227 unde

170 2244 333 2282 intelligitur
355 2253 404 2281 per
427 2245 500 2273 illam
515 2246 658 2274 mulierem
681 2254 696 2274 a
715 2246 841 2282 Sapiente
862 2246 1015 2280 laudatam,

171 2291 382 2320 Proverbiorum
412 2291 510 2320 ultimo
525 2292 545 2325 ⁵,
577 2292 611 2320 de
642 2300 697 2328 qua
728 2292 844 2321 dicitur:
868 2292 907 2320 De
937 2295 1017 2320 110010

169 2338 302 2366 surrexit
331 2338 462 2376 deditque
489 2339 635 2375 praedam
669 2339 832 2367 domesticis
866 2339 930 2367 suis
964 2343 1016 2368 etc.

170 2384 223 2413 Hoc
245 2387 319 2413 recte
340 2385 469 2421 competit
490 2385 603 2422 Virgini,
619 2393 690 2422 quae
712 2394 766 2414 non
788 2388 894 2414 tantum
916 2394 1016 2422 oppor—

169 2434 245 2465 tune,
268 2431 314 2460 sed
333 2432 414 2460 etiam
431 2432 590 2468 importune
605 2432 761 2469 interpellat
775 2440 826 2469 pro
840 2432 927 2467 nobis,
943 2433 1016 2470 quod

1863 204 1917 232 713

1076 281 1247 318 designatum
1260 281 1311 309 fuit
1326 281 1432 309 Ioannis
1444 281 1579 310 secundo:
1594 282 1742 318 Deficiente
1756 282 1833 316 vino,
1849 282 1919 310 dic-it

1076 327 1168 355 Mater
1192 328 1254 355 lesu
1276 328 1316 356 acl
1337 336 1418 356 eum:
1448 328 1552 356 Vinum
1573 337 1631 356 11011
1652 328 1763 357 liabent.
1789 329 1821 357 Et
1849 329 1919 357 dicit

1075 375 1102 402 ei
1123 375 1219 402 lesus:
1244 374 1321 409 Quia
1341 373 1415 402 1111111
1428 378 1451 402 et
1473 375 1524 403 tibi
1541 379 1591 408 est,
1611 375 1738 404 mulier?
1760 376 1786 404 in
1808 384 1864 412 quo
1878 376 1918 404 in-

1075 421 1202 449 sinuatur
1224 421 1308 449 nimia
1329 421 1485 450 officiositas
1506 425 1533 450 et
1554 422 1722 456 sollicitudo,
1745 431 1826 459 quam
1855 423 1918 452 bea-

1077 467 1181 495 tissima
1202 468 1285 504 Virgo
1307 467 1388 495 habet
1410 476 1460 504 pro
1482 476 1582 505 genere
1612 469 1742 497 humano.
1771 469 1815 497 Est
1845 470 1917 498 enim

1076 514 1154 543 nobis
1175 514 1309 543 officiosa:
1332 514 1436 551 primo,
1462 515 1610 544 liberando
1632 524 1646 544 a
1676 516 1761 550 malo,
1792 517 1816 544 in
1839 517 1918 545 cuius

1076 561 1164 597 figura
1185 561 1286 589 dicitur
1307 562 1418 591 Genesis
1440 562 1521 590 tertio
1542 562 1574 591 ad
1594 566 1765 599 serpentem:
1789 563 1917 591 1111111101-

1077 608 1133 636 tias
1153 616 1262 644 portam
1293 609 1368 637 inter
1398 613 1421 637 le
1449 613 1473 637 et
1501 609 1668 642 mulierem;
1699 613 1725 638 et
1751 613 1826 646 post:
1851 610 1918 646 Ipsa

1076 658 1199 682 conteret
1219 659 1308 691 eaput
1329 659 1421 683 tuum.
1445 655 1503 692 Ipsa
1532 663 1651 692 namque
1672 656 1801 684 contrivit
1821 656 1917 684 adver-

1076 701 1179 729 sarium
1202 705 1326 729 nostrum
1350 705 1376 730 et
1397 710 1446 730 nos
1468 702 1594 730 llberavit
1614 702 1648 730 ab
1670 710 1710 736 eo,
1732 710 1794 731 cum
1822 714 1834 727 «
1850 710 1916 731 cun-

1075 751 1132 775 ctas
1153 748 1281 776 haereses
1309 748 1449 776 interemit
1476 748 1502 776 in
1526 748 1655 776 universo
1681 748 1783 777 mundo
1798 750 1808 765 θ
1824 761 1850 777 n.
1880 766 1915 768 —-

1075 794 1208 826 Secundo,
1224 795 1417 830 promovendo
1432 795 1458 822 in
1482 795 1567 826 bono:
1587 795 1797 823 Proverbiorum
1812 796 1917 824 decimo

1076 844 1176 876 quarto
1191 841 1217 868 ⁷:
1241 841 1364 877 Sapiens
1382 841 1489 869 mulier
1510 841 1644 877 aedificat
1669 842 1787 870 (tomum
1812 851 1917 875 suam,-

1076 886 1215 923 iusipiens
1230 891 1409 915 exstructam
1422 896 1532 925 quoque
1546 888 1683 916 manibus
1695 889 1819 917 destruet
1824 900 1833 922 ;
1845 890 1917 926 quod

1076 936 1149 962 recte
1172 933 1333 970 intelligitur
1354 934 1388 962 de
1409 934 1492 962 Maria
1521 938 1548 963 et
1570 935 1638 968 Eva;
1670 935 1741 964 sicut
1771 936 1843 964 enim
1865 936 1918 965 Eva

1076 988 1125 1008 sua
1147 980 1302 1016 insipientia
1323 989 1373 1009 nos
1394 981 1492 1009 deiecit
1520 990 1535 1009 a
1562 981 1649 1015 bono,
1672 982 1710 1010 sic
1732 982 1814 1019 Virgo
1835 983 1918 1011 Maria

1076 1034 1125 1054 sua
1147 1027 1279 1063 sapientia
1300 1035 1349 1056 nos
1371 1031 1514 1063 promovet
1537 1028 1562 1056 in
1587 1028 1659 1056 bono
1680 1032 1809 1065 tanquam
1838 1029 1917 1066 spiri-

1076 1073 1141 1101 tuali
1164 1074 1287 1102 aedificio
1303 1082 1415 1102 manum
1431 1075 1601 1111 apponendo.
1617 1092 1654 1096 ——
1669 1076 1769 1110 Tertio,
1785 1084 1917 1105 consum-

1075 1120 1183 1149 mamlo
1198 1121 1224 1148 in
1247 1121 1364 1157 optimo;
1381 1121 1591 1150 Proverbiorum
1608 1122 1753 1150 undecimo
1767 1123 1794 1150 ὃς
1816 1123 1918 1152 Mulier

1074 1167 1209 1204 gyratiosa
1230 1167 1353 1196 inveniet
1371 1168 1507 1205 gloriam.
1532 1169 1589 1205 ipsa
1605 1177 1722 1205 namque
1744 1170 1847 1199 invenit
1861 1171 1917 1208 glo-

1076 1214 1144 1242 riam
1168 1214 1217 1243 sibi
1240 1217 1267 1243 et
1295 1214 1370 1248 aliis,
1393 1215 1457 1251 quia
1479 1223 1528 1251 per
1549 1215 1635 1251 ipsam
1657 1220 1751 1252 aperta
1773 1220 1813 1245 est
1840 1218 1918 1245 nobis

1076 1263 1154 1296 porta
1175 1260 1258 1294 caeli;
1281 1261 1353 1288 sicut
1380 1260 1451 1289 enim
1483 1269 1531 1297 per
1559 1269 1618 1289 eam
1642 1262 1713 1290 Deus
1734 1262 1767 1290 ad
1797 1271 1845 1291 nos
1872 1263 1917 1292 de-

1075 1308 1195 1342 scendit,
1217 1309 1255 1337 sic
1276 1312 1401 1345 oportet,
1431 1312 1462 1337 ut
1482 1317 1532 1337 nos
1555 1317 1602 1346 per
1628 1318 1686 1338 eam
1709 1310 1740 1338 ad
1770 1309 1915 1340 Dominum

1074 1355 1261 1384 ascendamus.

1153 1402 1193 1430 Ex
1214 1402 1361 1439 praedictis
1389 1402 1474 1439 igitur
1495 1403 1583 1440 colligi
1613 1406 1717 1440 potest,
1740 1405 1814 1441 quod
1835 1405 1918 1442 Virgo
1934 1402 2053 1430 Conclusio(

1074 1450 1152 1478 beata
1174 1453 1303 1486 tanquam
1331 1450 1430 1478 mulier
1458 1450 1577 1486 perfecte
1605 1454 1632 1479 et
1660 1451 1819 1487 simpliciter
1848 1452 1918 1480 bona

1073 1496 1278 1524 similitudinem
1302 1497 1384 1525 habet
1411 1504 1571 1533 expressam
1598 1497 1631 1525 ad
1653 1498 1736 1526 solem
1759 1498 1785 1526 in
1816 1499 1917 1527 mundo

1073 1543 1205 1572 orientem
1228 1547 1341 1580 propter
1363 1544 1560 1580 quadriformis
1581 1545 1758 1581 proprietatis
1779 1546 1915 1574 excellen-

1074 1590 1205 1618 tissimam
1222 1590 1232 1606 9
1254 1590 1480 1627 triplicationem,
1503 1591 1555 1620 hoc
1576 1594 1617 1620 est
1638 1594 1751 1627 propter
1769 1591 1912 1620 duodecim

1074 1637 1215 1673 privilegia
1236 1637 1414 1671 excellentia,
1443 1642 1557 1674 propter
1585 1638 1658 1675 quod
1687 1638 1798 1675 intelligi
1829 1642 1916 1675 potest

1074 1691 1123 1720 per
1144 1683 1216 1712 illam
1240 1684 1400 1718 mulierem,
1422 1684 1595 1721 Apocalypsis
1615 1685 1785 1719 duodecimo,
1807 1685 1840 1714 de
1861 1693 1916 1722 qua

1073 1730 1191 1758 dicitur}
1208 1730 1312 1759 Mulier
1333 1731 1444 1759 amicta
1471 1731 1528 1759 sole
1549 1734 1610 1765 etc„
1632 1735 1657 1759 et
1681 1732 1711 1760 111
1733 1732 1826 1768 capite.
1853 1732 1915 1760 eius

1073 1785 1183 1805 corona
1203 1777 1356 1806 stellarum
1377 1778 1546 1811 clitodeeim;
1567 1779 1593 1806 in
1619 1786 1675 1815 quo
1696 1779 1777 1807 datur
1803 1779 1914 1815 intelligi

1073 1825 1238 1853 excellentia
1259 1825 1402 1853 duodecim
1425 1825 1628 1861 praedictarum
1651 1826 1915 1862 praerogativarum,

1074 1880 1124 1908 pro
1155 1871 1257 1908 quibus
1289 1880 1342 1900 non
1375 1872 1511 1901 immerito
1542 1873 1624 1909 Virgo
1655 1875 1831 1909 comparatur
1858 1872 1918 1900 Soli

1074 1918 1181 1946 orienti
1201 1919 1310 1947 mumlo
1330 1919 1350 1935 ¹⁰
1371 1919 1402 1947 111
1423 1919 1575 1947 altissimis
1590 1919 1649 1947 Dei.
1669 1919 1811 1948 Benedicta
1832 1919 1915 1955 igitur

1073 1968 1099 1994 et
1122 1966 1287 1994 venerabilis
1308 1966 1344 1994 sit
1366 1966 1447 2003 Virgo
1469 1966 1553 1994 Maria
1573 1966 1599 1994 in
1621 1970 1773 1995 aeternum.
1796 1967 1888 1994 Amen.

1397 2060 1488 2087 Sanno
1511 2059 1542 2087 tv
1559 2060 1591 2086 ¹¹.

1157 2152 1213 2180 Vas
1228 2152 1413 2186 admirabile,
1429 2161 1502 2189 opus
1519 2152 1638 2186 Emeelsi,
1656 2152 1832 2181 Ecclesiastici
1848 2160 1914 2189 qua-

1072 2199 1226 2236 dragesimo
1247 2199 1328 2227 tertio
1343 2200 1375 2227 ¹2.

1152 2246 1179 2274 In
1202 2246 1287 2274 verbo
1308 2246 1361 2274 isto
1381 2246 1535 2274 ostenditur
1557 2246 1634 2274 valde
1656 2246 1859 2279 admirabilis,
1887 2249 1914 2274 et

1073 2301 1122 2329 per
1140 2301 1311 2330 consequens
1330 2293 1483 2329 plurimum
1498 2292 1735 2321 commendabilis
1751 2293 1913 2329 imperatrix

1073 2340 1157 2368 totius
1178 2343 1337 2373 creaturae,
1360 2348 1431 2376 quae
1450 2340 1559 2376 quidem
1582 2340 1608 2367 in
1631 2347 1680 2368 sua
1702 2339 1842 2368 nativitate
1863 2339 1915 2367 fuit

1072 2395 1126 2415 vas
1146 2386 1338 2421 admirabile;
1360 2387 1406 2415 sed
1427 2390 1501 2415 certe
1523 2387 1591 2420 ideo,
1613 2386 1678 2423 quia
1699 2394 1771 2423 opas
1794 2385 1912 2414 Excelsi.

1072 2432 1276 2461 Commendatio
1297 2435 1389 2461 autem
1411 2433 1462 2461 ista
1482 2432 1633 2461 attenditur
1648 2435 1782 2469 quantum
1801 2432 1833 2460 ad
1849 2431 1913 2466 duo,

233 2604 241 2616 ¹
261 2605 324 2627 Vers.
347 2605 384 2633 15,
402 2608 530 2634 sequuntur
548 2612 570 2628 ν.
591 2607 624 2628 17.
642 2610 662 2629 et
681 2607 747 2629 Eceli.
765 2608 801 2635 26,
821 2608 857 2629 16.

233 2642 242 2655 ²
261 2644 325 2665 Vers.
345 2644 386 2670 tt),
403 2644 508 2672 sequitur
525 2643 588 2666 Cant.
607 2644 628 2672 4,
651 2646 684 2667 12.

233 2681 242 2694 ⁵
261 2683 326 2704 Vers.
342 2683 381 2705 28.
398 2686 419 2705 et
436 2683 490 2705 dein
506 2690 529 2704 v.
549 2683 586 2705 35.
603 2686 625 2705 et
642 2684 708 2706 Prov.
725 2684 763 2712 31,
781 2685 818 2706 29.

232 2720 242 2733 2¹
259 2722 341 2743 Psalm.
358 2721 396 2748 64,
414 2722 440 2748 9;
457 2724 586 2750 sequuntur
603 2721 672 2745 Hebr.
691 2722 712 2749 4,
732 2723 768 2745 16.
786 2726 807 2745 01
824 2724 878 2745 Luc.
897 2724 917 2751 i,
935 2724 972 2746 30.

233 2759 243 2772 ⁵
257 2760 311 2788 Cap.
331 2761 367 2788 31,
386 2761 427 2787 15,
444 2763 573 2789 sequuntur
590 2762 651 2783 loan.
669 2762 696 2788 2,
714 2762 735 2784 3.
752 2767 799 2790 seq.
818 2765 840 2784 et
859 2763 914 2784 Gen.
933 2763 959 2789 3,
978 2762 1014 2784 15.

232 2798 242 2811 ⁶
259 2800 359 2821 Breviar.
371 2800 466 2821 Roman.
479 2800 500 2821 3.
512 2799 575 2822 Noet.
589 2800 609 2821 1.
622 2800 716 2827 Antiph.
728 2800 756 2822 ad
774 2801 876 2823 Matutin.
889 2801 912 2823 in
924 2800 1014 2823 Comm.

171 2838 196 2861 B.
214 2839 240 2860 V.
259 2839 285 2860 M.
304 2839 363 2861 Vide
379 2838 447 2860 etiam
466 2838 495 2860 de
512 2839 555 2860 hoc
572 2838 656 2860 celebri
679 2839 740 2861 dicto
763 2839 820 2861 Petr.
840 2839 923 2867 Canis„
941 2840 967 2862 V.
985 2840 1014 2862 de

170 2877 267 2905 Deip-ara
287 2877 352 2904 Virg.
369 2883 389 2899 c.
406 2877 428 2899 9.
883 2877 891 2890 ⁷
910 2878 974 2900 Vers.
993 2879 1013 2900 1.

234 2914 243 2927 ⁸
261 2916 326 2938 Vei-s.
348 2916 380 2938 16.

234 2954 243 2967 ⁹
260 2954 316 2977 Cod.
335 2955 474 2977 Tudertinus
492 2955 561 2977 habet
578 2954 718 2978 emetientis.
741 2967 772 2972 -
788 2956 920 2984 Sequuntur
941 2956 1013 2983 Apoc.

176 2995 209 3023 12,
230 2996 247 3016 ι.
265 2997 287 3017 et
304 2994 371 3017 Eccli.
388 2995 425 3021 26,
444 2995 480 3016 21.

265 3041 289 3065 S.
308 3041 396 3064 Bonae.
414 3053 444 3058 —
462 3041 529 3063 Tom.
547 3041 584 3063 IX.

1134 2606 1153 2620 ¹⁰
1170 2607 1226 2629 Cod.
1245 2607 1385 2629 Tudertinus
1401 2607 1434 2629 sic
1451 2607 1580 2629 continuat:
1599 2606 1631 2629 acl
1647 2606 1714 2629 culus
1731 2605 1792 2629 Solis
1810 2605 1912 2628 calorem

1071 2646 1255 2676 consumendum
1272 2648 1313 2673 est,
1333 2647 1358 2669 ut
1373 2646 1407 2669 sic
1423 2645 1453 2668 ab
1470 2645 1513 2668 isto
1526 2645 1580 2668 Sole
1592 2644 1722 2668 illuminati
1737 2646 1758 2667 et
1771 2644 1913 2673 inflammati

1070 2690 1169 2706 sursum
1187 2683 1292 2707 levemur
1309 2683 1341 2706 ad
1357 2684 1464 2707 caelestia
1483 2690 1566 2713 regna.
1579 2683 1647 2711 Quod
1663 2683 1729 2706 uobis
1744 2684 1870 2712 praestare
1881 2682 1912 2705 cli*

1070 2723 1157 2751 91101111·
1175 2722 1313 2752 Uniqenz‘tus
1330 2722 1410 2745 Patris
1426 2722 1483 2750 eius,
1504 2723 1545 2752 qui
1569 2724 1602 2745 est
1620 2722 1751 2745 bmzmlictns
1769 2722 1791 2744 in
1809 2721 1912 2744 saecula.

1071 2762 1152 2783 Amen.

1135 2799 1152 2812 ¹¹
1171 2801 1200 2822 Ex
1217 2800 1270 2823 cod.
1287 2800 1390 2822 biblioth.
1408 2800 1539 2822 parisiensis
1557 2800 1666 2822 Nntional.
1684 2799 1763 2821 16499.
1776 2800 1814 2821 sol.
1825 2797 1869 2820 244
1882 2806 1912 2826 v.‚

1071 2840 1109 2868 qui
1137 2839 1267 2861 inscribitur
1285 2840 1312 2861 111.
1329 2838 1456 2862 Ναιὶυίίαίε
1474 2840 1498 2862 H.
1521 2838 1630 2868 Virgstuis.
1650 2838 1707 2861 Cum
1734 2839 1783 2866 ipso
1805 2838 1911 2860 convenit

1071 2879 1093 2900 in
1112 2878 1215 2900 bibilom.
1235 2879 1350 2900 Monaeen.
1365 2879 1420 2905 [teg.
1434 2878 1485 2900 cod.
1497 2878 1544 2900 Lat.
1557 2878 1624 2900 9604.
1637 2878 1673 2900 sol.
1692 2878 1720 2899 99
1738 2884 1759 2899 v.
1779 2877 1818 2899 llic
1835 2883 1911 2899 sermo

1071 2921 1186 2940 contracte
1202 2918 1286 2939 relatus
1303 2920 1348 2945 est,
1369 2917 1490 2945 solumque
1511 2917 1622 2944 generalis
1639 2916 1758 2939 divisionis
1776 2922 1829 2944 pars
1846 2917 1859 2938 1.
1877 2922 1911 2938 ex-

1071 2956 1170 2984 ponitur.

1134 2994 1152 3007 ¹²
1170 2995 1235 3016 Vers.
1253 2995 1274 3016 2.

1786 3042 1814 3063 90

1936 522 1962 541 De
1975 523 2042 546 primo.

1934 804 1960 821 De
1973 803 2062 822 secundo.

1936 1083 1963 1102 De
1976 1084 2038 1103 tertio.

1931 2250 2051 2270 introductio.
