2243 3348
0 732 3 753 l

2 1383 3 1397 ἱ
11 1381 112 1401 ιῖῐοᾶῡθιίο.

129 252 270 282 deiformis
291 252 426 286 efficitur,
448 254 475 280 et
502 251 631 280 omnibus
661 251 782 279 motibus
813 251 974 279 bestialibus

129 299 314 328 sensualitatis
334 306 412 327 mens
433 301 460 327 et
480 298 559 331 ratio,
581 296 734 326 secundun]
755 297 829 333 quod
845 297 973 333 possibile

129 348 186 380 est,
207 344 394 373 dominantur.

11 421 13 425 ,
209 392 302 420 Postea
323 391 450 428 sequitur
471 391 588 427 septima
605 390 679 424 dies,
701 390 805 418 scilicet
826 389 972 426 paschalis,

10 435 111 471 inopom.
128 446 200 476 quae
219 447 307 475 sopor
335 441 425 474 potest
456 437 609 471 nominari,
631 444 703 473 quae
728 440 769 464 est
790 436 923 472 quietatio
945 436 972 463 in

127 486 184 514 Deo
204 493 240 514 ex
262 484 493 521 contemplatione
514 487 541 513 et
561 486 645 520 gustu
673 483 781 512 divinae
802 482 971 516 dulcedinis;

128 532 251 561 Psalmus
264 533 289 559 ¹:
312 531 412 559 Melior
433 535 475 559 est
494 531 555 559 dies
586 538 649 558 una
680 530 711 558 in
732 529 820 558 atriis
846 529 905 557 tuis
926 537 974 556 su-

124 587 178 616 per
198 578 301 607 millia.
324 578 405 615 Eleyi
424 577 553 606 abiectus
574 585 633 605 esse
647 581 698 606 etc.

206 625 353 654 Sciendum
375 628 416 653 est
436 627 544 657 autem,
567 624 640 661 quod
672 624 724 652 hoc
745 623 798 652 fuit
819 623 844 651 in
871 621 972 651 Betha-

26 673 196 706 aauianiania,
219 680 289 709 quae
311 672 511 708 interpretatur
542 671 641 699 domus
666 670 852 704 obedientiae,
874 669 973 698 domus

12 146 13 161 l

12 166 14 189 l

11 221 13 292 l

11 328 13 342 t

11 346 13 357 t

11 364 13 377 t

0 712 1 715 =
17 704 104 727 figuratur

19 726 99 753 ordo-s:
127 719 293 753 afflictionis,
316 719 416 747 domus
447 718 509 746 doni
538 718 603 749 Dei,
625 718 724 746 domus
745 716 898 753 gratificata
920 716 973 744 Do-

43 755 106 769 ⁰⁰¹⁵⁰¹'
128 766 216 799 mino;
240 773 288 802 per
310 773 381 802 quae
402 765 566 801 intelligitur
588 767 662 793 recte
684 763 787 800 Religio
802 762 873 791 beati
889 763 972 791 Fran-

127 813 190 842 cisci
207 814 227 847 2,
249 820 320 849 quae
342 815 383 840 est
403 812 502 840 domus
523 811 714 844 obedientiae,
736 813 762 839 et
784 810 811 838 in
833 818 887 846 qua
909 809 973 838 obe-

738 936 829 964 FERIA
851 936 972 972 QUlNTA

473 1050 564 1077 Samio
587 1049 594 1076 l
606 1048 626 1076 ³.

214 1144 293 1177 Vz'clz‘,
315 1147 339 1172 et
360 1152 436 1177 ecce,
459 1143 490 1171 iit
504 1142 598 1171 medio
614 1141 713 1170 tltrom?
726 1145 751 1169 et
765 1145 894 1179 quatuor
909 1140 974 1168 cmi-

128 1191 253 1220 mctlz'ttm
273 1194 299 1218 et
320 1190 350 1218 in
365 1189 458 1218 medio
472 1190 620 1217 seniorum
639 1190 755 1226 Aynum
771 1191 894 1216 stcmtem
911 1191 974 1215 lan-

128 1246 218 1276 quam
239 1238 384 1270 oeci-sum,
407 1236 554 1265 habentem
576 1244 689 1264 cornua
710 1239 814 1272 septem
837 1238 861 1262 et
877 1233 974 1263 oculos

127 1288 241 1321 septem,
263 1284 315 1321 qui
335 1288 404 1312 suut
424 1287 526 1320 septem
550 1283 676 1320 spiritus
700 1282 780 1310 Dei4.

208 1331 385 1368 (Prothema),
408 1330 486 1359 illisit
507 1339 625 1358 servum
653 1338 742 1358 sztztm
772 1328 846 1357 horst
872 1336 975 1357 coenae

128 1378 223 1407 [licere
244 1378 386 1411 invitatis,
408 1382 440 1405 ut
461 1377 599 1405 venirem.
616 1376 739 1405 Verbum
761 1375 914 1404 secundum
935 1378 976 1403 est

128 1425 156 1454 in
178 1425 258 1453 Luca..
281 1424 393 1453 Certum
422 1427 478 1458 est,
501 1424 573 1461 quod
603 1423 731 1451 Christus
759 1422 828 1459 feeit
855 1430 974 1451 coenam

127 1480 269 1510 maynam
300 1475 325 1500 et
356 1471 491 1500 invitavit
520 1470 625 1498 multos
636 1471 657 1504 ⁵,
680 1470 745 1506 quia
767 1469 974 1497 universitatem

1 2169 3 2191 j
41 2178 111 2198 sermo.

129 1519 361 1552 christianorunn
384 1522 411 1547 et
442 1518 508 1555 quia
539 1518 609 1554 pigri
633 1525 743 1550 sumus,
765 1516 853 1545 mittit
877 1524 975 1544 servos

128 1575 214 1600 suos,
236 1565 263 1593 id
285 1568 327 1594 est
348 1564 561 1601 praedicatores,
579 1567 609 1593 ut
623 1564 656 1592 ad
680 1571 792 1592 coenam
816 1571 893 1591 suam
909 1563 977 1591 alios

128 1613 285 1642 hortentur.
309 1612 411 1645 Credo,
433 1611 507 1648 quod
528 1619 623 1639 omnes
645 1610 679 1639 ad
701 1611 779 1638 istam
795 1618 907 1638 coenam
930 1617 975 1638 ve-

127 1660 208 1689 nietis
230 1660 257 1688 in
281 1659 383 1687 Pascha
404 1662 430 1687 et
451 1659 567 1687 sumetis
582 1666 684 1694 corpus
705 1657 820 1691 Christi,
835 1657 908 1693 quod
924 1656 976 1684 suit

127 1707 221 1735 datum
244 1706 377 1743 Apostolis
399 1706 425 1734 in
448 1706 500 1734 ista
521 1713 613 1734 coena.
636 1705 738 1733 Verum
761 1707 818 1738 est,
840 1703 913 1740 quod
930 1711 975 1740 pe-

127 1754 247 1783 riculum
270 1757 311 1782 est
338 1754 432 1782 venire
453 1753 486 1781 ad
509 1753 588 1781 istam
611 1760 739 1786 coenam,
766 1751 817 1779 nisi
841 1751 923 1779 homo
942 1751 976 1779 sit

127 1801 197 1830 bene
218 1801 367 1838 dispositus
388 1801 421 1829 ad
443 1809 520 1834 eam;
544 1800 614 1828 sicut
644 1799 830 1836 periculosum
864 1798 915 1826 fuit
937 1798 974 1826 illi

129 1848 186 1885 qui,
208 1856 266 1876 ‘non
288 1847 395 1876 liabens
416 1851 518 1876 vestem
537 1846 709 1883 nuptialem,
725 1846 849 1874 intravit
869 1845 901 1873 ad
924 1854 975 1874 nu-

128 1896 205 1932 ptias.
239 1895 382 1932 Quomodo
412 1895 517 1923 debetis
539 1894 641 1922 sentire
663 1896 690 1922 et
711 1894 806 1922 venire
834 1894 866 1922 ad
897 1894 974 1922 istam

128 1950 256 1974 coenam,
272 1950 330 1979 ego,
346 1942 392 1979 qui
411 1950 472 1970 sum
495 1950 593 1970 servus
616 1941 705 1969 malus
726 1944 753 1969 et
768 1941 906 1977 indignus,
927 1940 976 1968 ha-

128 1989 178 2018 beo
202 1989 278 2017 vobis
300 1996 462 2025 proponere.
486 1989 587 2017 Verum
610 1991 667 2021 est,
689 1987 763 2024 quod
785 1987 885 2024 aliquis
899 1987 975 2015 dives

127 2036 255 2064 dominus
277 2043 325 2072 per
348 2035 450 2063 malum
465 2043 576 2063 servum
594 2035 677 2062 mittit
690 2035 891 2070 eleemosynam
908 2042 975 2070 pau-

128 2083 204 2119 peri,
226 2082 299 2110 unde
322 2082 454 2110 reficitur.
478 2082 615 2118 Rogemus
637 2084 687 2109 etc.

213 2129 293 2163 Victi,
316 2132 341 2157 et
361 2137 438 2163 ecee,
461 2129 491 2156 itt
512 2129 605 2157 medio
635 2127 733 2156 llo-om·
760 2132 821 2162 etc,
845 2128 975 2164 Apocaly—

128 2176 184 2214 psis
205 2177 310 2213 quinto.
327 2176 358 2204 Et
373 2179 414 2204 est
435 2176 551 2204 verbum
575 2175 694 2209 loannis,
714 2175 831 2211 Apostoli
848 2179 874 2203 et
889 2175 975 2203 Evan-

129 2223 241 2260 gelistae
262 2226 289 2251 et
311 2222 478 2259 Prophetae,
501 2222 547 2258 qui
571 2222 692 2258 explicat
714 2221 792 2249 nobis
815 2221 858 2249 hic
874 2224 975 2257 myste-

129 2269 202 2297 rium
227 2268 437 2305 redemptionis:
459 2271 491 2296 ut
509 2277 640 2305 purum,
663 2271 695 2296 ut
721 2267 804 2304 pium
827 2270 854 2295 et
876 2271 906 2295 ut
924 2276 976 2304 po-

128 2316 311 2349 testativsz
333 2319 364 2344 ut
382 2324 496 2352 purum
518 2316 544 2343 in
566 2315 666 2343 Christi
689 2323 786 2348 coena,
802 2317 833 2342 ut
849 2315 933 2351 pium
948 2314 975 2342 in

127 2362 228 2390 Christi
242 2366 339 2396 morte,
349 2365 379 2390 ut
388 2362 594 2398 potestatium
607 2362 632 2390 in
647 2362 705 2390 Iesu
714 2361 814 2390 Christi
826 2361 975 2398 triumpho.

129 2409 250 2437 Primum
272 2412 384 2437 notatur
400 2417 448 2446 per
465 2410 525 2443 hoc,
541 2409 614 2446 quod
631 2409 698 2437 vidit
714 2411 734 2437 A
740 2418 832 2446 9221th
852 2413 977 2437 stantem

129 2456 160 2484 in
181 2456 273 2484 medio
296 2455 394 2484 cltrom'
414 2460 438 2484 ec
459 2460 588 2494 quatuor
603 2456 781 2484 aninmlz'um
796 2459 821 2483 et
835 2456 866 2484 z'iz
884 2456 977 2484 medio

128 2503 296 2537 seniorttm,·
312 2503 478 2537 secundum,
495 2503 547 2531 ibi:
563 2507 705 2541 tanquam
720 2504 858 2537 occisum,
875 2503 978 2532 scilicet

130 2550 156 2578 in
169 2550 307 2587 passione;
324 2550 445 2583 tertium,
460 2550 494 2578 ibi
506 2561 511 2578 :
524 2549 672 2578 habentem
684 2558 799 2578 cornua
809 2555 915 2587 septem
926 2553 976 2578 etc.

128 2593 246 2633 (scilicet
261 2598 287 2625 in
303 2596 521 2634 glorificatione).
541 2597 566 2625 ln
583 2597 714 2633 mysterio
729 2604 829 2625 coenae
844 2604 913 2633 pure
928 2604 979 2625 nos

34 2412 111 2432 Divisio,

636 174 727 202 FERIA
750 174 871 210 QUINTA
893 174 924 202 ΙΝ
945 174 1052 203 COENA
1073 175 1198 204 DOMINI.
1220 177 1329 205 SERMO
1351 178 1368 205 l.

1811 185 1865 213 247

1029 251 1159 280 dienduni
1192 257 1232 281 est
1263 253 1321 282 sine
1350 255 1563 285 contradictione
1586 256 1612 284 in
1634 258 1789 292 voluntate,
1811 260 1868 289 sine

1031 305 1176 326 murmure
1197 299 1224 327 in
1247 307 1386 333 sermone,
1408 301 1466 329 sine
1499 309 1576 330 mora
1607 302 1633 330 in
1657 305 1867 339 exspectatione.

1031 360 1066 363 —
1090 344 1170 378 item,
1192 348 1233 373 est
1263 345 1362 374 domus
1383 346 1572 375 abstinentiae
1580 358 1590 380 ‚·
1611 348 1646 376 ibi
1675 350 1784 378 castitas
1815 351 1870 380 Deo

1029 390 1158 424 offertur,
1181 391 1206 419 in
1239 399 1295 427 qua
1325 392 1517 429 intelliguntur
1538 394 1670 430 quaedam
1692 395 1870 426 substantia-

1030 436 1081 470 lia,
1097 440 1128 465 ut
1143 437 1237 465 vitatio
1258 438 1347 466 omnis
1368 439 1485 467 carnalis
1506 441 1690 477 corruptionis
1712 445 1767 470 tam
1788 451 1870 479 opere

1029 490 1112 519 quam
1134 483 1290 517 voluntate3
1313 484 1447 520 quaedam
1470 485 1663 521 adminicula,
1679 491 1710 516 ut
1725 488 1871 518 multitudo

1029 529 1200 565 asperitatis;
1229 530 1363 566 quaedam
1384 531 1577 566 medicantia,
1607 536 1638 561 ut
1665 534 1728 571 fuga
1752 535 1870 571 suspecti

1030 575 1169 603 consortii.
1182 591 1220 595 —
1234 575 1284 603 Sed
1300 576 1401 604 dicitur
1416 577 1568 613 gratificata
1584 579 1638 607 Deo
1654 588 1701 616 per
1714 584 1871 618 pauperta-

1030 625 1082 650 tem
1092 631 1102 654 ,·
1121 629 1184 649 nam
1205 622 1252 650 ubi
1275 626 1316 650 est
1330 623 1445 651 avaritia
1460 624 1501 652 vel
1516 626 1670 661 proprietas
1685 626 1711 654 in
1728 627 1869 664 Religioso‚

1030 676 1083 696 non
1105 668 1193 702 Deus,
1216 668 1263 697 sed
1278 668 1381 697 idolum
1397 670 1497 698 colitur
1518 671 1552 699 ab
1575 672 1641 708 Ipso.
1664 673 1699 701 Ad
1724 677 1869 710 pauperta-

1030 718 1083 744 tem
1106 723 1200 743 veram
1223 718 1250 743 et
1271 715 1418 752 perfectam
1442 717 1640 753 requiruntur:
1663 720 1730 748 nihil
1752 720 1801 749 sibi
1824 729 1872 758 ap-

1029 762 1190 799 propriare,
1213 762 1281 790 nihil
1303 762 1406 790 habere
1429 763 1469 791 vel
1494 764 1627 799 retinere,
1649 766 1716 794 nihil
1742 767 1807 795 dare
1829 768 1871 796 vel

1030 808 1154 845 recipere
1175 808 1233 837 sine
1255 809 1364 837 licentia
1385 810 1508 845 praelati.
1532 811 1666 847 Rogemus
1687 816 1737 841 etc.

994 935 1026 963 {N
1046 934 1152 963 COENA
1175 934 1300 963 DOMlNl.

1031 1046 1141 1080 cibavit,
1157 1046 1183 1073 in
1200 1045 1323 1082 patibulo
1344 1046 1435 1074 crucis
1450 1046 1493 1082 pie
1508 1055 1558 1075 nos
1576 1047 1705 1082 redemit,
1728 1048 1753 1076 in
1776 1049 1874 1077 trium-

1031 1093 1086 1129 pho
1108 1092 1319 1121 resurrectionis
1334 1093 1496 1129 potestative
1514 1101 1563 1122 nos
1577 1094 1748 1130 glorificavit.
1764 1095 1802 1123 De
1817 1096 1876 1124 istis
1893 1100 2006 1119 Notandum-

1032 1140 1122 1168 tribus
1142 1139 1259 1168 diversis
1281 1139 1452 1176 temporibus
1474 1140 1641 1176 loquendum
1664 1144 1712 1169 est.

1110 1187 1127 1214 1.
1152 1187 1250 1220 Primo,
1269 1186 1338 1220 dico,
1353 1186 1519 1215 describitur
1535 1188 1695 1223 mysterium
1713 1188 1876 1226 redemptio·
1889 1193 2021 1226 Pars1-,13riu1

1031 1234 1074 1263 nis
1094 1237 1205 1262 nostrae
1226 1238 1258 1262 ut
1276 1242 1390 1270 purum
1411 1234 1587 1262 inconvicto
1602 1243 1720 1269 coenae,
1737 1236 1782 1264 ubi
1798 1236 1876 1264 Chri-
1916 1217 1988 1241 mpfflb'

1032 1285 1107 1315 stus,
1129 1288 1214 1310 verus
1235 1282 1342 1317 Agnus,
1365 1289 1414 1309 nos
1443 1281 1543 1309 cibavit
1564 1284 1591 1309 et
1612 1282 1706 1319 refecit
1728 1282 1758 1310 iot
1782 1283 1874 1311 medio
1894 1274 1903 1275 ἶ

1033 1327 1144 1361 tlzrom',
1167 1328 1193 1356 id
1215 1331 1256 1356 est
1279 1328 1428 1361 Ecclesiae,
1450 1331 1474 1356 θι
1496 1328 1526 1356 z'n
1548 1328 1641 1356 medio
1662 1333 1790 1366 quatuor
1811 1330 1876 1358 ani—

1033 1375 1157 1404 malium
1188 1379 1212 1403 et
1243 1375 1408 1409 seniorum,
1430 1375 1455 1403 id
1489 1379 1530 1403 est
1559 1375 1584 1403 in
1618 1376 1706 1404 medio
1737 1376 1877 1405 doctrinae

1032 1423 1205 1459 evangelicae
1226 1425 1253 1451 et
1275 1422 1375 1459 legalis.
1393 1422 1423 1450 Et
1438 1430 1492 1450 non
1509 1422 1566 1451 sine
1581 1430 1664 1451 causa
1679 1423 1744 1451 dicit
1760 1425 1876 1460 Aymmz

1032 1472 1172 1503 stantem,
1204 1469 1269 1505 quia
1304 1468 1431 1497 Christus
1463 1476 1604 1505 nunquam
1637 1468 1720 1497 iacuit
1751 1477 1799 1505 per
1830 1478 1876 1506 pa-

1032 1524 1091 1545 cem
1114 1518 1139 1551 (?
1162 1519 1277 1544 mortem
1294 1518 1332 1551 ?);
1354 1516 1393 1544 sic
1414 1523 1480 1552 ergo
1501 1515 1628 1544 Christus
1649 1516 1804 1544 convivium
1827 1524 1878 1553 pu-

1033 1572 1095 1593 rum
1118 1564 1198 1597 fecit;
1220 1563 1247 1591 in
1270 1563 1321 1592 isto
1337 1563 1462 1592 convivio
1476 1563 1619 1596 Chr1st11s,
1641 1563 1688 1600 qui
1710 1566 1750 1592 est
1771 1564 1876 1600 Agnus,

1032 1611 1085 1640 fuit
1105 1611 1242 1644 conviva,
1264 1610 1355 1644 cibus,
1378 1608 1536 1638 hierarcha
1557 1613 1584 1638 et
1604 1608 1746 1646 famulus.

1113 1657 1202 1685 Primo
1223 1657 1363 1690 conviva;
1384 1657 1411 1685 in
1434 1657 1591 1693 Apocalypsi
1604 1657 1630 1684 ⁶:
1646 1657 1745 1691 Beati,
1767 1658 1819 1695 (μα’
1839 1658 1878 1686 ad

1033 1713 1150 1733 coenam
1173 1705 1349 1741 nupticm‘um
1377 1704 1456 1741 Ayni
1475 1704 1571 1732 vocati
1591 1708 1667 1732 s'zmt.
1694 1704 1797 1733 Decens
1827 1707 1877 1739 est,

1033 1751 1105 1788 quod
1129 1751 1288 1788 principalis
1320 1751 1435 1779 conviva
1467 1751 1501 1779 sit
1527 1759 1659 1787 sponsus;
1682 1751 1807 1780 Christus
1828 1760 1877 1780 au-

1033 1801 1087 1827 tem
1110 1805 1228 1834 sponsus
1250 1801 1291 1826 est
1312 1798 1371 1826 sine
1391 1798 1500 1826 macula
1531 1800 1558 1826 et
1588 1806 1641 1826 non
1664 1798 1752 1834 potuit
1774 1798 1875 1827 habere

1033 1853 1160 1881 sponsam
1183 1844 1404 1878 immaculatam,
1426 1844 1512 1873 donec
1543 1844 1711 1873 formaretur
1738 1845 1771 1873 dc
1794 1845 1877 1873 latere

1033 1900 1092 1920 suo.
1110 1892 1185 1920 Sicut
1200 1891 1271 1920 enim
1293 1892 1373 1919 «Eva
1387 1891 1437 1920 fuit
1461 1895 1552 1920 sumta
1572 1892 1605 1920 de
1626 1892 1711 1920 latere
1731 1892 1813 1926 Adae,
1840 1892 1878 1920 sic

1034 1939 1151 1967 Ecclesia
1172 1938 1206 1967 de
1227 1938 1312 1967 latere
1334 1938 1434 1967 Christi
1457 1939 1619 1967 dormientis
1638 1939 1664 1967 in
1686 1939 1829 1972 cruce7»,
1851 1942 1878 1967 θῖ

1032 1989 1179 2022 antequam
1196 1985 1263 2013 istae
1278 1985 1391 2021 nuptiae
1412 1985 1511 2013 fierent
1532 1985 1559 2013 in
1582 1985 1706 2022 passione
1727 1986 1799 2019 eius,
1821 1986 1878 2022 ipse

1032 2033 1096 2061 fecit
1117 2032 1273 2061 convivium
1306 2032 1449 2069 discipulis
1470 2032 1536 2061 suis.
1559 2033 1659 2066 Beati,
1683 2032 1719 2060 illi
1748 2033 1794 2069 qui
1820 2032 1879 2061 fue-

1032 2083 1097 2108 runt
1120 2079 1147 2107 in
1169 2079 1215 2107 illo
1247 2079 1373 2107 convivio
1401 2079 1635 2116 praesentialiter,
1664 2082 1690 2108 et
1716 2079 1805 2113 beati,
1831 2079 1877 2116 qui

1033 2129 1098 2154 sunt
1119 2127 1144 2154 in
1167 2126 1261 2155 eodem
1285 2134 1333 2163 per
1356 2126 1436 2154 fidem
1459 2130 1485 2155 et
1507 2126 1625 2155 reddunt
1646 2134 1674 2154 se
1699 2126 1794 2162 dignos
1816 2134 1878 2162 par-

1035 2173 1188 2210 ticipatione
1210 2174 1278 2201 eins.

1112 2220 1238 2248 Secundo
1259 2223 1299 2249 est
1322 2220 1420 2253 cibas:
1442 2220 1489 2248 sed
1512 2220 1649 2254 mirabile,
1671 2219 1743 2256 quod
1759 2219 1829 2247 idem
1844 2219 1878 2247 sit

1033 2268 1148 2296 conviva
1169 2271 1196 2296 et
1218 2267 1308 2301 cibus3
1331 2267 1368 2295 ita
1396 2271 1485 2296 tamen
1508 2267 1573 2301 est,
1593 2267 1626 2295 de
1652 2267 1703 2295 hoc
1730 2266 1829 2294 dicitur
1851 2266 1878 2293 in

1034 2314 1166 2343 Exodosst
1196 2314 1287 2342 Tollat
1308 2315 1509 2352 unusquisque
1537 2322 1646 2350 (tynum
1671 2321 1723 2350 per
1744 2311 1878 2349 familias

1034 2365 1059 2390 ec
1079 2361 1178 2390 (lemos
1193 2370 1284 2395 sua-w
1305 2364 1332 2389 et
1347 2361 1367 2389 si
1392 2370 1445 2389 non
1461 2361 1515 2389 sint
1530 2361 1576 2397 qui
1593 2360 1730 2388 sufficiant
1747 2359 1779 2387 ad
1799 2367 1876 2387 esum

1034 2409 1113 2446 agni,
1136 2413 1264 2437 assumet
1286 2408 1403 2447 quilibet
1417 2409 1546 2437 otei-num
1562 2416 1668 2440 amem,-
1689 2410 1715 2435 et
1737 2406 1877 2443 sequitur:

1034 2460 1059 2484 et
1080 2456 1136 2483 crit
1157 2464 1254 2492 ayma-5
1276 2455 1383 2493 absque
1410 2455 1546 2488 macula,
1568 2453 1732 2486 masculus,
1755 2453 1879 2481 ctwnitz'ezt-

1036 2503 1089 2531 tus.
1113 2503 1163 2531 Per
1186 2503 1268 2531 istum
1288 2511 1400 2540 [tynum
1416 2502 1585 2539 significatur
1607 2501 1748 2534 Christus,
1764 2500 1810 2537 qui
1832 2500 1879 2528 de-

1035 2550 1081 2578 bet
1103 2549 1173 2578 sumi
1206 2549 1234 2577 in
1265 2549 1527 2582 communicatione,
1550 2548 1576 2576 id
1608 2551 1649 2576 est
1670 2547 1697 2575 in
1719 2547 1831 2575 caritate
1852 2549 1879 2574 et

1036 2596 1141 2624 unitate
1176 2596 1317 2624 Ecclesiae.
1351 2596 1409 2632 lpse
1440 2594 1591 2623 secundum
1625 2594 1798 2622 Divinitatem
1828 2593 1879 2621 fuit

1894 1567 1970 1586 Subdivi
1974 1568 2008 1586 sio.

1894 1661 1940 1679 Pars
1953 1661 1965 1679 1.
1980 1666 2010 1680 se-

1901 1684 1998 1703 cundaria.

1918 1708 1987 1729 Primo,

1893 1731 1978 1749 Christus
1990 1733 2010 1749 ut

1909 1755 1992 1773 conviva.

1895 2222 1979 2241 Christus
1992 2223 2012 2240 ut

1922 2245 1982 2264 cibus,

192 2733 199 2746 ¹
219 2734 302 2756 Psalm.
320 2735 357 2760 83,
378 2735 412 2756 lt.

193 2772 202 2784 ²
220 2772 264 2795 cfr.
283 2776 337 2795 toni.
357 2773 411 2795 ΥΗΙ.
428 2780 482 2801 pag.
501 2773 545 2795 438
564 2773 647 2796 Semne
665 2776 707 2796 etc.

192 2810 201 2823 ³
220 2812 322 2834 nabetur
347 2813 368 2834 in
393 2813 474 2834 codice
500 2812 652 2834 bibliothecae
676 2812 807 2835 Parisiensis
826 2813 977 2835 Mazzarineue

130 2857 152 2873 n.
170 2851 227 2878 970,
246 2857 272 2873 ex
289 2857 336 2879 quo
354 2851 483 2879 descriptus
501 2854 547 2879 est,
565 2854 586 2873 et
611 2851 633 2873 in
660 2851 740 2874 codice
765 2852 855 2879 anglico
873 2851 977 2874 biblioth.

130 2892 282 2913 Asmoleanae
300 2897 321 2912 n.
338 2890 392 2918 757,
410 2891 439 2913 de
456 2891 541 2919 quibus
558 2890 678 2914 codicibus
695 2892 735 2913 csr.
757 2892 921 2919 Prolegomena
947 2891 976 2914 ad

131 2930 158 2952 V.
177 2934 231 2952 toni.
250 2936 303 2957 pag.
321 2929 368 2951 XL.
380 2935 427 2958 seq.
442 2930 544 2957 insuper,
561 2932 617 2952 teste
634 2929 748 2957 Haureau,
762 2933 817 2952 tom.
829 2930 858 2952 V.
873 2936 926 2958 pag.
941 2930 977 2957 42,

131 2969 153 2990 in
172 2969 252 2991 codice
270 2968 422 2991 biblicihccae
440 2969 572 2991 Parisiensis
590 2969 714 2991 Nationalis
731 2975 753 2991 n¹
774 2969 854 2991 ¹5952.
874 2970 911 2991 sol.
928 2969 977 2991 124.

1033 2735 1059 2756 Hi
1078 2735 1170 2757 codices
1187 2737 1240 2756 sunt
1256 2740 1315 2756 saec.
1335 2734 1388 2756 Xlll.
1414 2735 1436 2754 et
1458 2738 1587 2756 sermonem
1613 2730 1738 2753 attribuunt
1762 2730 1878 2751 Bonaven-

1034 2777 1105 2796 turae.
1130 2786 1154 2790 —
1170 2773 1288 2795 Sermonis
1305 2779 1347 2800 pro
1365 2771 1442 2795 Coena
1458 2770 1554 2794 Domini
1575 2776 1628 2798 pars
1646 2770 1660 2791 l.
1683 2772 1715 2791 est
1733 2769 1761 2791 de
1779 2767 1879 2791 concivit·

1033 2814 1170 2842 apparatu,
1188 2812 1242 2834 vide
1260 2814 1348 2840 partem
1367 2811 1390 2833 ll.

1096 2851 1105 2863 4
1123 2852 1193 2879 Apoc.
1213 2851 1238 2879 5,
1256 2851 1278 2873 6.
1296 2863 1327 2867 —
1343 2850 1464 2872 Prothema
1483 2848 1580 2870 habetur
1597 2848 1651 2869 Luc.
1671 2846 1710 2874 14,
1730 2846 1764 2867 Π.

1097 2889 1106 2902 ⁵
1123 2891 1178 2912 Luc.
1196 2889 1237 2917 illi»,
1257 2890 1297 2916 116,
1315 2888 1419 2916 sequitur
1436 2887 1512 2909 Matth.
1529 2887 1569 2914 22,
1591 2886 1624 2907 tt.
1642 2891 1689 2913 seq.

1098 2928 1107 2941 ‘³
1125 2929 1179 2957 Cap.
1199 2929 1238 2955 19,
1256 2929 1282 2956 9;
1300 2927 1383 2950 deinde
1400 2927 1521 2954 respicitur
1537 2926 1594 2947 Gen.
1611 2926 1631 2953 2,
1650 2924 1686 2946 21.
1704 2930 1751 2952 seq.

1098 2967 1106 2980 7
1124 2967 1169 2990 Csr.
1187 2968 1295 2995 August„
1313 2969 1339 2988 tr,
1362 2966 1410 2987 120.
1428 2966 1449 2987 in
1468 2966 1527 2987 ioan.
1545 2971 1566 2986 n.
1584 2965 1605 2986 ⁴2.
1678 2961 1687 2974 Β
1704 2963 1759 2991 Cap.
1782 2963 1814 2989 12,
1832 2963 1878 2985 3-5.
