2243 3348
265 1130 321 1153 Signa
334 1129 356 1156 3j2

229 1153 360 1195 lffiissffil²¹³

374 161 411 190 34

372 240 517 268 Lustrans
538 239 677 267 111111101οα
699 238 730 266 in
751 238 878 266 circuita
890 237 988 274 peryit
1001 236 1125 273 spiritus
1145 235 1215 264 etin

373 286 498 315 eirealos
518 294 587 314 suos
608 285 772 313 revertitur.

705 386 796 414 Sentio
819 385 850 413 tx
863 386 882 413 ¹.

442 482 525 506 Sermo
545 480 642 505 Fratris
662 479 853 504 Bonaventurae
871 478 952 502 editus
965 478 990 502 in
1004 477 1125 508 Lugduno
1145 476 1215 509 (sict)

372 526 403 550 ad
422 525 538 556 populum
559 524 639 554 prima
659 523 786 547 Dominica
804 521 834 546 de
852 521 977 545 Adventu.

454 615 547 642 Erunt
567 613 654 649 5191111
676 612 705 639 in
727 611 784 639 sole
804 614 828 638 et
851 610 923 638 1111111
953 613 978 637 et
1008 609 1107 642 stellis,
1129 612 1154 637 et
1185 608 1216 636 ι111

374 661 461 690 terris
478 667 623 697 pressura
643 658 773 695 9001111111
798 666 871 694 prae
902 655 1073 693 confusione
1102 655 1216 683 sonitus

372 708 467 736 maris
488 711 513 735 et
532 706 691 742 fluctuum,
717 705 805 733 Lucae
826 704 959 740 vigesimo
979 703 1072 739 primo
1085 701 1104 729 ².

451 755 477 782 ln
500 754 551 782 isto
574 752 718 788 Evangelio
746 751 913 779 describitur
941 750 1077 778 adventus
1108 748 1215 776 Domini

371 801 403 830 ad
426 800 555 829 iudicium
576 803 607 828 ut
631 799 664 827 de
686 799 761 827 caelo
782 797 981 834 multiplicibus
996 796 1103 824 indiciis
1117 795 1217 832 praesi-

371 847 542 885 gnificandus
557 851 582 875 et
599 850 629 875 ut
643 846 677 874 ah
696 846 824 874 omnihus
845 844 987 873 elementis
1009 842 1217 871 multiformiter

372 894 568 931 insigniendus.
591 893 668 921 Circa
690 893 780 920 omnia
803 895 881 925 nota,
903 890 994 927 quod,
1016 890 1087 918 sicut
1108 897 1144 917 ex
1165 889 1216 917 hoc

375 942 517 978 Evangelio
538 945 564 969 et
585 941 644 969 aliis
666 939 817 976 Evangeliis
838 943 865 967 et
887 938 952 966 locis
967 937 1126 973 scripturae
1141 935 1216 964 colli-

373 997 437 1026 gere
458 996 614 1025 possumus,
636 988 723 1015 multa.
744 986 820 1023 signa
842 984 1006 1022 praec-edent
1021 983 1163 1017 iudicium,
1186 986 1217 1011 ut

372 1036 565 1072 unusquisque
586 1043 614 1063 se
636 1037 713 1071 paret
734 1033 766 1061 ad
789 1033 892 1069 ipsum3
915 1039 986 1068 quae
1007 1033 1071 1059 sunt
1094 1030 1176 1058 haec:

452 1083 572 1110 l‘t‘tmllnt
596 1085 636 1110 est
664 1081 728 1109 solis
749 1083 775 1108 et
798 1080 878 1107 lunae
899 1082 925 1106 et
946 1078 1069 1106 omnium
1100 1077 1217 1105 lumina—

372 1130 444 1158 rium
462 1129 619 1158 caelestium
635 1127 817 1159 obscuratio,
840 1125 991 1154 secundum
1007 1124 1081 1161 quod
1098 1124 1216 1152 hahetur

373 1177 399 1205 in
422 1176 567 1213 Evangelio
590 1176 730 1203 hodierno.
753 1191 789 1193 Α
811 1173 967 1202 Secundum
989 1175 1030 1200 est
1052 1171 1122 1208 ignis
1150 1179 1216 1199 eon-

371 1223 510 1260 flayratio
532 1222 564 1251 de
583 1223 732 1253 elemento,
754 1221 786 1249 de
809 1220 914 1248 inferno
930 1223 956 1247 et
976 1218 1009 1247 dc
1026 1221 1100 1247 terra
1121 1226 1215 1246 ascen-

372 1270 439 1298 dens
460 1270 522 1306 plus
543 1277 625 1305 quam
641 1276 728 1304 siquae
743 1267 837 1295 diluvii
853 1266 885 1294 ad
909 1265 1099 1302 purgationem
1116 1265 1215 1293 electo-

373 1325 435 1345 rum
457 1321 483 1345 01
504 1315 680 1353 1100011111,οᾱ
695 1314 913 1343 consumtionem
937 1313 1095 1341 mortalium
1120 1320 1215 1348 repro-

372 1364 487 1397 borum,
510 1362 661 1391 secundum
684 1361 757 1398 quod
785 1361 886 1389 dicitur
915 1360 940 1387 in
964 1360 1069 1388 Psalmo
1084 1359 1110 1386 ³:
1134 1358 1215 1395 [quis

372 1414 439 1439 ante
467 1411 562 1447 ipsum
582 1409 732 1446 praecedet
758 1412 783 1436 et
812 1406 1006 1443 inflammabit
1029 1406 1059 1434 in
1087 1406 1215 1434 circuita

372 1457 506 1485 inimicos
527 1456 597 1484 eius.
628 1472 662 1475 —
685 1455 808 1483 Tertium
830 1457 872 1482 est
890 1453 1053 1490 pestilentia
1075 1453 1132 1481 sive
1153 1453 1215 1481 uni-

371 1504 484 1532 versalis
506 1503 647 1539 corruptio
669 1506 695 1530 et
715 1501 874 1538 aegritudo,
896 1500 1048 1529 secundum
1071 1500 1144 1536 quod
1168 1500 1215 1527 ha-

372 1552 452 1580 hetur
475 1551 562 1578 Lucae
584 1549 715 1586 vigesimo
730 1549 819 1585 primo
834 1549 860 1575 4:
891 1548 1094 1575 'terraemotus
1112 1546 1216 1583 mayizi

370 1602 456 1626 erunt
474 1606 528 1634 pet·
550 1597 611 1625 loea
633 1600 657 1624 et
674 1595 853 1633 pestilentiae
873 1597 924 1623 etc.
954 1611 991 1614 fl
1016 1594 1152 1630 Quartum
1174 1596 1216 1621 est

371 1645 512 1673 hominnm
534 1648 561 1672 et
584 1647 736 1677 terrarum,
759 1650 909 1679 regnorum
924 1645 951 1670 et
971 1641 1138 1669 familiarum
1153 1640 1216 1669 uni-

370 1692 484 1721 versalis
497 1691 679 1728 perturbatio
701 1694 728 1719 et
749 1690 781 1718 ad
798 1690 913 1718 invicem
937 1689 1095 1725 proeliatio‚
1117 1696 1216 1716 secun-

370 1739 435 1767 dum
458 1738 530 1775 quod
553 1738 672 1766 habetur
694 1738 782 1765 Lucae
803 1736 935 1773 vigesimo
957 1735 1046 1772 primo
1061 1735 1087 1763 ⁵:
1110 1734 1236 1772 Sargyet-

369 1794 439 1822 90115
453 1789 557 1813 eontra
570 1788 680 1822 9enlem
695 1788 720 1812 et
734 1792 857 1821 reynam
873 1783 1017 1811 adversas
1032 1791 1164 1819 requam.
1178 1799 1214 1801 —

372 1832 503 1868 Quintum
526 1835 566 1860 est
594 1832 805 1860 coniunctorum
834 1834 861 1859 et
882 1830 1020 1859 sociorum
1049 1829 1215 1858 universalis

368 1879 496 1915 proditio
517 1882 543 1907 et
565 1878 713 1912 insidiatio,
736 1877 888 1906 secundum
903 1877 977 1914 quod
992 1876 1111 1905 habetur
1126 1877 1214 1904 Lucae

374 1926 504 1962 vigesimo
535 1926 624 1962 primo
639 1926 665 1953 ὃς
695 1925 865 1953 Τ’)·α1101111”111“
884 1927 982 1952 autem
1003 1916 1022 1952 a
1040 1923 1214 1961 parentibus

371 1977 396 2000 et
406 1971 553 2009 fratribus
564 1977 588 2000 et
600 1973 731 2009 cognatis
743 1976 767 1999 et
779 1972 893 2005 (inticis,
906 1975 931 1999 et
941 1975 1032 1999 morte
1043 1970 1169 2008 afficient
1180 1979 1214 1998 eac

372 2020 450 2048 vobis
471 2023 521 2048 etc.
537 2037 573 2040 -—
590 2020 704 2047 Sextum
727 2023 767 2047 est
788 2018 880 2055 fatuis
895 2018 1060 2047 universalis
1087 2017 1214 2046 inimita-

373 2067 421 2100 tio,
438 2066 591 2094 secundum
607 2066 681 2102 quod
697 2066 815 2094 habetur
831 2066 918 2094 Lucae
940 2065 1073 2102 vigesimo
1086 2064 1177 2101 primo
1188 2064 1213 2092 ⁷:

374 2114 408 2141 Et
428 2113 530 2149 stanes
553 2130 591 2133 -—
612 2113 764 2149 Septimum
786 2116 827 2141 est
849 2116 1050 2149 tempestatium
1072 2112 1215 2140 universa-

372 2160 439 2188 lium
461 2160 493 2188 de
514 2160 589 2188 caelo
610 2159 736 2192 ablavio,
758 2159 909 2187 secundum
926 2158 999 2195 quod
1023 2158 1141 2187 habetur
1163 2159 1214 2186 Lu—

371 2214 417 2235 cae
438 2206 570 2243 vigesimo
591 2206 680 2242 primo
694 2206 720 2233 ⁸:
739 2206 886 2233 Pressura
905 2206 1036 2243 gentiam
1055 2214 1129 2242 prae
1150 2214 1215 2233 0011-

369 2252 485 2290 fasione
505 2253 618 2281 sonitus
639 2253 734 2281 maris
755 2257 778 2281 et
798 2252 952 2288 fluctuum.
968 2269 1004 2274 —
1020 2252 1152 2281 Octavum
1175 2255 1216 2281 est

371 2300 501 2334 maxima,
510 2300 589 2336 longa
601 2303 628 2328 et
638 2300 802 2328 universalis
814 2303 1043 2328 terraemotaum
1054 2299 1215 2333 commotio,

371 2347 522 2375 secundum
552 2347 625 2383 quod
656 2347 776 2375 liabetur
804 2347 892 2375 Lucae
921 2346 1053 2383 vigesimo
1084 2346 1214 2383 prim09:

378 2394 580 2421 Terraemotus
598 2394 702 2430 1111191ιὶ
715 2397 800 2421 erum
811 2402 865 2430 per
879 2393 953 2427 loca,
975 2393 1012 2421 ita
1027 2393 1100 2430 quod
1122 2393 1216 2421 nullus

372 2441 454 2468 homo
469 2444 542 2469 stare
564 2440 664 2476 poterit
678 2448 727 2468 seu
746 2440 863 2473 animal⁷
885 2440 932 2468 sed
954 2440 1012 2468 solo
1038 2442 1216 2476 prosternen-

372 2490 418 2514 tur
439 2487 538 2514 omnia.
562 2503 599 2506 —-
618 2487 724 2514 Nonum
746 2490 786 2515 est
808 2490 956 2514 terrorum
977 2486 1011 2514 (le
1032 2486 1110 2514 caelo
1128 2486 1216 2514 vario-

371 2541 434 2561 rum
457 2534 549 2569 lapsus
563 2533 753 2566 continuatio,
768 2532 921 2561 secundum
941 2533 1016 2569 quod
1031 2533 1149 2561 hahetur
1164 2533 1216 2561 Lu-

434 2677 441 2689 ¹
461 2678 490 2700 Ex
508 2677 590 2700 eodem
608 2677 688 2699 codice
704 2678 741 2699 sol.
759 2677 772 2699 5¹
789 2683 811 2699 v,
830 2677 862 2699 De
879 2677 962 2700 eodem
975 2679 1075 2700 themate
1088 2680 1217 2701 1100101511-

371 2722 412 2744 pra
429 2722 505 2739 sermo
523 2716 620 2744 primus.
1067 2716 1076 2729 2
1094 2718 1159 2739 Vers.
1177 2717 1215 2740 25.

433 2754 442 2767 ³
460 2755 542 2777 Psatm.
559 2756 601 2782 96,
620 2756 640 2777 3.
1068 2756 1077 2768 ⁴
1096 2757 1160 2778 Vers.
1179 2757 1215 2778 11.

433 2793 442 2806 ⁵
462 2795 526 2816 Vers.
548 2795 581 2816 10.
1065 2795 1074 2807 ⁶
1093 2796 1159 2818 Vei-s.
1179 2796 1215 2817 16.

436 2833 444 2845 ⁷
463 2834 528 2856 Vers.
549 2835 586 2856 11.
1065 2834 1074 2847 ⁵³
1094 2836 1158 2858 Vers.
1179 2835 1215 2857 25.

433 2872 443 2885 ⁹
460 2874 526 2896 Vers.
544 2874 580 2895 111.
1122 2873 1142 2887 ²⁰
1159 2874 1214 2897 lbid.

434 2912 453 2925 ²¹
471 2913 538 2935 Vers,
558 2913 594 2935 26.
1059 2912 1076 2928 ¹²
1094 2914 1161 2936 Vers.
1179 2913 1215 2936 24.

432 2951 452 2964 ²³
470 2952 535 2974 Vers.
553 2953 575 2974 9.
1057 2952 1076 2965 ¹4
1094 2953 1159 2975 Vers.
1177 2953 1214 2975 slO.

1035 158 1210 187 SERMONES
1231 158 1272 186 DE
1294 158 1457 187 TEMPORE.

1272 243 1319 264 cae
1335 235 1466 272 vigesimo
1481 236 1570 272 primo
1583 236 1621 264 ¹⁰:
1641 237 1832 276 Terret-esque
1846 238 1879 266 (Ie
1900 238 1977 267 eaelo
1992 242 2017 266 et
2030 239 2116 276 8191111

1272 290 1384 319 quaqua
1409 286 1509 316 erant,
1539 283 1576 311 ita
1604 284 1678 320 qnod
1705 285 1798 313 omnia
1825 285 1915 313 sidera
1942 286 2064 314 errantia
2091 289 2117 315 et

1272 329 1418 357 stationata
1439 337 1531 358 comas
1552 333 1682 367 spargent
1696 339 1732 359 ex
1755 339 1783 360 se
1805 332 1907 368 igneas,
1929 332 2037 369 signum
2057 333 2116 362 orbi

1272 379 1299 403 et
1321 375 1523 405 habitatoribus
1548 376 1616 405 eius.
1638 394 1677 398 m
1699 378 1840 406 Decimum
1862 382 1903 407 est
1924 379 2047 407 omnium
2069 380 2117 408 ho—

1273 422 1378 450 minum
1403 423 1567 451 universalis
1588 424 1769 461 aiiyitsliatio
1792 432 1857 461 prae
1872 425 1971 454 timore
1992 429 2018 454 et
2039 426 2118 462 quasi

1272 469 1419 503 arefactio‚
1442 470 1595 498 secundum
1622 470 1695 507 quod
1724 471 1843 500 habetur
1872 472 1960 500 Lucae
1988 472 2118 509 vigesimo

1273 516 1364 552 primo
1376 515 1397 533 ¹¹
1409 527 1414 544 :
1431 518 1453 544 Α
1460 516 1635 545 rescentibus
1650 516 1815 546 bominibus
1828 526 1902 555 prae
1917 518 2018 547 timore
2032 522 2057 547 et
2071 527 2118 547 ex—

1272 563 1447 599 spectatione
1468 566 1518 591 etc.
1542 580 1579 584 —
1595 563 1774 592 Undecimum
1796 568 1837 593 est
1857 564 1990 594 falsorum
2012 565 2118 602 praedi-

1273 612 1398 637 catorum
1421 612 1449 638 et
1470 610 1632 638 nuntiorum
1661 610 1815 640 antichristi
1841 614 1868 640 et
1888 611 2038 640 simulatio
2064 612 2118 640 mi-

1273 656 1448 685 raculorum
1470 660 1497 685 et
1518 657 1607 691 fictio,
1629 658 1782 686 secundnm
1808 659 1880 695 quod
1913 659 2033 687 hahetur
2053 659 2118 687 Mat-

1274 702 1346 730 thaei
1369 703 1500 739 vigesimo
1527 707 1627 740 quarto
1643 705 1680 732 12;
1705 705 1831 742 811ν90111
1850 704 2066 742 pseudochristi
2094 709 2119 734 et

1270 749 1539 787 pseudoprophetae
1559 754 1584 778 et
1606 750 1717 779 (labant
1737 752 1825 789 signa
1845 761 1957 790 1111191101
1978 756 2002 780 el
2018 753 2119 789 procli-

1271 796 1324 833 yia
1345 800 1395 825 010.
1419 813 1455 818 -
1478 797 1676 826 Duodecimum
1699 802 1740 827 est
1762 798 1930 827 antichristi
1947 799 2035 828 valida
2052 807 2119 837 pei·-

1272 843 1379 871 secutio
1401 848 1427 872 et
1449 844 1475 872 in
1488 844 1550 873 'fide
1572 845 1807 881 perseverantium
1832 846 2007 874 tormentatio
2027 849 2055 875 et
2074 854 2119 875 oc-

1274 890 1354 924 cisio,
1388 891 1540 919 secundum
1572 892 1645 928 quod
1678 892 1797 920 hahetur
1830 893 1956 921 Matthaei
1989 893 2119 930 vigesimo

1273 941 1374 974 quarto
1389 938 1428 966 ¹⁸:
1457 938 1584 967 Tradent
1598 947 1647 967 vos
1663 939 1694 967 in
1716 939 1931 968 tribulationem
1947 943 1971 968 et
1992 940 2120 969 occident

1273 992 1331 1012 1105.
1354 1001 1391 1005 —-
1414 985 1554 1013 Decimum
1579 986 1689 1014 tertium
1717 989 1758 1014 est
1780 986 1948 1020 multorum,
1977 987 2024 1023 qui
2046 990 2119 1016 stare

1275 1031 1412 1066 videntur,
1435 1041 1454 1060 a
1474 1032 1530 1068 side
1551 1032 1688 1061 discessio
1710 1036 1737 1061 et
1758 1036 1854 1061 contra
1882 1033 1963 1062 fidem
1987 1033 2119 1070 proditio,

1273 1079 1426 1107 secundnm
1442 1079 1515 1116 quod
1533 1080 1650 1108 liabetur
1666 1080 1792 1108 Matthaei
1816 1080 1948 1117 vigesimo
1963 1084 2063 1117 quarto
2079 1080 2117 1108 ³4:

1275 1125 1308 1152 El
1330 1128 1397 1153 tune
1415 1125 1704 1154 scandalizabuntur
1721 1126 1805 1154 mulli
1818 1130 1842 1154 et
1857 1126 1979 1155 invicem
1994 1127 2117 1155 tradent.

1273 1188 1311 1192 ἢ
1336 1172 1611 1208 Quartumdecimum
1641 1177 1681 1201 est
1702 1172 1872 1201 antichristi
1898 1177 1924 1201 01
1946 1181 2061 1202 suorum
2086 1173 2119 1202 de

1273 1219 1347 1247 caelo
1366 1220 1518 1256 percussio
1543 1223 1570 1248 et
1597 1219 1748 1254 damnatio,
1771 1220 1842 1248 sicut
1867 1220 1933 1248 dicit
1959 1220 2053 1249 Glossa
2078 1227 2120 1249 50-

1272 1265 1378 1294 cundae
1399 1265 1432 1293 ad
1454 1266 1710 1294 Thessalonicenses
1731 1266 1852 1295 secundo
1868 1267 1899 1294 ¹⁵.
1916 1283 1952 1286 —
1974 1266 2120 1302 Quintum—

1272 1312 1409 1340 decimum
1432 1315 1474 1341 ost
1496 1312 1576 1341 Eliae
1597 1317 1623 1341 et
1644 1312 1760 1341 Henoelt
1783 1313 1965 1350 praedicatio
1993 1316 2020 1342 et
2041 1321 2121 1350 prae-

1273 1359 1406 1387 conizatio
1420 1363 1448 1388 et
1463 1360 1570 1388 tandem
1592 1368 1640 1396 per
1654 1360 1848 1389 antichristum
1866 1361 2020 1389 interfectio
2035 1361 2066 1388 ¹⁶.
2083 1377 2119 1381 —

1273 1406 1529 1434 Sexuuudecimuin
1552 1407 1661 1443 signum
1677 1406 1844 1443 praecedens
1858 1407 1990 1435 iudicium
2013 1411 2063 1441 est,
2078 1414 2121 1436 se—

1273 1453 1394 1481 cundum
1418 1453 1491 1490 quod
1513 1453 1579 1482 dicit
1599 1454 1783 1490 Hieronymus
1798 1454 1830 1487 ¹⁷,
1852 1454 1878 1482 in
1900 1454 2049 1483 Annalibus
2070 1454 2120 1483 He-

1273 1499 1420 1528 braeorum
1447 1508 1475 1529 se
1504 1501 1656 1534 invenisse,
1685 1501 1751 1537 quia
1778 1501 1879 1529 maria
1910 1501 2120 1530 ewaltabwntur

1273 1554 1357 1583 super
1378 1555 1473 1576 omnes
1495 1551 1616 1580 montes,
1638 1556 1691 1575 non
1715 1551 1804 1576 tamen
1820 1548 1934 1576 effluent
1956 1551 2062 1582 terrae,
2078 1556 2120 1577 se-

1273 1594 1394 1623 cundum
1417 1595 1484 1623 illud
1512 1594 1608 1623 Psalmi
1625 1594 1663 1622 ¹⁸:
1685 1594 1834 1623 Mirabile-5
1858 1594 1994 1623 elationes
2014 1595 2118 1624 maris.

1272 1658 1311 1661 —-
1332 1641 1474 1670 Decimum
1497 1642 1645 1678 septimum
1667 1644 1723 1675 est,
1745 1642 1811 1678 quia
1835 1650 1966 1680 aequora
1991 1646 2120 1679 proster-

1272 1692 1378 1717 nentar
1399 1689 1425 1716 in
1452 1688 1539 1717 imum
1567 1688 1712 1725 profundi,
1741 1692 1772 1717 ut
1800 1689 1848 1717 vix
1877 1689 1965 1717 oculis
1992 1689 2121 1718 humanis

1273 1736 1430 1770 videantur,
1453 1735 1605 1764 secundum
1627 1735 1700 1772 quod
1723 1736 1788 1764 dicit
1810 1736 2004 1772 Hieronymus,
2021 1736 2046 1764 in
2069 1737 2122 1765 An-

1273 1783 1382 1811 nalibus
1403 1783 1590 1811 Hebraeorum
1613 1790 1641 1811 se
1666 1782 1811 1811 invenisse.
1835 1800 1873 1803 —
1889 1783 2031 1812 Decimum
2047 1786 2120 1812 octa-

1273 1837 1337 1857 vum
1370 1832 1426 1863 est,
1458 1829 1523 1865 quia
1551 1828 1642 1856 omnia
1663 1829 1764 1857 maria
1803 1828 1963 1865 redigentur
1992 1829 2018 1857 in
2050 1829 2121 1858 anti-

1272 1884 1359 1913 quum
1392 1879 1510 1909 statum,
1543 1875 1635 1912 qualia
1664 1879 1757 1904 creata
1783 1878 1861 1910 sunt,
1894 1876 1966 1905 sicut
1996 1876 2120 1913 magistri

1273 1923 1404 1951 sentiunt.
1427 1940 1462 1943 —
1485 1923 1628 1951 Decimum
1650 1931 1753 1951 nonum
1777 1925 1831 1957 est,
1863 1923 1929 1960 quia
1954 1923 2062 1952 belluae
2093 1926 2120 1952 et

1272 1970 1364 1998 omnia
1385 1970 1520 2003 volatilia⁷
1542 1973 1569 1998 01
1584 1977 1654 2006 quae
1676 1973 1823 1998 moventur
1846 1970 1872 1998 in
1895 1971 1984 2007 aquis,
2006 1976 2120 2008 congre-

1272 2018 1413 2053 gabuntur
1428 2021 1455 2045 et
1470 2017 1582 2045 (labant
1597 2017 1728 2054 suffitum
1745 2017 1776 2045 ad
1794 2018 1899 2046 caelum
1917 2026 1993 2046 more
2008 2021 2120 2046 conten-

1274 2065 1369 2099 tionis,
1392 2064 1544 2093 secundum
1567 2065 1641 2101 quod
1663 2067 1758 2093 narrat
1779 2065 1969 2101 Hieronymus.
1985 2082 2024 2085 -—
2041 2065 2120 2102 Vige-

1273 2113 1373 2140 simum
1395 2114 1452 2145 est,
1475 2111 1539 2148 quia
1562 2111 1653 2139 omnia
1674 2111 1807 2139 volatilia
1828 2112 2073 2149 congregabuntur
2092 2112 2119 2140 in

1273 2159 1389 2195 campis,
1404 2158 1624 2195 unumquodque
1640 2158 1666 2186 in
1688 2158 1784 2186 ordine
1799 2166 1862 2192 suo,
1884 2159 2036 2195 plorantes,
2057 2158 2120 2187 ulu-

1274 2205 1372 2239 lantes,
1388 2207 1415 2233 et
1429 2212 1482 2233 non
1498 2205 1664 2241 gustabunt,
1687 2205 1838 2233 secundum
1861 2205 1935 2242 quod
1951 2208 2046 2234 narrat
2060 2205 2120 2234 Hie-

1273 2260 1414 2288 ronymus.
1437 2269 1475 2272 —
1497 2252 1663 2288 Vigesimum
1679 2252 1800 2288 primum
1823 2255 1879 2286 est,
1901 2253 1967 2289 quia
1990 2251 2120 2290 sitlmina

1274 2299 1360 2336 1911011
1381 2303 1497 2335 surgent
1517 2299 1552 2327 al]
1573 2306 1674 2327 occasu
1695 2299 1759 2328 solis
1780 2303 1877 2328 contra
1907 2299 2004 2328 faciem
2030 2299 2121 2328 firma-

1273 2346 1357 2374 menti
1387 2353 1476 2382 usque
1505 2345 1537 2374 ad
1566 2346 1701 2374 orientem
1730 2347 1938 2380 concurrentia,
1967 2346 2120 2375 secundum

1273 2393 1428 2429 magistros.
1450 2409 1489 2412 -—-
1503 2393 1672 2429 Vigesimum
1695 2393 1849 2422 secundum
1870 2396 1927 2428 est,
1949 2393 2015 2430 quia
2035 2393 2120 2422 arde-

1274 2440 1313 2468 bit
1334 2448 1432 2477 aqua,
1454 2440 1607 2468 secundum
1630 2441 1816 2468 narrationem
1838 2440 2004 2477 Hieronymi.
2025 2440 2120 2469 —Vi-

1274 2482 1410 2522 gesimum
1424 2486 1537 2514 tertium
1560 2489 1617 2520 est,
1632 2486 1698 2523 quia
1712 2485 1816 2515 herbae
1830 2490 1856 2515 et
1876 2486 1998 2515 arbores
2015 2486 2121 2515 dabunt

1274 2540 1366 2561 rorem
1379 2533 1572 2569 sanguineum,
1584 2533 1737 2562 seeundum
1752 2534 1938 2562 narrationem
1954 2534 2119 2570 Hieronymi.

1336 2678 1355 2690 ¹⁵
1373 2679 1438 2700 Vors.
1453 2679 1473 2700 ὃ.
1486 2684 1535 2707 seq.
1547 2679 1627 2701 Glossa
1644 2678 1805 2702 interlinearis
1818 2679 1847 2701 ad
1860 2678 1958 2701 verbum
1971 2678 2039 2702 cuius
2052 2679 2120 2702 dicit:

1277 2726 1286 2736 α
1300 2717 1389 2739 Scilicet
1405 2721 1426 2740 et
1443 2718 1567 2740 anticoristi
1581 2726 1606 2743 »3
1624 2719 1666 2740 cfr.
1684 2717 1740 2740 ibid.
1757 2718 1835 2740 Glossa
1853 2717 1986 2741 ordinario.

1336 2756 1355 2769 ¹⁶
1372 2756 1418 2779 Cfr.
1435 2757 1471 2779 lV.
1489 2758 1546 2785 Reg.
1564 2759 1585 2786 -2,
1608 2758 1642 2784 it,
1659 2758 1725 2779 Eccli.
1744 2757 1780 2784 44,
1799 2758 1836 2780 16.
1853 2761 1874 2780 et
1892 2758 1963 2785 Apoc.
1980 2758 2017 2785 tt,
2030 2758 2050 2780 3.
2064 2760 2086 2780 et
2097 2757 2120 2779 7.

1273 2801 1339 2824 seqq.

1336 2834 1354 2847 ¹⁷
1374 2835 1432 2857 Vide
1450 2842 1518 2863 supra
1536 2842 1591 2864 pag.
1603 2836 1640 2863 25,
1653 2839 1729 2858 notam
1743 2837 1764 2858 3.
1777 2836 1820 2858 Sed
1840 2836 1869 2858 de
1887 2836 1922 2858 1115
1939 2835 2011 2863 signis
2022 2835 2118 2864 Bonav„

1272 2873 1402 2897 Comment.
1420 2875 1441 2896 in
1459 2875 1513 2897 Luc.
1524 2879 1581 2903 cap.
1600 2876 1636 2897 21.
1654 2881 1676 2897 ν.
1695 2875 1731 2897 27.
1750 2875 1816 2902 (licit,
1834 2875 1900 2903 quod
1920 2884 1929 2894 α
1942 2881 1955 2897 a
1972 2874 2071 2897 diversis
2087 2874 2120 2897 di-

1273 2913 1405 2936 versimode
1422 2913 1592 2941 ordinantur»,
1611 2918 1633 2936 111
1652 2914 1676 2936 fit
1693 2914 1722 2936 ab
1739 2914 1790 2942 ipso
1808 2914 1893 2937 Bonav.
1910 2914 1965 2936 loce.
1983 2919 2053 2941 supra
2071 2913 2117 2935 citt.

1336 2951 1355 2965 ²⁸
1373 2953 1454 2975 Psalm.
1472 2954 1509 2980 92,
1528 2953 1549 2975 4.
