2243 3348
630 156 788 185 DOMINICA
809 156 862 184 Vll.
886 156 967 184 POST
988 155 1231 184 PENTECOSTEN.
1254 155 1364 184 SERMO
1386 156 1403 184 I.

145 240 170 265 et
192 234 342 273 arefactae
362 238 432 263 sant
452 235 555 272 vir-yae
575 234 690 263 roboris
710 234 790 268 ez‘·zts,·
808 234 886 272 iynis
901 242 991 262 come—

11 290 12 329 }
145 283 188 312 dit
208 291 289 316 eam,
310 285 337 311 et
356 290 435 310 nunc
464 282 684 319 transplantata
715 285 755 310 est
785 281 816 310 in
847 282 991 310 desertam

11 349 12 365 t
145 330 177 358 in
198 334 279 358 terra
300 329 382 358 invia
403 333 427 357 ct
447 329 564 358 sitienti.
587 345 624 348 —
653 329 757 357 Ventus
777 337 877 362 urens,
900 336 992 356 carna-

11 386 12 398 i
145 376 178 405 lis
199 376 341 410 lasciviae,
370 376 493 404 siccavit
518 374 652 412 fractum
673 375 753 409 eins,
785 375 937 403 venustatis
964 377 991 402 et

11 412 13 443 7
144 422 311 456 munditiae;
333 425 527 450 marcuerant
549 425 575 450 et
601 420 752 459 arefactae
779 425 849 449 sant
876 421 990 457 viryae,

11 471 12 487 ¹
145 469 171 498 id
193 473 234 498 est
255 468 466 506 pullulationes,
488 468 603 496 roboris
624 470 652 496 et
676 468 787 496 virtutis
817 467 887 496 eius.
920 467 991 496 Nihil

8 515 13 550 l
145 516 216 544 enim
239 515 311 544 inter
332 515 424 543 omnia
451 518 562 551 peccata
594 518 700 542 tantum
732 514 822 542 reddit
852 514 991 542 hominem

3 551 13 601 ἶ
145 565 306 591 enervatum
339 565 366 590 et
398 561 541 597 putridum
573 561 644 589 sicut
676 564 819 597 peccatum
852 560 990 589 luxuriae.

12 604 13 608 ’
144 608 223 637 Unde
244 607 381 636 luxuriosi
398 607 546 635 immundis
561 607 734 640 animalibus,
751 607 821 635 sicut
836 609 901 634 sunt
916 606 991 642 porci

5 687 12 693 ἡ
145 658 172 683 ει
186 655 316 683 iumenta
328 653 500 691 putrefacta
515 654 546 682 in
560 654 703 681 stercorel
717 661 767 681 suo
782 656 808 681 et
824 652 991 685 huiusmodi,

10 699 13 734 i
145 702 340 731 assimilantur.
364 701 394 729 Et
422 701 483 729 talis
514 700 607 737 planta
640 700 739 728 merito
772 699 992 735 transplantata

145 752 184 777 est
206 749 236 776 in
257 748 418 781 desertum,
441 747 608 784 spinositatis
636 746 783 779 vitiorum,
812 749 838 774 et
859 745 890 773 in
911 749 993 773 terra

146 795 241 829 invia,
258 795 356 828 carnis,
373 795 399 822 in
422 802 477 831 qua
498 802 551 822 non
574 796 664 830 potest
685 793 839 829 producere
861 792 911 821 nisi
934 792 992 820 fru-

146 845 207 870 ctus
228 841 353 878 putridos
374 844 401 870 et
421 840 554 873 carnales,
576 848 696 876 quorum
720 842 860 875 aspectum
877 839 914 866 ita
928 838 992 866 abo-

146 889 268 917 minatur
289 889 363 917 Deus
384 891 411 916 et
432 887 571 924 purissimi
594 887 653 915 eius
674 886 766 923 Angeli
788 889 815 915 et
836 886 920 914 sancti
942 886 992 914 ho-

145 936 248 970 mines,
269 935 340 964 sicut
361 935 445 972 aliqui
475 934 601 963 homines
629 933 793 962 naturaliter
818 932 943 970 generosi
966 935 994 960 et

145 983 250 1011 nobiles
271 981 423 1011 abhorrent
444 984 585 1018 aspectum
619 980 691 1017 pomi
721 980 777 1008 sive
805 979 914 1008 fructus
941 987 993 1015 pu—

146 1029 208 1058 tridi
231 1032 258 1058 et.
280 1029 436 1058 verminosi.

225 1076 350 1105 Secundo
371 1076 415 1104 ille
436 1075 545 1103 fructus
568 1075 707 1103 humanus
735 1077 776 1102 est
808 1074 912 1107 malus,
945 1073 991 1109 qui

0 1132 127 1159 leofricus
147 1123 230 1152 habet
251 1122 435 1151 acerbitatem
459 1122 563 1150 furoris
584 1124 611 1150 et
632 1120 993 1154 iracundiae,amaricantis

21 1155 128 1175 ‘mmm'
147 1173 276 1207 gustuum
298 1169 372 1198 unde
394 1169 546 1206 Sapientiae
561 1171 661 1205 quarto
677 1169 702 1196 2:
726 1169 855 1196 Fructus
874 1167 993 1195 illoram

146 1216 262 1245 inutiles
283 1220 307 1244 et
329 1216 428 1244 acerbi
447 1216 487 1244 acl
509 1215 752 1244 manducandam
768 1214 847 1242 etad
867 1213 993 1242 nibilum

146 1264 217 1301 apti.
240 1281 275 1284 —
299 1264 428 1292 Fructus
450 1263 582 1296 illoram,
598 1263 701 1291 scilicet
715 1262 762 1299 qui
778 1264 844 1291 sunt
859 1261 993 1295 iracundi,

147 1314 213 1340 sunt
233 1314 260 1339 et
281 1311 397 1339 inutiles
418 1311 485 1347 ipsis
506 1313 620 1347 propter
641 1309 849 1338 subversionem
866 1308 992 1342 rationis,

148 1452 282 1489 ipsorum,
305 1452 347 1480 vel
368 1452 494 1480 aliorum.
518 1450 593 1479 Unde
614 1450 708 1479 Glossa
729 1458 813 1486 super
835 1450 918 1478 illud:
944 1449 994 1478 Vir

147 1499 314 1527 iracundas
325 1502 468 1535 provocat
481 1498 578 1532 rixae,
593 1497 659 1526 dicit
673 1498 727 1526 sic:
748 1508 759 1521 «
773 1497 855 1525 lanua
870 1497 993 1525 omnium

149 1546 278 1574 vitiorum
302 1549 343 1574 est
364 1545 516 1579 iracundia,
538 1553 594 1582 qna
615 1545 717 1578 clausa,
734 1544 884 1572 virtutibus
900 1543 995 1571 intrin-

148 1601 228 1622 secus
249 1593 360 1621 dabitur
382 1593 507 1629 requies3
530 1595 640 1629 aperta,
662 1592 695 1620 ad
717 1597 798 1620 omne
823 1591 929 1619 facinus
950 1598 994 1618 ar-

149 1640 271 1669 mabitur
292 1640 400 1668 animus
415 1651 441 1667 ».

10 1717 12 1730 ,
226 1687 318 1716 Tertio
339 1687 447 1715 fructus
468 1686 582 1715 humani
614 1685 706 1722 operis
737 1688 778 1714 est
810 1685 914 1718 malus,
946 1684 993 1721 qui

10 1736 130 1784 sssssnfggfifflf,
149 1735 231 1763 babet
258 1734 480 1762 venenositatem
508 1733 634 1762 cordialis
663 1733 795 1766 invidiae,
817 1732 995 1761 deformantis

133 1779 292 1815 'affectuim
315 1781 388 1810 unde
410 1782 489 1809 Amos
510 1781 628 1809 sexto4:
653 1780 840 1809 Convertistis
862 1780 893 1808 in
912 1787 995 1808 ania-

148 1828 306 1857 rt'tadinem
330 1828 474 1856 indicium
495 1832 521 1856 ct
540 1827 675 1864 fractam
696 1827 827 1856 institiae
848 1827 879 1855 in
898 1827 995 1855 absin-

150 1875 251 1904 thium.
274 1891 310 1896 —
335 1875 521 1904 Conuertistis
542 1875 573 1903 in
595 1874 843 1908 amaritudinem,
869 1874 996 1902 dolosita-

150 1923 184 1952 tis
205 1926 232 1951 et
254 1922 381 1956 malitiae,
404 1922 559 1955 iudicium,
581 1921 754 1950 discretionis
776 1924 876 1954 rectae,
892 1925 915 1948 et
930 1920 996 1958 fru-

149 1974 225 1998 etam
249 1970 378 1998 institiae
399 1973 425 1998 et
447 1969 555 2006 pietatis
578 1969 608 1997 in
623 1967 803 1996 absinthium
818 1971 845 1996 et
860 1976 996 1996 venenum

149 2017 327 2053 malignitatis
347 2020 374 2044 et
402 2016 528 2044 invidiae.
561 2016 597 2044 Ad
630 2015 809 2044 occidendum
842 2015 996 2043 humanum

150 2072 237 2101 genus
259 2064 365 2092 nullum
388 2063 568 2096 absinthium,
584 2063 692 2091 nullum
709 2061 742 2090 fel
758 2062 880 2090 amarius
894 2065 921 2090 et
936 2062 997 2090 nul-

152 2111 208 2139 lum
232 2118 368 2139 venenum
391 2110 470 2146 peius
492 2109 660 2146 malignitate
683 2109 808 2137 invidiae.
824 2109 889 2136 Nam
905 2116 941 2137 ex
956 2116 998 2137 ve-

150 2165 252 2186 nenoso
273 2157 366 2185 fructu
390 2157 506 2185 invidiae
529 2156 691 2185 ludaeorum
712 2156 819 2184 occisus
847 2158 887 2183 est
916 2155 998 2183 Filius

152 2204 215 2239 Dei,
238 2204 316 2232 multi
339 2204 428 2232 Sancti
451 2207 478 2232 et
500 2203 626 2231 homines
647 2203 720 2231 iusti.

231 2251 269 2279 lll.
292 2251 384 2279 Tertio
406 2251 432 2279 in
456 2250 540 2278 verbo
562 2250 703 2287 proposito
724 2249 891 2278 describitur
907 2256 999 2285 pecca-

10 2305 56 2347 *¹¹:¹23
66 2304 95 2323 111-
106 2304 136 2346 1²2
152 2302 211 2327 tum
234 2302 368 2335 quantum
391 2298 424 2326 ad
445 2298 562 2335 finalem
586 2297 816 2330 ordinationem,
846 2305 929 2333 quam
950 2297 998 2324 ha-

10 2333 135 2370 ‘offissssstffi'
152 2346 199 2375 bet
220 2346 246 2374 in
275 2346 401 2382 gehenna
429 2345 515 2382 ignis,
545 2353 607 2373 cum
630 2344 782 2373 subinfert:
805 2344 954 2372 excidetur
975 2346 1000 2371 et

153 2393 184 2421 in
205 2393 298 2430 igynein
320 2393 458 2421 mittetur.
482 2392 532 2421 lste
554 2392 624 2429 ignis
655 2392 689 2420 ad
718 2392 785 2425 hoc,
818 2394 849 2419 ut
880 2391 1000 2427 perfecte

16 2445 137 2465 subdivisio.
153 2439 298 2468 ordinetur
321 2442 463 2476 peccatum
485 2447 535 2475 per
556 2438 737 2475 punitionem,
760 2438 849 2474 primo
864 2442 906 2466 est
921 2437 999 2466 inex-

153 2487 332 2524 sttnyntbz'tts
353 2490 467 2523 propter
489 2485 703 2514 continuationis
717 2484 946 2521 perpetuitateni3
963 2492 1000 2512 se-

155 2533 259 2567 cundo,
282 2532 473 2561 intolerabilis
496 2536 608 2569 propter
635 2531 869 2560 vehementissimi
899 2530 1000 2559 doloris

154 2580 346 2612 acerbitatem
370 2580 459 2613 tertio,
482 2578 656 2607 ineuitabilis
668 2578 678 2595 ⁵
700 2580 813 2614 propter
829 2577 912 2606 divini
928 2577 1000 2613 rigo-

1837 155 1893 185 383

1049 234 1088 262 ris
1109 234 1292 262 severitatem.
1316 234 1346 261 Et
1367 234 1405 262 sic
1427 234 1478 263 ista
1499 242 1599 270 poena,
1622 233 1648 261 in
1664 241 1719 270 qua
1735 233 1894 262 deformitas

1049 280 1152 317 peccati
1173 280 1357 314 ordinabitur,
1379 283 1420 309 est
1441 288 1548 309 summa
1570 283 1596 309 et
1617 280 1739 317 perfecta
1760 283 1791 309 ut
1819 280 1895 309 nulla

1048 327 1113 361 alia,
1135 335 1167 356 eo
1189 327 1261 364 quod
1284 330 1433 364 perpetua,
1454 327 1597 361 dolorosa,
1619 334 1669 355 nec
1691 327 1791 364 poterit
1812 327 1895 355 decliu

1047 374 1108 402 nari
1131 374 1164 402 ad
1186 374 1319 403 modicam
1341 374 1486 403 morulam.

1129 421 1218 449 Primo
1239 421 1325 458 ignis,
1347 421 1373 449 in
1396 429 1451 458 quo
1472 421 1630 450 deformitas
1651 420 1838 455 ordinabitur,
1854 423 1895 449 est

1049 467 1295 504 inexstinyaibitis
1310 470 1423 504 propter
1439 467 1652 496 continuationis
1667 467 1893 503 perpetuitatem

1049 514 1121 542 unde
1143 513 1270 542 Matthaei
1292 514 1423 551 vigesimo
1444 514 1579 551 quintoss:
1609 514 1688 542 Tunc
1709 513 1782 542 dicet
1803 517 1829 542 et
1850 512 1895 542 tiis

1049 560 1100 597 qai
1121 568 1140 588 a
1160 560 1291 589 sinistris
1311 565 1395 589 sant.-
1420 561 1559 589 Diseedite
1580 570 1599 589 a
1620 569 1677 594 mc,
1692 560 1848 594 maledieti,
1864 561 1895 588 in

1050 606 1145 643 iynem
1166 610 1324 635 aeternam.
1347 607 1466 644 Dignum
1487 611 1515 636 et
1535 608 1638 636 iustum
1661 611 1717 641 est,
1739 610 1771 635 ut
1799 615 1896 644 pecca-

1050 656 1132 686 tores,
1154 654 1201 690 qui
1229 666 1240 678 «
1256 662 1272 681 a
1293 654 1411 682 sinistris
1430 658 1503 687 sunt,
1519 654 1565 691 qui
1582 654 1745 690 praesentia,
1761 654 1895 691 quamdiu

1050 699 1191 733 vixerunt,
1213 700 1342 728 ardenter
1363 705 1527 729 amaverunt
1542 713 1569 734 υ,
1592 701 1744 729 secundum
1760 701 1833 737 quod
1849 709 1895 729 ex-

1050 745 1126 781 ponit
1147 745 1250 779 Glossa,
1270 754 1358 782 poena
1379 749 1490 782 aeterna
1507 747 1666 783 puniantur.
1683 748 1748 776 Nam
1764 750 1839 775 tanta
1854 751 1894 776 est

1049 792 1164 825 offensa,
1187 796 1309 828 quantus
1330 796 1371 821 est
1392 793 1436 821 ille
1458 793 1504 830 qui
1527 793 1690 827 offenditur;
1720 794 1792 822 sicut
1812 797 1896 830 patet,

1050 838 1124 875 quod
1144 839 1276 867 maiorem
1292 840 1423 868 offensam
1440 840 1585 868 committit
1600 840 1647 876 qui
1664 840 1813 868 iniuriatur
1828 841 1896 877 regi,

1050 894 1133 922 quam
1156 886 1202 922 qui
1226 886 1356 914 iniuriam
1378 886 1441 915 facit
1463 886 1540 914 alteri
1575 887 1686 914 homini.
1715 887 1782 915 Cum
1812 887 1896 924 igitur

1050 933 1124 961 Deus
1144 932 1266 961 offensus
1288 933 1322 961 sit
1343 933 1468 962 infinitus
1489 935 1516 961 et
1534 937 1673 967 aeternus,
1689 941 1754 970 ergo
1769 936 1796 962 et
1811 942 1897 970 poena

1050 983 1077 1008 et
1098 979 1205 1016 punitio
1227 980 1397 1016 respondens
1419 980 1466 1008 tali
1495 980 1635 1009 offensioni
1665 980 1746 1008 debet
1773 988 1832 1009 esse
1853 988 1898 1009 ae-

1052 1030 1137 1055 terna.

1130 1073 1255 1102 Secundo
1277 1073 1321 1102 ille
1342 1073 1425 1110 ignis,
1448 1074 1474 1101 in
1497 1082 1553 1110 quo
1567 1073 1726 1102 deformitas
1742 1073 1837 1110 culpae
1852 1081 1897 1101 or-

1049 1120 1206 1154 dinabitur,
1235 1124 1276 1149 est
1304 1120 1494 1149 intolerabilis
1523 1124 1636 1157 propter
1665 1120 1896 1149 vehementissimi

1049 1167 1152 1196 doloris
1167 1167 1359 1202 acerbitatem3
1375 1167 1448 1196 unde
1464 1168 1490 1196 in
1508 1168 1613 1196 Psalmo
1626 1167 1648 1195 ⁷:
1665 1167 1756 1205 Ignis,
1771 1167 1898 1204 gyrando,

1049 1215 1112 1248 nix,
1133 1214 1251 1251 placies,
1272 1214 1399 1251 spiritus
1418 1214 1628 1251 procellarnm,
1641 1223 1717 1251 pars
1732 1214 1833 1243 calicis
1854 1222 1899 1242 eo-

1021 1294 1022 1298 *
1050 1270 1137 1295 ram,⁴
1159 1262 1297 1300 qnoniam
1321 1262 1417 1290 iustus
1440 1262 1582 1290 Dominae
1603 1265 1627 1289 et
1642 1261 1772 1290 institiae
1787 1261 1899 1295 dilexit,

1021 1331 1023 1348 ,
1051 1309 1223 1346 aequitatem
1246 1309 1318 1337 uidit
1338 1308 1436 1337 battus
1458 1309 1529 1337 cias.
1553 1309 1626 1337 lusto
1641 1309 1713 1337 enim
1731 1308 1840 1342 iudicio,
1856 1316 1899 1337 se-

148 1362 172 1386 et
194 1357 293 1387 acerbi
313 1358 373 1386 aliis
395 1358 434 1386 ad
455 1357 700 1385 manducantium
722 1359 836 1393 propter
860 1356 993 1389 furorem,
1021 1350 1023 1367 ²

148 1406 188 1434 ad
208 1404 333 1434 nibilum
355 1405 434 1441 apti,
450 1404 510 1433 nisi
524 1404 564 1432 ad
577 1403 814 1431 sabversioneni3
836 1403 991 1431 animarum
1022 1410 1023 1436 ξ

1051 1356 1172 1384 cundum
1195 1355 1269 1392 quod
1290 1356 1429 1393 colligitur
1450 1364 1486 1385 ex
1515 1356 1674 1392 Scriptura,
1704 1358 1825 1392 quatuor
1846 1355 1900 1384 ele-

1051 1406 1159 1437 menta,
1182 1411 1235 1431 non
1257 1403 1400 1437 distincta,
1422 1403 1468 1431 sed
1490 1403 1619 1437 confusa,
1642 1402 1795 1431 creduntur
1811 1402 1837 1430 in
1860 1403 1900 1430 in-

1051 1449 1129 1478 ferno
1151 1457 1210 1478 esse
1231 1449 1265 1477 ad
1286 1449 1435 1486 perfectam
1458 1449 1628 1486 punitionem
1644 1449 1853 1483 damnatorum,
1868 1452 1901 1477 ut

1051 1496 1140 1524 omnis
1161 1500 1303 1524 creatura
1324 1497 1496 1525 exardescat
1517 1496 1548 1524 in
1567 1499 1739 1524 tormentant
1757 1496 1900 1524 adversus

1052 1543 1176 1572 iniustos
1188 1543 1209 1577 ⁸,
1231 1546 1259 1572 et
1279 1547 1414 1572 armetur
1435 1543 1466 1571 in
1488 1543 1624 1572 ultionem
1647 1543 1793 1577 Creatoris,
1809 1546 1836 1571 et
1851 1551 1900 1579 per

1052 1590 1146 1619 eadem
1168 1590 1329 1627 puniantur,
1351 1598 1386 1619 ex
1409 1591 1512 1627 quibus
1533 1591 1750 1619 constituuntur.
1771 1590 1824 1618 Nec
1839 1590 1900 1618 talis

1052 1637 1176 1666 confusio
1198 1645 1312 1673 poenam
1336 1637 1451 1671 minuit,
1474 1637 1519 1666 sed
1552 1640 1649 1673 auget,
1681 1645 1732 1673 pro
1764 1645 1795 1665 eo
1826 1637 1900 1673 quod

1052 1684 1122 1713 actio
1145 1684 1345 1712 elementorum
1367 1687 1466 1713 mutua
1487 1686 1548 1721 post
1562 1684 1795 1712 resurrectionem
1811 1691 1900 1712 cessa-

1052 1731 1108 1765 bit,
1131 1738 1193 1759 cum
1216 1734 1304 1759 cesset
1325 1731 1466 1768 generatio
1488 1733 1515 1759 et
1536 1731 1694 1767 corruptio,
1717 1734 1743 1759 et
1764 1738 1899 1759 numerus

1053 1778 1204 1806 electorum
1227 1778 1262 1806 sit
1283 1778 1452 1814 completus;
1475 1778 1596 1807 manebit
1612 1780 1701 1806 tamen
1717 1786 1813 1806 eorum
1830 1778 1900 1806 actio

1053 1826 1079 1854 in
1103 1833 1220 1861 corpora
1240 1825 1452 1858 damnatorum,
1475 1825 1540 1862 quia
1561 1825 1594 1853 ad
1616 1825 1668 1853 hoc
1693 1825 1782 1853 omnis
1811 1825 1901 1854 virtus

1053 1880 1149 1902 eorum
1172 1872 1319 1909 dirigetur,
1340 1880 1395 1900 non
1418 1874 1449 1900 ut
1478 1871 1600 1900 intendat
1628 1872 1811 1908 multiplicare
1840 1879 1900 1908 spe-

1054 1920 1136 1953 ciem,
1159 1919 1204 1948 sed
1226 1922 1258 1947 ut
1280 1918 1433 1947 secundum
1448 1919 1596 1955 imperium
1612 1919 1749 1947 Creatoris
1764 1919 1901 1947 vindicent

1054 1967 1173 1995 divinam
1196 1966 1335 2000 iniuriam,
1358 1966 1431 2003 quod
1452 1966 1563 2003 quidem
1586 1966 1617 1994 fit
1637 1966 1782 2003 affligendo
1804 1966 1900 1994 buma-

1055 2022 1116 2043 nam
1141 2017 1277 2042 naturam.

1133 2061 1225 2089 Tertio
1246 2061 1291 2089 ille
1312 2061 1395 2097 ignis,
1417 2061 1444 2089 in
1467 2069 1523 2097 quo
1544 2060 1702 2089 deformitas
1717 2062 1813 2098 culpae
1828 2062 1901 2090 ordi-

1055 2108 1176 2141 nabitur,
1199 2111 1238 2136 est
1261 2107 1437 2135 ineuitabilis
1459 2110 1572 2144 propter
1593 2107 1676 2135 divini
1704 2107 1804 2144 rigoris
1825 2116 1901 2137 sere-

1056 2155 1182 2189 ritatem;
1214 2154 1287 2183 unde
1323 2154 1530 2183 Deuteronomii
1568 2155 1708 2191 trigesimo
1743 2155 1901 2183 secundo⁹:

1057 2202 1137 2239 lynis
1158 2210 1316 2229 succensas
1337 2205 1378 2229 est
1400 2201 1430 2229 in
1452 2200 1556 2238 farore
1570 2210 1631 2229 meo
1646 2205 1670 2229 ct
1685 2201 1799 2230 ardebit
1813 2210 1903 2239 nsque

1056 2249 1096 2277 ad
1117 2247 1229 2285 inferni
1249 2249 1420 2276 nouissima.
1453 2248 1535 2285 Rigor
1563 2248 1671 2276 divinae
1702 2249 1838 2283 iustitiae,
1869 2248 1903 2277 ad

1056 2303 1138 2332 quem
1161 2295 1280 2331 pertinet
1302 2294 1490 2323 malefactores
1513 2294 1620 2331 punire,
1637 2295 1802 2323 accendetur
1819 2295 1844 2323 in
1860 2295 1903 2323 die

1056 2342 1148 2370 iudicii
1172 2341 1203 2369 ad
1228 2341 1359 2370 ultionem
1384 2344 1570 2377 peccatorum,
1593 2341 1656 2378 quia
1673 2341 1742 2378 ignis
1757 2341 1903 2370 indissolu-

1058 2389 1148 2417 biliter
1170 2388 1326 2425 alligabitur
1348 2388 1455 2416 animae
1478 2388 1639 2424 peccatrici,
1661 2391 1688 2417 et
1709 2388 1735 2416 in
1757 2396 1788 2416 eo
1814 2388 1904 2416 anima

1057 2439 1188 2472 tanquam
1211 2435 1237 2463 in
1260 2443 1371 2463 carcere
1392 2435 1565 2469 includetur3
1588 2438 1615 2463 et
1643 2439 1756 2471 propter
1780 2435 1845 2469 boc,
1871 2434 1904 2463 ad

1057 2490 1263 2519 quemcumque
1285 2482 1374 2510 locum
1398 2482 1496 2510 inferni
1520 2482 1610 2510 anima
1632 2482 1819 2516 decimaverit,
1840 2489 1905 2518 poe-

1058 2537 1119 2557 nam
1142 2529 1212 2565 ignis
1233 2529 1345 2562 sentiet,
1367 2529 1433 2566 quia
1454 2529 1504 2557 iste
1526 2528 1603 2565 iynis
1625 2528 1739 2556 ardebit
1759 2537 1850 2566 ‘ictaque
1865 2528 1905 2556 ad

1057 2575 1170 2613 inferni
1189 2576 1359 2604 novissima.
1383 2576 1517 2613 Rogemus
1539 2579 1588 2604 etc.

219 2799 226 2812 ¹
247 2800 375 2828 Respicitur
393 2800 443 2822 loel.
466 2801 486 2826 1,
508 2800 540 2821 17.

219 2838 228 2851 2
247 2840 311 2861 Vers.
329 2840 350 2861 5.

220 2877 229 2889 ‘³
247 2879 376 2906 Respicitur
394 2879 417 2900 ll.
435 2878 494 2900 Tim.
511 2879 536 2905 ⁴2,
559 2878 597 2899 tt:
615 2877 649 2900 Ad
674 2877 728 2899 niliil
746 2877 807 2899 enim
829 2877 882 2899 utile
905 2880 939 2899 est
960 2876 1002 2898 nisi

160 2918 189 2940 ad
206 2917 381 2940 subversionem
399 2917 548 2939 audientium.
568 2929 594 2932 —-
616 2916 723 2945 Sequitur
740 2916 818 2938 Glossa
838 2915 962 2938 ordinaria
980 2916 1001 2937 in

159 2958 227 2979 Prov.
244 2957 284 2984 29,
302 2957 338 2978 22³.
853 2955 863 2967 ‘¹
881 2955 947 2977 Yers,
970 2955 1003 2976 13.

1121 2796 1130 2809 ⁵
1148 2797 1192 2819 Csr.
1209 2803 1279 2824 supra
1296 2802 1366 2818 serm.
1387 2797 1407 2817 ’1.
1425 2796 1447 2817 in
1466 2796 1582 2818 Dominica
1594 2795 1671 2824 quinta
1687 2797 1739 2822 post
1757 2794 1904 2816 Pentecosten

1059 2843 1112 2864 pars
1131 2837 1163 2858 lll.
1181 2836 1244 2863 (pag.
1262 2835 1325 2864 377).

1122 2874 1131 2887 ὓ
1145 2876 1210 2897 Vei-s.
1220 2875 1255 2896 ti.
1266 2887 1296 2890 —
1306 2875 1409 2903 Sequens
1418 2874 1494 2896 Glossa
1506 2876 1539 2895 est
1549 2872 1708 2896 interlinearis
1718 2873 1739 2895 in
1750 2874 1811 2895 huuc
1820 2873 1906 2895 Iocum.

1123 2913 1131 2926 ⁷
1150 2914 1229 2936 Psalm.
1252 2913 1304 2940 148,
1324 2914 1344 2935 8.
1362 2916 1384 2935 et
1405 2914 1442 2941 10,
1460 2913 1480 2934 6⁴
1499 2919 1547 2941 seq.

1124 2952 1132 2965 ⁵³
1150 2954 1204 2981 Sap.
1225 2953 1263 2975 16.
1281 2952 1323 2979 21,
1340 2952 1424 2975 deiude
1442 2952 1562 2980 respicitur
1575 2958 1594 2974 c.
1607 2952 1628 2978 5,
1646 2952 1679 2974 18.
1758 2950 1767 2963 ⁰
1784 2951 1851 2973 Vers.
1868 2952 1904 2974 22.

1913 427 1962 451 Ignis
1974 427 2026 446 inex-

1909 451 2030 474 stinguibilis.

1910 1081 1963 1103 Item,
1976 1080 2043 1099 intole-

1938 1104 2011 1123 rabilis.

1918 2065 1970 2088 Item,
1984 2066 2042 2085 inevi-

1945 2089 2015 2108 tabilis.
