2243 3348
334 191 390 220 478
1002 181 1174 212 SERMONES
1196 181 1238 210 DE
1260 181 1400 210 SANCTIS.

414 269 490 301 item,
522 267 605 296 debes
635 265 790 294 desiderare
818 264 897 291 istam
925 261 1086 298 sapientiam
1119 260 1176 288 sive

188 322 319 342 Dedesiderin
334 315 496 344 thesaurum
518 311 753 348 contemplationis
773 310 881 338 divinae
902 309 944 337 vel
969 314 1086 336 arcanae
1106 306 1176 335 desi-

219 345 292 365 humili.

187 741 207 759 S.
220 740 314 759 Nicotaus.

186 1160 215 1179 De
223 1159 317 1179 desiderio

210 1183 291 1202 liberali.

254 1487 315 1505 Ratio.

208 2142 313 2161 Prothema.

333 361 409 390 derio
430 360 549 393 ltu-mili,
571 362 603 387 ut
624 364 771 394 cognoscas
786 360 811 384 te
826 356 932 392 ipsum,
948 354 1013 391 quia
1027 352 1177 381 multitudo

334 408 481 445 sapientiae
501 406 609 435 divinae
628 402 768 433 descendit
795 402 828 430 ad
850 401 932 430 corda
954 400 1083 433 humilia,
1106 399 1177 427 sicut

333 462 405 491 aqua
425 452 564 482 descendit
584 451 616 479 ad
639 450 722 478 valles
737 450 757 482 ¹,
779 449 844 485 quia
865 448 947 475 homo
968 445 1001 474 ad
1016 452 1109 474 veram
1132 452 1176 473 co-

333 501 404 538 piam
427 506 562 535 aquarum
584 495 731 533 sapientiae
747 494 876 523 salutaris
889 500 942 522 non
964 494 1052 529 potest
1074 491 1177 528 pertin-

334 554 406 583 gere,
427 546 478 573 nisi
511 552 540 573 se
571 543 697 572 humiliet
725 541 843 578 quadani
865 539 982 576 abyssali
1012 538 1175 567 humilitate.

333 594 423 629 Quare
445 591 512 620 fides
532 593 573 619 est
593 589 803 618 fundamentum
824 586 973 623 sapientiae
995 585 1177 618 christianae,

333 639 383 667 nisi
406 638 471 675 quia
493 637 619 665 humiliet
640 638 667 664 et
694 634 817 671 captivet
845 632 1016 661 intellectum
1044 631 1075 659 in
1101 631 1177 659 obse-

332 686 434 724 quium
456 684 517 713 fidei
541 682 671 712 Christi?
694 682 806 718 Propter
827 680 900 717 quod
922 679 1048 708 Salomon
1070 678 1135 706 dicit
1149 678 1177 706 in

331 731 486 761 Proverbiis
498 730 523 758 2:
544 729 597 758 Ubi
610 729 772 762 humilitas,
787 727 828 756 ibi
841 726 994 763 sapientia.
1011 741 1049 746 -—
1063 725 1134 753 Bene
1149 731 1178 753 se

333 778 488 807 humiliavit
510 778 607 805 beatus
628 776 769 808 Nicotaus,
791 778 818 803 et
839 774 899 802 ideo
921 773 1052 801 thesauro
1074 772 1179 808 sapien-

334 825 386 854 tiae
407 824 530 861 repletus
545 827 572 852 et
586 823 689 851 ditatus
709 822 769 850 suit.
796 832 808 845 α
824 821 910 857 Quale
925 827 1023 848 nomen
1046 818 1131 847 hahes
1147 820 1178 846 n?

334 872 404 901 dixit
432 871 469 899 illi
499 870 651 907 episcopus.
687 869 811 902 «Vocon
839 867 910 896 dixit
936 866 993 903 ipse
1021 865 1178 894 columbina

333 918 521 955 simplicitate,
553 916 687 949 Nicotaus,
720 922 818 944 servus
849 917 957 942 vestrae
984 912 1176 941 sanctitatis».

332 966 477 1002 Nunquam
500 963 640 1000 permittet
661 962 807 995 Dominus,
825 961 963 989 hominem
986 959 1118 987 humilem
1135 966 1179 987 er-

332 1019 410 1046 rare;
432 1012 479 1040 sed
501 1011 649 1043 hominem,
671 1009 718 1046 qui
740 1008 896 1045 magnificat
911 1015 939 1035 se
960 1010 987 1035 et
1008 1009 1128 1042 reputat,
1150 1014 1180 1034 se

332 1058 445 1096 aliquid
455 1065 522 1090 esse,
534 1065 600 1085 cum
612 1055 761 1089 militis-21⁸,
775 1054 908 1091 permittit
918 1053 1063 1090 aliquoties
1074 1060 1177 1081 errare.

412 1105 492 1138 item,
513 1104 594 1132 debet
623 1103 703 1131 homo
725 1101 881 1131 desiderare
903 1100 981 1129 istam
1004 1099 1178 1136 sapientiam,

332 1152 415 1180 istum
438 1151 614 1184 thesaurum,
637 1149 772 1178 desiderio
800 1147 929 1181 liberali,
958 1150 990 1175 ut
1017 1147 1120 1176 scilicet
1148 1146 1177 1174 li-

331 1199 428 1227 benter
449 1198 515 1226 illud
531 1197 714 1226 communicet
728 1199 755 1225 et
769 1196 863 1224 doceat
878 1194 1054 1231 proximum;
1070 1193 1097 1222 in
1113 1194 1178 1222 Mat-

332 1246 412 1274 thaeo
426 1246 452 1273 4:
475 1246 575 1273 Bonus
596 1243 679 1272 homo
701 1243 734 1271 (te
756 1242 826 1270 bono
852 1241 989 1270 thesauro
1015 1240 1105 1270 cordis
1135 1241 1178 1269 sui

331 1291 445 1330 profert
466 1292 590 1324 bonum,-
611 1291 714 1319 scilicet
735 1290 833 1319 bonam
849 1288 1002 1317 doctrinam
1027 1290 1054 1316 et
1074 1288 1179 1317 exhor-

332 1340 461 1368 tationem
483 1339 515 1367 ad
532 1338 699 1375 proximum.
727 1348 740 1361 «
756 1337 860 1365 Bonum
876 1336 948 1364 enim
970 1338 1012 1363 est
1034 1335 1075 1363 sui
1092 1335 1179 1371 ipsius

334 1386 492 1415 diffusivum
505 1386 515 1402 ⁵
531 1397 557 1412 ».
581 1385 656 1413 Sicut
675 1384 747 1413 enim
764 1384 813 1412 lux
828 1382 957 1411 diffundit
972 1386 998 1411 et
1014 1381 1179 1418 multiplicat

333 1433 494 1466 candorem,
517 1432 553 1460 ita
575 1432 762 1460 bonushomo
783 1430 816 1459 de
837 1430 910 1458 bono
935 1429 1067 1457 thesauro
1088 1428 1178 1457 cordis

333 1480 374 1508 sui
394 1479 521 1508 diffundit
535 1482 561 1507 et
578 1479 680 1515 profert
694 1478 856 1506 doctrinam.
873 1493 911 1497 —
926 1476 956 1505 Et
971 1484 1058 1513 quare
1074 1476 1125 1504 hoc
1140 1476 1178 1504 fa-

332 1527 390 1555 cit?
411 1526 479 1562 Oula
494 1526 544 1555 scit
559 1526 662 1554 dictum
678 1533 693 1553 a
709 1524 851 1561 Sapiente:
869 1523 1020 1560 Sapientia
1034 1522 1178 1551 absconsa

1233 263 1258 287 et
1279 257 1436 287 thesaurus
1457 258 1580 291 invisus,
1602 264 1677 296 quae
1698 257 1810 285 utilitas
1829 257 1860 286 iu
1882 257 2033 295 utrisque?
2049 258 2080 286 Et

1233 305 1295 333 alibi
1318 305 1397 333 dicit:
1421 304 1521 332 Melior
1541 307 1582 332 cst
1602 304 1693 337 homo,
1715 303 1767 342 qui
1788 303 1859 332 celat
1880 303 2080 340 insipientiam

1233 359 1331 384 suam,
1350 359 1441 389 quam
1454 349 1548 384 homo,
1563 350 1615 388 qui
1629 350 1779 379 abscondit
1793 350 1968 387 sapientiam
1982 357 2078 379 suam.

1233 397 1308 426 Unde
1330 397 1462 426 Dominus
1482 397 1509 425 in
1525 397 1660 426 Matthaeo
1674 397 1700 425 ⁶:
1724 397 1789 425 Ideo
1804 396 1898 425 omnis
1918 396 2017 425 scriba
2031 396 2080 425 do-

1233 447 1296 472 etus
1317 444 1349 472 iu
1369 451 1458 480 requo
1479 443 1642 478 caetorum,
1666 443 1692 471 in
1714 443 1834 472 Ecclesia
1862 443 2011 477 militante,
2039 443 2078 471 si-

1233 490 1311 519 milis
1332 494 1372 518 est
1394 489 1505 518 homini
1522 489 1752 527 patrifamilias,
1772 490 1825 527 qui
1842 489 1957 527 profert
1977 490 2011 518 ete
2026 489 2081 518 tlte-

1233 545 1326 565 sauro
1346 545 1401 565 suo
1422 545 1498 565 vnova
1519 540 1545 565 et
1571 540 1675 565 vetera.
1705 553 1742 557 ——
1773 535 1998 574 Paterfitmilias
2025 545 2079 565 non

1234 583 1376 612 abscondit
1397 583 1548 617 frumenta,
1571 591 1620 612 nec
1642 583 1790 620 permittit,
1814 583 1882 612 mori
1905 583 1976 612 fame
2003 583 2080 612 fami-

1235 630 1298 658 liam
1320 638 1414 664 suam;
1436 630 1470 659 de
1484 630 1647 659 crudelitate
1667 633 1849 667 argueretur;
1872 631 1910 659 sic
1924 638 1975 659 nec
1989 630 2080 665 homo,

1235 677 1281 714 qui
1304 678 1387 706 hahet
1403 677 1564 705 thesaurum
1587 677 1736 714 sapientiae
1756 677 1879 711 divinae,
1901 677 1983 706 debet
2003 677 2081 706 illum

1234 724 1418 758 abscondere,
1439 724 1485 752 sed
1508 724 1633 760 proferre
1654 724 1687 752 ad
1702 723 1917 752 aedificationem
1941 723 2081 760 proximo-

1236 779 1298 799 rum
1320 774 1347 799 et
1367 771 1529 799 doctrinam.
1552 770 1606 799 Nisi
1621 770 1694 799 enim
1716 770 1833 799 fideliter
1854 770 1964 804 doceat,
1986 777 2082 807 argue-

1236 820 1282 846 tur
1303 821 1330 846 et
1346 818 1574 854 reprehendetur.
1592 817 1651 853 Qui
1663 817 1739 845 enim
1759 817 1909 846 abscondit
1929 816 2081 854 frumenta

1235 865 1424 893 nuttedicetur
1445 865 1477 893 in
1503 864 1628 902 populis.
1651 864 1752 893 Contra
1782 864 1890 901 aliquos
1914 864 2082 901 negligentes

1236 912 1309 940 circa
1331 912 1524 948 proximorum
1553 911 1769 940 aedificationem
1796 911 1862 939 dicit
1883 911 2040 940 Bernartius
2054 910 2081 939 ⁷:

1240 959 1375 987 «Utinam
1398 958 1435 987 ita
1456 959 1498 987 vel
1520 959 1559 987 sic
1581 958 1675 995 vigiles
1696 961 1788 987 essent
1807 958 1840 987 ad
1863 966 1973 992 curam,
1995 965 2082 995 quan-

1236 1009 1295 1034 tum
1317 1006 1422 1034 alacres
1443 1008 1615 1034 concurrunt
1636 1005 1670 1033 ad
1701 1005 1859 1033 cathedram
1876 1005 1901 1033 »1
1924 1005 1975 1041 Qui
1997 1005 2082 1042 igitur

1237 1052 1289 1081 tale
1312 1052 1394 1081 habet
1414 1052 1580 1081 desiderium
1602 1052 1636 1080 ad
1655 1052 1816 1089 sapientiam
1838 1051 1974 1086 divinam,
1988 1051 2016 1080 in
2031 1052 2083 1081 hac

1237 1099 1386 1128 intentione
1407 1099 1528 1128 addiscet
1542 1107 1619 1133 eam,
1642 1103 1673 1128 ut
1689 1099 1843 1136 magnificet
1865 1099 1967 1133 Deum,
1983 1106 2082 1135 cogno-

1237 1149 1294 1175 scat
1314 1155 1343 1175 se
1364 1147 1464 1183 ipsum,
1486 1146 1581 1175 doceat
1595 1146 1771 1183 proximum;
1795 1146 1855 1175 talis
1870 1149 1994 1175 meretur
2014 1145 2082 1175 divi-

1236 1201 1298 1222 nam
1322 1193 1499 1230 sapientiam,
1522 1194 1685 1222 thesaurum
1704 1193 1943 1229 contemplationis
1957 1201 2081 1222 arcanae.

1236 1256 1274 1260 —
1295 1240 1338 1269 Sic
1359 1240 1453 1277 igitur,
1475 1243 1506 1268 ut
1527 1240 1616 1268 visum
1638 1243 1688 1274 est,
1710 1240 1808 1268 beatus
1828 1239 1955 1268 Nicolaus
1986 1240 2084 1269 habuit
2099 1246 2199 1267 Conclusio.
2238 1233 2239 1246 ¹

1237 1288 1398 1316 thesaurum
1421 1287 1606 1321 exteriorem,
1629 1290 1656 1315 et
1677 1287 1755 1315 illum
1777 1287 1945 1323 permutavit
1966 1290 1993 1316 et
2017 1287 2083 1317 inte-

1236 1335 1337 1363 riorem
1367 1334 1521 1371 promeruit
1548 1337 1575 1362 et
1600 1334 1773 1370 superiorem
1801 1333 1967 1362 desideravit
1996 1334 2082 1371 tripli-

1235 1382 1312 1415 citer,
1328 1384 1360 1409 ut
1379 1381 1555 1415 dictumest,
1577 1384 1604 1409 et
1618 1380 1754 1409 desiderio
1774 1380 1879 1409 humili
1899 1384 1927 1409 et
1947 1381 2082 1410 desiderio

1234 1428 1354 1457 sublimi
1375 1431 1402 1456 et
1431 1428 1563 1460 liberati,-
1591 1431 1618 1456 et
1646 1427 1706 1456 ideo
1735 1428 1760 1456 in
1790 1427 1844 1456 fine
1871 1428 1958 1456 Deum
1989 1428 2082 1457 videre

1236 1475 1405 1511 promeruit,
1427 1474 1461 1503 ad
1483 1482 1566 1512 quam
1583 1474 1714 1503 visionem
1738 1482 1787 1503 nos
1802 1474 1935 1511 perducat
1956 1474 2083 1504 Christus

1235 1522 1369 1551 Dominus
1391 1525 1491 1550 noster.
1515 1524 1597 1550 Amen
1614 1522 1634 1549 ⁸.

2183 686 2206 705 ῤ-

2219 684 2221 687 .
2213 629 2215 633 -
2210 589 2221 598 n
2217 562 2219 565 .
2210 527 2224 541 j

2224 657 2233 802 -.-ψ-μς..
2228 599 2229 602 .
2228 566 2229 571 Α

838 1650 881 1679 DE
903 1649 1029 1678 SANCTO
1051 1649 1221 1678 STEPHANO
1242 1649 1398 1677 MARTYRE
1420 1649 1468 1684 (26
1492 1648 1576 1683 Dec.).

675 1763 767 1790 Sentio
789 1762 797 1789 1
813 1761 832 1789 ⁹.

411 1856 573 1894 Stephanus
591 1855 696 1893 plenus
716 1855 819 1893 qratia
839 1858 865 1883 et
885 1853 1072 1892 fortitudine,
1087 1853 1178 1891 facie-

333 1904 380 1933 bat
398 1904 538 1941 prodigia
566 1907 591 1932 et
618 1903 706 1940 siqua
737 1910 848 1939 mayna
870 1901 901 1930 iu
919 1901 1037 1939 populo,
1060 1902 1177 1930 Actuum

332 1953 411 1980 sexto
422 1951 453 1978 1⁰.

410 1997 587 2034 (Prothema).
611 1996 754 2025 Dominus
774 1996 854 2024 misit
875 2004 919 2024 rme
941 1996 1021 2023 lesus
1042 1995 1075 2023 ad
1096 1998 1130 2029 te,
1147 1998 1179 2023 ut

332 2045 431 2073 videas
452 2049 475 2073 et
496 2044 648 2081 implearis
670 2043 784 2080 Spiritu
805 2047 919 2077 saneto,
943 2043 1058 2071 Actuum
1082 2050 1162 2071 nono.

409 2092 499 2121 Verba
513 2092 609 2120 ultima
621 2094 686 2120 sunt
701 2091 818 2119 Ananiae
833 2090 866 2119 ad
881 2090 1005 2124 saulum,
1020 2090 1067 2127 qui
1084 2093 1178 2127 postea

331 2139 419 2168 factus
440 2142 481 2168 est
503 2138 602 2167 Paulus
623 2141 650 2167 et
683 2138 782 2166 Doctor
803 2137 942 2175 gentium3
965 2140 992 2166 et
1013 2137 1114 2166 missus
1135 2139 1176 2165 est

332 2186 446 2214 Ananias
467 2186 500 2215 ad
522 2186 650 2219 Saulum,
673 2188 704 2214 ut
727 2192 775 2221 per
797 2185 856 2213 eius
871 2184 1055 2213 ministerium
1071 2184 1178 2212 videret

332 2236 358 2261 et
379 2233 542 2269 impleretur
563 2233 667 2269 Spiritu
689 2234 791 2261 sancto.
811 2231 865 2260 Hoc
887 2233 950 2267 (est)
974 2231 1177 2265 ministerium,

331 2279 363 2307 ad
386 2279 459 2316 quod
480 2279 624 2308 ordinatur
646 2286 737 2307 sermo
758 2278 884 2313 divinus,
900 2278 1003 2307 scilicet
1018 2282 1049 2306 ut
1063 2277 1178 2306 audiens

334 2325 422 2354 videat
453 2329 479 2354 et
506 2325 655 2362 impleatur
686 2325 790 2362 Spiritu
812 2329 914 2354 sancto.
942 2325 1037 2353 Omnis
1067 2324 1177 2353 auditor

334 2373 409 2401 verbi
431 2373 495 2407 Dei,
517 2373 564 2410 qui
586 2373 645 2401 vult
667 2380 726 2401 esse
748 2372 834 2401 instar
856 2372 948 2406 Pauli,
969 2372 1051 2400 debet
1072 2379 1178 2400 sermo-

334 2427 395 2448 nem
417 2420 528 2454 audire,
550 2423 582 2448 ut
603 2420 693 2448 videat
714 2423 741 2448 et
763 2420 911 2457 impleatur
942 2419 1047 2456 Spiritu
1069 2421 1177 2453 sancto,

335 2465 399 2502 quia
430 2474 519 2495 sermo
546 2467 593 2495 Dei
617 2466 763 2495 ittmninat
792 2467 977 2499 intellectum,
1002 2466 1176 2494 Psalmusss:

337 2512 499 2541 Declaratio
527 2522 693 2542 sermonum
722 2517 842 2542 tuorum
870 2513 1019 2542 illuminat
1046 2516 1071 2540 et
1098 2511 1178 2540 iutel-

336 2558 437 2587 lectum
451 2560 503 2588 alat
515 2560 658 2597 paruuli-5.
676 2561 754 2594 item,
770 2560 936 2597 inflammat
951 2560 1092 2593 affectum
1108 2559 1178 2588 Psal-

1235 1767 1312 1788 mus:
1337 1759 1466 1796 [quitum
1486 1759 1631 1797 eloquium
1654 1763 1737 1788 tuum
1758 1758 1943 1788 veliementer.
1967 1760 1998 1789 Et
2013 1760 2082 1795 ideo,

1235 1806 1345 1843 quando
1367 1807 1449 1835 homo
1480 1807 1507 1834 iu
1539 1807 1636 1835 auditu
1666 1806 1741 1835 verbi
1768 1807 1816 1835 Dei
1849 1815 1902 1835 non
1925 1807 2082 1836 illustratur

1235 1861 1285 1882 nec
1307 1853 1512 1888 inflammatur,
1535 1857 1600 1882 tunc
1630 1853 1734 1882 frustra
1761 1854 1846 1882 audit.
1874 1854 1925 1883 Sed
1947 1853 2014 1883 felix
2042 1857 2083 1883 est

1235 1901 1282 1938 qui
1304 1901 1462 1930 illustratur
1483 1904 1510 1930 et
1531 1901 1719 1930 inflammatur
1751 1901 1777 1929 in
1800 1901 1896 1930 auditu
1918 1902 1995 1931 verbi
2017 1902 2081 1937 Dei,

1235 1948 1300 1985 quia
1321 1948 1459 1977 inchoatio
1480 1948 1570 1977 meriti
1594 1951 1635 1977 est
1656 1949 1683 1976 in
1706 1949 1889 1977 illustratione
1910 1949 2082 1984 intellectus,

1235 1998 1261 2023 et
1283 1995 1484 2023 consummatio
1516 1995 1630 2032 praemii
1662 1998 1703 2024 est
1725 1995 1752 2023 in
1781 1995 1997 2024 inflammatione
2018 1995 2082 2024 affe—

1235 2045 1304 2070 ctus.
1328 2041 1378 2070 Sed
1408 2042 1459 2070 ista
1488 2050 1541 2070 non
1564 2042 1727 2079 contingunt
1749 2042 1775 2070 in
1798 2050 1940 2076 sermone,
1962 2042 2014 2071 nisi
2036 2042 2083 2071 fiat

1236 2096 1327 2117 sermo
1344 2096 1392 2125 per
1408 2088 1529 2125 linguam
1546 2089 1665 2125 Spiritus
1679 2089 1775 2122 sancti,
1790 2088 1823 2117 de
1838 2097 1893 2125 qua
1909 2089 2032 2118 Psalmus
2045 2089 2082 2117 ¹²:

1236 2135 1352 2172 Linyua
1373 2144 1438 2164 inea
1459 2135 1614 2169 caluirzus;
1635 2136 1778 2172 sequitur:
1797 2135 1913 2173 Diffusa
1927 2139 1969 2164 est
1980 2136 2083 2173 yratia

1235 2182 1267 2210 in
1288 2182 1374 2210 labiis
1397 2183 1472 2216 tuis,
1496 2183 1522 2211 id
1544 2185 1585 2211 est
1607 2190 1656 2219 per
1678 2190 1832 2211 sermonem
1856 2182 1883 2211 in
1898 2182 2080 2211 auditoribus.

1236 2229 1263 2257 ln
1286 2229 1421 2266 principio
1444 2230 1528 2266 igitur
1550 2234 1600 2258 etc.

1316 2276 1480 2314 Stephanus
1498 2277 1602 2314 plenus
1621 2277 1724 2314 qratia
1745 2279 1796 2305 etc.

1314 2324 1490 2353 Consuetudo
1512 2331 1674 2361 magnorum
1696 2327 1737 2352 est
1758 2324 1825 2352 alios
1839 2324 1866 2352 in
1882 2324 1987 2361 magnis
2008 2323 2084 2353 festis
2097 2328 2167 2347 Sermo·

1236 2379 1334 2399 vocare
1356 2371 1388 2399 ad
1404 2371 1571 2405 convivium,
1586 2374 1613 2400 et
1628 2371 1649 2400 si
1666 2371 1717 2399 hoc
1732 2371 1779 2399 fiat
1793 2371 1826 2399 ad
1841 2370 2023 2399 ostensionem
2039 2379 2083 2399 ca-

1236 2418 1337 2451 ritatis,
1360 2418 1495 2446 laudabile
1521 2418 1600 2453 (est),
1623 2422 1650 2447 et
1670 2418 1730 2446 ideo
1751 2417 1878 2446 Christus
1900 2417 1987 2446 noluit
2008 2418 2083 2447 solus

1235 2472 1294 2493 esse
1309 2465 1335 2493 in
1351 2465 1476 2493 convivio
1491 2465 1683 2499 iucunditatis;
1696 2465 1802 2493 vocavit
1813 2464 1970 2499 familiares,
1982 2465 2083 2493 amicos

1236 2514 1285 2547 (et)
1308 2519 1418 2546 servos,
1440 2515 1471 2540 ut
1493 2512 1640 2549 participes
1662 2515 1753 2541 essent
1778 2511 1878 2549 gaudii.
1901 2512 2028 2540 Christus
2055 2511 2083 2540 in

1235 2559 1377 2588 nativitate
1405 2559 1468 2588 fecit
1496 2559 1653 2588 convivium
1682 2560 1813 2596 nuptiale.
1840 2559 1874 2587 lu
1902 2559 1959 2587 sole
1984 2559 2084 2596 posuit

398 2705 405 2716 ¹
424 2705 552 2732 Respicitur
571 2706 604 2727 ΡΞ.
623 2706 674 2732 103.
697 2706 734 2732 ¹03
752 2706 805 2728 dein
822 2707 929 2729 alluditur
947 2706 976 2729 ad
993 2707 1017 2729 ll.
1034 2706 1086 2729 Cor.
1105 2707 1140 2734 lO,
1159 2706 1179 2728 5.

398 2744 406 2758 ‘2
424 2743 480 2771 Cap.
501 2745 533 2771 ll,
552 2745 573 2766 2.
591 2757 619 2759 ᾼ
637 2745 745 2773 Sequitur
763 2745 851 2773 surius,
870 2746 912 2768 loc.
930 2746 967 2768 cit.
984 2745 997 2774 ζ,
1014 2746 1036 2768 9.

398 2782 407 2794 ⁸
424 2783 552 2810 Respicitur
569 2784 617 2805 Gal.
634 2784 655 2811 6,
673 2784 694 2805 3.
987 2785 998 2797 ⁴
1014 2784 1069 2813 Cap.
1092 2786 1125 2811 l2,
1143 2784 1179 2806 35.

398 2822 407 2836 ⁵
425 2823 484 2845 Vide
501 2823 595 2850 Bonav„
613 2824 627 2845 l.
645 2824 708 2845 Seni.
726 2830 779 2851 pag.
797 2824 849 2851 344,
866 2827 943 2846 notam
966 2825 1000 2846 ll.
1025 2837 1055 2841 —
1073 2824 1180 2853 Sequitur

336 2861 402 2883 Eecli.
422 2862 459 2888 20,
477 2862 515 2883 32.
531 2865 553 2884 et
571 2862 623 2884 dein
641 2869 663 2884 v.
680 2863 717 2884 33.

399 2899 408 2912 ³
423 2899 478 2928 Cap.
499 2901 532 2927 13,
550 2901 591 2927 523
608 2902 711 2930 sequitur
729 2902 794 2924 Prov.
814 2902 850 2930 il,
868 2904 905 2924 ⁴26.

400 2937 408 2950 ⁷
426 2939 498 2961 Serm.
515 2939 553 2961 77.
570 2940 592 2961 iu
609 2940 673 2962 Cant.
689 2947 712 2962 n.
730 2941 751 2962 2.

400 2976 408 2989 ⁸
428 2978 479 3000 Pars
497 2978 519 3000 ll.
538 2978 608 3005 deest,
626 2985 696 3007 quoni
715 2981 808 3002 sortasse
826 2981 930 3003 tractavit
947 2981 968 3002 in
987 2981 1113 3003 eollatIOne.

1300 2704 1310 2717 ὓ
1327 2707 1357 2728 Ex
1374 2706 1425 2728 cod.
1443 2705 1565 2728 Parisiensi
1582 2705 1686 2727 biblioth.
1704 2705 1825 2727 Nationalis
1842 2711 1865 2727 n.
1887 2704 1967 2727 16499.
1985 2703 2084 2727 membr.

1237 2751 1298 2767 saec.
1319 2746 1351 2767 13.
1370 2745 1406 2767 sol.
1425 2746 1469 2767 310
1488 2752 1514 2773 r.,
1531 2745 1561 2767 (le.
1582 2751 1628 2773 quo
1654 2746 1693 2767 csr.
1717 2744 1822 2767 Haureau
1847 2747 1902 2766 tom.
1920 2744 1940 2766 5.
1959 2750 2012 2772 pag.
2031 2744 2083 2766 450.

1238 2785 1260 2807 ln
1277 2785 1314 2807 illo
1338 2785 1418 2807 codice
1440 2791 1517 2807 sermo
1540 2784 1647 2806 tribuitur
1670 2785 1692 2806 S.
1716 2784 1896 2806 Bonaventurae.
1918 2784 2006 2811 integer
2029 2789 2082 2806 oum

1237 2830 1279 2847 suo
1297 2825 1414 2846 schemate
1431 2824 1558 2852 impressus
1579 2828 1613 2846 est
1629 2830 1641 2845 a
1659 2824 1681 2845 P.
1701 2823 1770 2846 Fidcli
1788 2829 1800 2845 a
1823 2824 1907 2850 Fauna,
1925 2822 1992 2846 Ratio
2009 2828 2083 2846 uouae

1238 2862 1331 2886 Goltect.
1348 2868 1402 2890 pag.
1425 2863 1532 2885 143-159.

1301 2901 1320 2913 ¹⁰
1338 2902 1404 2923 Vers.
1422 2902 1447 2929 83
1465 2902 1585 2924 Prothema
1603 2905 1637 2924 est
1654 2903 1701 2924 Act.
1719 2902 1741 2929 9,
1763 2901 1796 2923 17.

1300 2940 1319 2953 ¹¹
1338 2941 1419 2962 Psalm.
1438 2941 1495 2968 lis,
1514 2941 1565 2963 1130.
1584 2944 1606 2963 et
1623 2940 1707 2963 deinde
1724 2947 1746 2962 v⁴
1768 2940 1817 2963 140.

1301 2979 1320 2993 ¹²
1339 2981 1419 3003 Psalni,
1439 2980 1475 3007 441,
1493 2981 1514 3003 2.
1533 2981 1554 3003 3.
