2243 3348
0 2431 1 2450 i

0 2598 1 2647 l

0 2650 1 2680 l

0 2681 2 2712 1

1 2718 2 2725 ,

1 2752 2 2759 ,

0 335 118 367 1Ειθωρ1ιιιιι.

0 617 84 638 Secundo,
91 615 125 633 hu-

0 637 1 675 l
17 639 72 661 milis,
93 640 120 657 ta-

17 668 59 682 men
71 666 110 681 rex.

824 155 998 183 EPIPHANIA.
1021 154 1130 183 SERMO
1151 154 1190 182 Ill.

135 236 229 265 Glossa
249 234 409 271 Augustini:
446 245 460 259 <t
475 233 556 262 Niliil
585 234 757 262 invenerant
778 234 809 262 in
840 232 980 261 ‘manibus

134 282 206 316 sais,
230 282 295 319 quia
315 281 384 309 nihil
405 284 560 318 posuerunt
578 281 604 309 in
632 281 760 309 manibus
774 292 787 306 »
814 287 978 317 pauperum.

135 329 299 366 Exemplum
321 327 406 356 huius
427 327 561 356 habemus
575 327 602 355 in
624 328 703 356 beata
718 327 817 360 Maria,
839 334 910 363 quae
930 334 979 354 au-

136 383 198 405 rum
220 375 270 404 sihi
293 377 320 403 et
340 375 429 403 Puero
444 374 567 402 oblatum
582 374 656 402 dedit
670 374 848 411 pauperihus.
865 373 891 401 Si
906 373 979 402 enim

135 423 186 452 sihi
208 422 382 454 retinuisset,
408 428 459 449 nec
486 428 537 449 acu
559 424 586 449 et
607 420 653 448 filo
671 421 763 449 cibum
790 420 979 457 quaesivisset,

135 477 185 498 nec
207 469 302 506 loseph
324 468 456 497 maritum
478 476 562 496 suum
588 467 765 496 sustinuisset
793 470 848 495 tota
877 467 920 495 die
941 467 980 494 la-

135 517 249 550 horare;
271 519 331 544 crat
350 515 427 544 faber
448 514 591 552 lignarius.

216 563 290 597 ltem,
312 562 479 590 invenerunt
499 561 589 598 ipsum
605 559 741 589 humilem
761 563 787 589 et
808 569 901 597 recem
917 569 980 589 cae-

138 609 252 643 loram;
283 608 408 637 Matthaei
439 607 560 636 secundo
576 609 603 635 1:
631 607 711 635 Tunc
733 607 876 640 Herodes,
905 607 979 636 clam

136 655 246 684 vocatis
273 655 385 692 Mam's,
415 654 566 691 diliyenter
598 653 701 682 didicit
731 653 767 681 ab
798 653 838 681 eis
870 657 981 690 tempas

136 702 243 736 stellae,
264 710 339 739 qaae
359 688 504 738 apparuit
523 701 571 729 eis.
589 701 623 729 Et
643 701 758 728 mittens
773 700 836 728 illos
857 700 888 728 in
902 698 981 728 Beelz-

138 748 236 782 lebem,
258 748 349 777 clima:
366 749 405 776 Ite
419 751 444 776 et
459 748 635 784 interrogyate
655 747 807 784 ctz'ttpencer
821 747 855 775 dc
871 755 981 783 puero,-

137 800 164 824 et
183 804 250 824 cnm
272 795 449 828 inveneritis,
472 794 637 823 renuntiate
656 792 740 827 milii,
762 796 794 821 nt
814 796 838 821 ct
866 802 915 830 egyo
937 802 981 821 ve-

137 842 220 870 niens
241 842 359 870 calorem
382 850 456 870 enm.
479 841 508 869 ln
529 841 590 874 hoc,
612 840 687 877 quod
707 840 814 868 dicebat
835 847 898 868 cum
912 848 982 876 pne-

0 944 41 964 *Fiat
52 943 121 963 oblatio

29 968 95 987 thuris.

8 1693 67 1716 sertio,
79 1698 127 1711 mor-

7 1717 59 1739 vtalis,
68 1719 130 1735 tamen

6 1743 104 1760 «aeternus.

43 2255 88 2274 Pars
101 2255 132 2274 111.

9 2278 32 2297 De
42 2279 96 2298 modo
105 2280 132 2297 in-

9 2302 90 2321 veniendi
100 2303 132 2321 tri·

8 2325 55 2349 plici.

52 2489 130 2509 Divisio.

139 897 223 922 ram,
239 891 352 917 notatur
366 888 426 917 eius
440 887 610 921 lzmnilitas;
631 887 658 915 in
680 887 742 920 hoc,
764 886 837 923 quod
859 886 932 919 dicit,
954 894 983 914 se

138 944 203 964 cum
225 935 363 969 adorare,
385 938 510 969 notatur,
533 934 606 971 quod
628 934 688 962 Rex
708 933 746 962 sit
767 933 923 961 caelorum.
944 950 983 954 —

138 982 206 1011 Huic
221 982 259 1011 sic
277 982 388 1010 invento
409 989 472 1009 cum
494 981 578 1018 Magis
598 979 770 1009 offerendum
791 983 832 1008 est
854 979 919 1007 ilias
940 988 983 1008 re-

138 1028 283 1057 verentiae
310 1032 336 1056 et
363 1028 537 1056 obedientiae
557 1027 760 1060 voluntariae,
783 1026 862 1055 cuius
884 1026 984 1054 oblatio

139 1075 233 1104 suavis
264 1078 319 1109 est;
351 1075 479 1103 Matthaei
510 1074 699 1103 undecim02:
727 1073 822 1101 Venite
852 1073 892 1101 ad
923 1081 983 1106 nze,

140 1131 250 1156 omnes,
272 1122 325 1160 qai
345 1121 487 1150 laboratis
509 1124 534 1149 ct
555 1121 669 1149 onerati
689 1120 773 1154 estis,
795 1124 820 1148 et
841 1129 890 1157 eqo
918 1119 983 1156 resi-

140 1169 218 1198 cz'am
241 1177 297 1197 vos.
317 1168 413 1197 Tollite
434 1169 539 1205 iaynm
553 1176 648 1195 meam
664 1175 752 1204 saper
771 1176 821 1195 vos
840 1171 863 1194 ct
886 1167 985 1195 discite

140 1225 159 1245 a
181 1225 241 1250 me,
263 1216 334 1254 quia
355 1215 435 1244 initis
455 1223 522 1243 sam
543 1218 568 1243 ct
589 1214 709 1243 humilis
730 1214 830 1247 corde,
859 1217 883 1241 et
908 1214 985 1242 inve-

139 1263 224 1292 nictis
235 1263 362 1301 requiem
374 1262 534 1291 animabus
550 1261 659 1290 vestris.
676 1262 784 1298 Iagyiim
799 1261 874 1289 enim
889 1269 985 1288 nicam

140 1318 231 1338 suave
245 1313 294 1344 est,
307 1313 331 1338 ct
346 1317 420 1337 onas
431 1317 527 1337 meam
543 1309 616 1342 lece;
632 1308 735 1336 scilicet
750 1308 845 1344 iugum
862 1307 985 1335 obedien-

142 1357 198 1385 tiae
215 1356 401 1385 voluntariae
422 1359 449 1384 et
464 1355 663 1392 poenitentiae.
690 1354 763 1383 lstud
785 1354 867 1382 etiam
890 1354 985 1390 iugum

141 1406 183 1433 est
203 1404 300 1441 iugum
331 1403 510 1437 humilitatis,
539 1403 597 1431 sine
618 1410 674 1439 qua
695 1402 789 1430 nullus
813 1401 845 1429 ad
870 1409 985 1437 regnum

142 1454 231 1489 potest
245 1450 407 1488 pervenire3
429 1451 518 1478 Lucae
532 1449 638 1478 decimo
653 1452 753 1485 quarto
765 1448 791 1476 3:
810 1448 920 1481 Omnis,
936 1448 988 1485 qui

141 1507 170 1527 se
191 1498 299 1526 exaltat
321 1496 537 1530 linnn'liabitar,
553 1501 577 1525 ct
592 1496 643 1534 qui
656 1505 685 1524 se
700 1495 836 1523 humiliat
847 1494 987 1523 exaltabi-

143 1549 210 1579 tar,·
231 1545 335 1582 primae
357 1544 427 1573 Petri
446 1544 559 1581 quinto:
575 1543 786 1571 [Izinziliamini
804 1542 858 1571 sab
882 1542 989 1579 potenti

142 1600 235 1620 mann
258 1592 318 1626 Dei,
340 1595 374 1620 itt
393 1600 443 1620 vos
464 1591 566 1619 exaltet
588 1591 619 1619 in
634 1594 758 1627 tempore
778 1589 962 1618 visitationis.

222 1639 303 1673 ltem,
332 1639 414 1667 tertio
443 1638 610 1667 invenerunt
640 1645 759 1674 puerum
780 1636 934 1665 mortalem
962 1639 988 1664 ct

143 1694 236 1724 regem
258 1686 358 1714 vivum
379 1689 405 1714 et
425 1688 595 1718 aeternnm,·
617 1684 723 1713 loannis
744 1684 834 1721 primo
849 1684 875 1712 ¹²:
900 1684 989 1719 Quem

143 1733 262 1771 scripsit
282 1733 394 1771 Moyses
425 1732 456 1761 in
487 1733 558 1769 Leqe
582 1735 607 1760 et
638 1730 800 1768 Prophetae
825 1731 989 1759 invenimus

143 1782 251 1816 lesam,
265 1780 361 1818 filiam
378 1779 477 1816 loseph
492 1788 511 1808 a
526 1778 697 1812 Nazaretlm
711 1782 738 1807 et
752 1778 888 1807 Michaeae
909 1778 989 1814 quin-

144 1831 187 1857 to:
213 1829 246 1856 Et
267 1835 400 1865 egressas
421 1827 484 1855 eins
505 1826 541 1855 ab
564 1826 657 1859 initio,
679 1834 699 1854 a
713 1825 813 1853 diebus
835 1824 989 1852 aeternita-

145 1875 191 1904 tis.
212 1874 306 1903 Voluit
326 1877 419 1903 autem
442 1881 501 1902 esse
522 1873 667 1906 mortalis,
688 1876 720 1901 ut
740 1880 790 1909 per
815 1879 892 1900 suam
916 1879 990 1899 mor-

144 1925 200 1951 tem
222 1924 293 1950 esset
314 1928 397 1950 causa
428 1924 539 1949 nostrae
560 1919 789 1952 immortalitatis;
812 1917 989 1947 Ecclesiastici

146 1971 225 1998 sexto
240 1968 267 1996 ⁵:
290 1968 413 1996 Amicus
427 1967 531 2004 fidelis,
546 1967 791 1995 medicamentum
806 1965 882 1993 vitae
902 1968 926 1993 et
941 1965 991 1992 ini-

145 2015 353 2048 mortalitati&
380 2015 488 2052 primae
520 2014 590 2043 Petri
623 2014 720 2042 tertio:
749 2012 883 2041 Christus
908 2011 993 2040 semel

142 2072 200 2100 pro
220 2063 346 2100 peccatis
367 2062 477 2090 nostris
498 2065 633 2090 mortuus
654 2064 703 2095 cst,
726 2061 823 2088 iustas
841 2068 896 2096 pro
914 2059 992 2087 iniit--

146 2111 209 2144 stis,
225 2113 257 2139 at
270 2119 324 2138 nos
338 2109 455 2147 offerret
472 2109 537 2142 Deo,
552 2108 749 2145 mortificatus
763 2107 878 2145 quidem
894 2114 992 2139 carne,

147 2157 313 2194 vivificatas
335 2159 433 2185 antem
453 2156 562 2193 spirita
577 2155 596 2183 ὗ.

226 2204 266 2232 lll.
290 2204 421 2240 Sequitur
435 2203 468 2231 de
486 2202 570 2231 modo
586 2202 757 2231 inveniendi.
774 2202 879 2237 Moyses
894 2201 994 2229 Dcute-

149 2250 265 2279 ronomii
298 2250 440 2287 quarto⁷:
475 2249 547 2278 Cam
577 2249 738 2287 quaesieris
765 2248 806 2276 ibi
837 2247 995 2276 Dominum

149 2299 241 2327 Deum
274 2301 367 2330 tanin,
400 2296 527 2325 invenies
557 2304 631 2324 enm.
661 2296 686 2324 Si
717 2299 813 2323 tainen
835 2298 889 2322 toto
911 2294 995 2322 corde

149 2344 319 2383 (litttesieris.
341 2344 393 2371 Cor
415 2346 507 2371 autem
536 2343 692 2371 humanum
720 2342 864 2371 ordinatur
892 2341 918 2369 in
948 2349 995 2377 po-

149 2392 262 2421 tentiam
285 2391 459 2428 coynilivam
482 2390 629 2423 veritatis,
651 2390 677 2418 in
700 2390 849 2426 potentiam
876 2388 996 2417 excessi-

150 2447 219 2466 vam
241 2438 363 2471 amoris,
386 2438 412 2466 in
442 2437 592 2474 potentiam
620 2436 840 2465 exercitativam
868 2435 994 2463 virtutis.

151 2485 183 2514 Et
203 2485 255 2513 isto
276 2484 377 2521 triplici
398 2484 479 2512 modo
501 2484 650 2512 invenitur.
672 2483 781 2511 Primus
803 2482 901 2511 modus
921 2482 997 2510 inve—

150 2532 243 2561 niendi
274 2535 316 2560 est
342 2540 393 2568 per
424 2531 555 2559 studium
585 2530 737 2563 veritatis,·
765 2529 920 2563 secundus,
948 2537 997 2565 per

151 2587 298 2607 excessum
320 2578 433 2607 amoris
441 2588 451 2611 ‚·
473 2578 581 2611 tertius,
603 2585 652 2614 per
674 2576 844 2605 exercitimn
869 2575 996 2604 vit-tntis.

216 2723 224 2736 ³
243 2724 309 2745 Vers.
322 2723 371 2745 7-9.

217 2761 225 2774 ⁸
245 2763 308 2784 Vcrs.
329 2763 369 2789 =ll;
387 2762 491 2790 sequitur
509 2763 523 2784 l.
541 2762 598 2783 Pctr.
617 2761 638 2788 5,
656 2762 677 2783 6.

216 2800 226 2813 “¹
244 2801 309 2823 Vers.
328 2801 369 2828 45;
388 2800 492 2828 sequitur
509 2800 574 2823 Micli.
592 2800 613 2827 5,
631 2801 653 2822 2.

217 2839 226 2852 ⁶
245 2841 309 2862 Vcrs.
328 2840 367 2866 =16;
385 2840 488 2868 sequitur
507 2839 520 2860 l.
540 2840 597 2861 Ῥεῖν.
615 2839 637 2865 3,
655 2839 691 2860 18.

218 2879 227 2892 ⁰
245 2879 333 2902 Omissa
352 2881 385 2901 est
403 2879 439 2900 hic
457 2877 542 2901 oblatio
560 2878 675 2908 myrrhae
692 2877 715 2900 in
732 2877 826 2907 signum
851 2884 919 2901 rerae
940 2883 1001 2900 'mor-

156 2918 266 2946 talitatis‚
286 2921 310 2940 ut
327 2917 424 2940 hahetur
441 2917 463 2939 in
483 2918 599 2939 schemate
617 2923 670 2945 pag.
693 2917 729 2939 161
752 2917 793 2939 col.
811 2917 826 2939 1.

219 2956 227 2970 ⁷
247 2958 311 2980 Veis
330 2958 368 2979 ⁶29.

810 2721 819 2734 2
838 2722 903 2744 ἵει-ε.
921 2721 999 2743 28-30.

1824 154 1878 182 159

1115 232 1153 260 De
1175 232 1274 269 primo,
1295 232 1508 261 Proverbiorum
1530 231 1651 261 secundo
1665 231 1691 259 δι
1704 231 1764 259 Fili
1783 231 1833 265 mi,
1854 231 1882 260 si

1036 279 1212 316 sapientiam
1234 279 1416 307 invocaveris
1430 281 1492 313 eto,
1508 283 1576 307 tunc
1591 278 1728 315 intelliqes
1747 278 1879 307 timorem

1039 326 1157 354 Domini
1176 329 1201 354 et
1220 326 1372 354 scientiam
1395 326 1449 354 Dei
1469 326 1603 354 invenie-5.
1630 325 1662 353 Et
1683 325 1721 354 sic
1743 332 1792 361 per
1820 328 1880 353 sta-

1037 372 1120 400 dia-m
1141 372 1273 401 veritatis
1292 372 1433 401 invenitur
1454 372 1615 409 tripliciter:
1636 372 1727 408 primo
1748 379 1798 408 per
1822 374 1881 400 stu-

1036 419 1112 447 dium
1135 419 1257 448 veritatis
1285 419 1434 456 diligenter
1465 419 1640 457 inqztisitae;
1667 418 1881 447 Proverhiorum

1037 468 1149 494 octavo:
1174 467 1232 503 Eyo
1253 466 1402 503 diligentes
1423 474 1466 494 mc
1487 465 1593 503 diligo,
1615 468 1640 494 et
1661 465 1713 503 qai
1733 473 1819 493 mane
1838 465 1882 493 vi-

1035 512 1132 549 gyilant·
1151 513 1191 541 ad
1211 521 1256 540 me
1269 512 1413 541 invenient
1427 521 1488 546 me;
1503 512 1682 541 Ecclesiastici
1697 515 1792 541 sexto:
1812 511 1881 545 Fili,

1037 567 1057 587 a
1078 559 1223 587 iuventute
1245 563 1297 587 tua
1318 559 1415 596 excipe
1435 559 1601 588 doctrinam
1621 562 1646 587 ct
1667 567 1758 597 usque
1778 558 1819 587 ad
1837 567 1882 587 ca-

1037 614 1090 634 nos
1106 606 1231 634 invenies
1245 606 1439 643 sapientiam;
1462 606 1599 635 Psalmus:
1617 606 1753 642 Quaerite
1773 605 1881 643 facicm

1037 653 1100 680 eius
1120 661 1241 689 semper,
1257 653 1360 681 scilicet
1374 653 1527 681 veritatem.
1544 670 1581 673 —
1596 652 1721 681 Secundo
1742 652 1881 681 invenitur

1039 706 1088 735 per
1109 699 1232 727 studium
1254 699 1378 728 veritatis
1398 699 1543 736 sapienter
1564 699 1722 727 discussae..
1752 699 1780 727 ln
1802 699 1882 727 cuius

1040 746 1129 782 ligura
1150 746 1284 774 Dominus
1304 745 1369 774 dicit
1390 746 1478 774 Lucae
1499 745 1604 774 decimo
1619 745 1715 782 quinto
1730 746 1756 773 ⁰:
1779 746 1882 774 Mulier

1039 791 1147 820 liabens
1168 791 1329 820 draclnnas
1349 792 1460 825 elecem,
1481 791 1509 819 si
1526 791 1688 828 perdiderit
1708 790 1883 820 draclimcmi

1040 848 1142 872 unam,
1163 847 1257 867 nonne
1278 839 1409 867 accendit
1427 838 1577 867 lacerna-m
1599 842 1624 866 et
1637 839 1744 867 everrit
1764 838 1883 867 (Ioniam

1040 890 1064 914 et
1085 887 1201 924 qaaerit
1221 886 1383 923 diligenter,
1405 886 1493 914 donec
1514 885 1665 914 inveniat?
1698 886 1732 913 Et
1753 894 1820 913 cam
1841 886 1884 913 in—

1040 933 1158 966 venerit,
1171 937 1307 961 convocat
1322 933 1436 961 amicas
1451 936 1475 961 et
1489 932 1603 961 vicinas
1624 932 1736 961 dicens:
1755 932 1884 969 Conyra-

1042 980 1180 1008 tnlamini
1200 979 1283 1014 milti,
1305 980 1376 1018 qaia
1397 980 1495 1008 inveni
1508 978 1693 1013 drachmam,
1716 987 1805 1017 qaam
1817 987 1884 1016 pcr-

1041 1027 1184 1055 dideram.
1207 1027 1335 1063 Expone:
1350 1026 1464 1060 Mulier,
1487 1026 1577 1055 anima
1598 1026 1755 1060 rationalis,
1777 1025 1885 1054 liabens

1041 1074 1134 1102 decem
1156 1072 1326 1107 drachmas,
1348 1073 1375 1102 id
1396 1076 1437 1102 est
1458 1073 1551 1102 decem
1573 1073 1796 1107 illuminationes,
1817 1081 1885 1110 qua-

1042 1128 1106 1149 rum
1128 1123 1184 1149 tres
1206 1120 1379 1157 principales,
1395 1120 1498 1149 scilicet
1512 1120 1655 1154 naturalis,
1672 1120 1783 1148 moralis
1803 1122 1831 1148 et
1845 1128 1886 1148 ra-

1042 1167 1165 1201 tionalis,
1187 1171 1214 1196 et
1235 1167 1373 1204 quaelihet
1401 1167 1516 1196 istarum
1547 1166 1629 1195 hahet
1655 1169 1719 1195 tres.
1748 1167 1885 1195 Naturalis

1042 1215 1163 1243 continet
1184 1214 1334 1251 physicam,
1350 1214 1536 1243 mechanicam
1549 1217 1575 1242 et
1590 1213 1827 1247 mathematicam,
1843 1221 1884 1241 ra-

1043 1261 1150 1289 tionalis
1171 1261 1296 1289 similiter
1311 1260 1431 1289 continet
1447 1263 1518 1289 tres:
1534 1260 1749 1297 grammaticam,
1765 1260 1884 1288 rhetori-

1043 1315 1112 1341 cam,
1135 1307 1263 1344 logicam,
1291 1307 1402 1335 moralis
1424 1309 1495 1336 tres:
1518 1307 1710 1341 monasticam,
1739 1307 1886 1343 politicam,

1043 1354 1243 1382 oeconomicam
1262 1354 1294 1387 ¹⁰,
1316 1357 1344 1382 et
1364 1353 1438 1382 ultra
1459 1354 1524 1382 istas
1539 1357 1579 1382 est
1593 1353 1699 1382 decima
1714 1353 1886 1387 illuminatio,

1044 1401 1147 1429 scilicet
1161 1401 1278 1437 cognitio
1293 1400 1393 1429 divina.
1410 1401 1441 1428 Et
1462 1400 1541 1429 istam
1558 1400 1681 1428 ultimam
1704 1400 1885 1437 cognitionem

1044 1448 1134 1475 anima
1150 1447 1289 1476 rationalis
1304 1447 1409 1482 amisit;
1425 1447 1490 1484 quia
1503 1447 1569 1475 dicit
1581 1447 1657 1484 Hugo
1668 1448 1697 1481 ¹¹,
1710 1447 1782 1484 quod
1801 1458 1813 1472 «
1825 1454 1887 1475 ocu—

1045 1495 1088 1522 lus
1100 1495 1190 1523 carnis
1206 1495 1231 1522 in
1247 1503 1297 1523 sua
1312 1495 1373 1523 luce
1385 1494 1525 1528 remansit,
1538 1494 1635 1523 oculus
1647 1494 1760 1522 rationis
1771 1494 1888 1522 ohnuhi-

1046 1541 1126 1575 latus,
1140 1541 1238 1569 oculus
1252 1541 1360 1569 divinae
1374 1541 1610 1577 contemplationis
1630 1544 1793 1569 excaecatus
1808 1543 1887 1569 est».

1046 1588 1114 1624 Quia
1127 1588 1209 1624 igitur
1222 1588 1312 1616 anima
1323 1588 1464 1616 rationalis
1475 1587 1555 1616 istam
1570 1587 1703 1615 decimam
1718 1587 1887 1620 drachmam,

1046 1635 1148 1663 scilicet
1169 1634 1276 1663 divinae
1291 1634 1452 1671 cognitionis
1474 1637 1500 1663 et
1521 1633 1770 1670 contemplationis,
1791 1633 1889 1661 amise-

1046 1685 1099 1715 rat,
1121 1681 1180 1710 ideo
1201 1681 1310 1718 quaerit
1331 1689 1391 1710 eam
1419 1681 1499 1710 modo
1521 1681 1664 1714 historice,
1687 1680 1767 1709 modo
1788 1680 1888 1717 allego-

1047 1729 1118 1763 rice,
1140 1728 1220 1757 modo
1242 1728 1421 1765 tropologice,
1447 1728 1528 1756 modo
1553 1727 1714 1764 anagogice,
1743 1734 1889 1764 quousque

1047 1784 1106 1804 eam
1128 1775 1256 1804 inveniat.
1279 1792 1315 1795 ——
1337 1775 1429 1803 Tertio
1449 1774 1589 1803 invenitur
1610 1782 1660 1811 per
1675 1773 1796 1802 studium
1818 1773 1890 1802 veri-

1049 1823 1110 1851 tatis
1144 1822 1238 1851 sobrie
1272 1821 1477 1859 2‘nvesti9atae;
1512 1821 1724 1850 Proverhiorum
1759 1821 1890 1858 vigesimo

1048 1870 1144 1906 quinto
1161 1869 1199 1897 ¹2:
1221 1869 1274 1897 Mel
1294 1868 1439 1902 invenisti,
1461 1868 1572 1896 comede
1593 1868 1670 1906 qaod
1693 1867 1802 1906 sufficit
1823 1867 1889 1901 tibi,

1047 1925 1082 1944 nc
1103 1915 1177 1954 sorte
1197 1916 1325 1944 satiatas
1345 1923 1461 1943 evomas
1475 1915 1564 1948 illad;
1579 1917 1606 1943 et
1626 1914 1712 1943 infra:
1735 1914 1825 1948 Sicut,
1841 1914 1893 1952 qui

1048 1963 1103 1991 incl
1118 1963 1241 1991 nlilitum
1255 1962 1385 1996 comedit,
1398 1970 1455 1990 non
1467 1964 1508 1989 est
1518 1961 1545 1990 ei
1555 1961 1659 1989 bonam
1669 1971 1678 1994 ,·
1689 1961 1732 1989 sic
1746 1961 1797 1999 qai
1807 1969 1891 1989 scra-

1050 2014 1125 2039 tator
1147 2013 1186 2038 est
1207 2009 1367 2038 maiestatis
1389 2008 1570 2045 opprimetur
1585 2017 1604 2036 a
1617 2008 1723 2045 yloria.
1743 2008 1774 2036 Et
1795 2008 1892 2036 beatus

1050 2059 1196 2095 Dionysius
1212 2058 1250 2086 13:
1277 2058 1358 2086 «Nec
1389 2057 1500 2085 omnino
1520 2056 1655 2085 audemus
1675 2056 1766 2085 dicere
1787 2056 1820 2084 de
1846 2064 1892 2084 su-

1050 2104 1272 2142 persubstantiali
1293 2104 1400 2132 Deitate
1420 2106 1531 2140 praeter
1552 2110 1623 2139 quae
1644 2102 1722 2131 nohis
1750 2110 1784 2131 ex
1808 2102 1892 2130 sacris

1050 2151 1166 2188 eloquiis
1187 2151 1348 2179 claruerunt
1363 2162 1389 2177 ».

1130 2197 1271 2226 Secundus
1293 2196 1391 2225 modus
1421 2193 1576 2225 inveniendi
1605 2197 1646 2224 cst
1674 2203 1723 2232 per
1744 2203 1892 2223 excessum

1052 2244 1171 2273 sonoris.
1188 2244 1219 2272 Et
1234 2244 1285 2272 hoc
1300 2243 1460 2280 tripliciter:
1482 2251 1532 2279 per
1553 2250 1698 2271 excessum
1714 2242 1805 2279 primo
1819 2249 1892 2270 amo-

1052 2293 1090 2320 ris
1111 2291 1291 2328 suspirantis
1311 2291 1345 2319 ad
1366 2290 1505 2318 Christum
1538 2289 1748 2323 inveniendum,
1771 2288 1894 2316 Cantico-

1052 2347 1115 2367 rum
1137 2343 1233 2367 octavo
1248 2338 1287 2365 14;
1312 2337 1383 2373 Quis
1404 2336 1478 2365 milii
1491 2337 1537 2364 det
1552 2339 1575 2364 te
1589 2335 1716 2373 fratrem
1736 2343 1832 2364 meam
1846 2343 1896 2363 sit-

1051 2390 1159 2423 pentem
1176 2385 1267 2413 ubera
1281 2384 1387 2412 matris
1401 2392 1490 2417 meae,
1506 2386 1539 2411 at
1553 2382 1697 2411 inveniam
1715 2386 1739 2410 te
1753 2381 1828 2419 foris
1843 2384 1893 2410 etc.

1053 2451 1090 2455 »-
1112 2433 1245 2466 Secundo,
1267 2439 1316 2468 per
1338 2438 1484 2460 excessum
1506 2429 1607 2458 amoris
1628 2438 1644 2458 a
1664 2429 1767 2457 mundo
1798 2437 1895 2467 seque-

1052 2480 1192 2513 strcoitc‘.s=;
1213 2478 1347 2507 amicitia
1368 2477 1441 2507 enim
1462 2476 1552 2505 ineius
1572 2476 1678 2505 mandi
1704 2475 1827 2504 inimica
1854 2479 1895 2504 est

1057 2528 1113 2555 Dei.
1131 2527 1191 2555 ldeo
1205 2524 1332 2554 Matthaei
1348 2524 1453 2553 decimo
1472 2523 1569 2552 tertio:
1593 2523 1691 2552 Simile
1712 2525 1752 2551 est
1772 2530 1896 2560 regynnm

1054 2574 1200 2603 caelorum
1226 2571 1361 2600 thesauro
1390 2570 1556 2599 abscondito
1579 2569 1609 2598 in
1634 2577 1718 2606 ayro,
1738 2577 1821 2607 quent
1846 2569 1898 2607 qai

1119 2717 1128 2729 ¹³
1146 2719 1210 2740 Vei-s.
1229 2718 1249 2739 1,
1267 2717 1289 2738 3.
1306 2717 1332 2743 53
1350 2718 1369 2738 el
1383 2715 1435 2738 deIn
1448 2721 1467 2737 c.
1481 2714 1749 2742 8,17;Ecc11.6‚f18.et
1767 2714 1801 2736 Ps.
1819 2713 1866 2740 104,
1878 2713 1900 2735 4.

1118 2756 1127 2768 ⁹
1146 2757 1211 2779 Veis.
1229 2757 1249 2778 8.
1267 2762 1316 2784 seq.

1119 2796 1138 2808 ¹0
1155 2795 1201 2818 Cl'r.
1218 2796 1312 2821 Bonav.,
1331 2794 1362 2816 De
1379 2793 1476 2816 Rcduct.
1492 2793 1575 2815 artium
1588 2792 1615 2815 nd
1630 2791 1808 2820 Τ1100108.ιι.4.
1821 2795 1842 2813 et
1854 2790 1900 2813 Col-

1057 2837 1093 2858 lat.
1111 2836 1133 2858 in
1151 2834 1266 2860 hexaem„
1284 2834 1357 2856 collat.
1378 2833 1399 2855 4.

1121 2874 1138 2889 ¹¹
1156 2873 1217 2896 Lihr.
1234 2874 1249 2895 1.
1267 2874 1295 2896 <le
1314 2873 1422 2900 Sacram„
1440 2878 1462 2899 p.
1481 2872 1509 2893 X.
1527 2877 1546 2894 c.
1565 2872 1586 2893 2.

1121 2913 1139 2926 ¹³
1158 2914 1189 2935 Dc
1207 2912 1282 2934 Divin.
1299 2911 1387 2934 Nomin.
1406 2912 1421 2933 1.
1438 2917 1457 2933 c.
1479 2912 1496 2932 l.
1514 2910 1527 2939 ζ’,
1546 2911 1566 2932 3.

1121 2952 1139 2965 ¹⁴
1158 2953 1221 2974 Veis
1244 2953 1267 2979 1;
1284 2954 1412 2979 sequuntur
1430 2951 1472 2972 lac.
1490 2949 1511 2977 4,
1530 2949 1551 2971 4.
1568 2951 1590 2971 ct
1608 2949 1682 2971 Matth.
1702 2949 1738 2975 113,
1757 2948 1794 2970 lii.

1659 2869 1678 2882 ¹2
1696 2870 1762 2892 Veis
1783 2870 1817 2891 16.
1830 2872 1849 2891 ct
1864 2869 1900 2892 ⁵27.

1921 238 1948 257 De
1963 238 2026 257 studio

1896 262 1981 280 veritatis
1993 262 2028 281 tri-

1897 285 1978 309 pliciter.

1897 378 1968 397 Primo⁷

1898 657 1991 677 seeundo.

1906 1776 1977 1795 Tertio.

1913 2196 1940 2215 De
1961 2200 2039 2214 excessu

1921 2220 1991 2238 amoris
2007 2219 2040 2237 tri·

1922 2243 2004 2267 pliciter.

1909 2266 1981 2285 Primo.

1912 2429 2005 2449 Secundo.
