<?xml version="1.0" encoding="UTF-8"?>
<!DOCTYPE html PUBLIC "-//W3C//DTD XHTML 1.0 Transitional//EN"
    "http://www.w3.org/TR/xhtml1/DTD/xhtml1-transitional.dtd">
<html xmlns="http://www.w3.org/1999/xhtml" xml:lang="en" lang="en">
 <head>
  <title>
</title>
<meta http-equiv="Content-Type" content="text/html;charset=utf-8" />
  <meta name='ocr-system' content='tesseract 3.04.00' />
  <meta name='ocr-capabilities' content='ocr_page ocr_carea ocr_par ocr_line ocrx_word'/>
</head>
<body>
  <div class='ocr_page' id='page_1' title='image "./doctorisseraphic09bona/doctorisseraphic09bona_0041.png"; bbox 0 0 2243 3348; ppageno 0'>
   <div class='ocr_carea' id='block_1_1' title="bbox 871 126 1896 166">
    <p class='ocr_par' dir='ltr' id='par_1_1' title="bbox 871 126 1896 166">
     <span class='ocr_line' id='line_1_1' title="bbox 871 126 1896 166; baseline 0.012 -12"><span class='ocrx_word' id='word_1_1' title='bbox 871 126 930 154; x_wconf 75' lang='lat' dir='ltr'>ARS</span> <span class='ocrx_word' id='word_1_2' title='bbox 951 126 1183 156; x_wconf 83' lang='lat' dir='ltr'>CONCIONANDI.</span> <span class='ocrx_word' id='word_1_3' title='bbox 1862 138 1896 166; x_wconf 85' lang='lat'>13</span> 
     </span>
    </p>
   </div>
   <div class='ocr_carea' id='block_1_2' title="bbox 0 202 1003 2599">
    <p class='ocr_par' dir='ltr' id='par_1_2' title="bbox 0 202 1003 2599">
     <span class='ocr_line' id='line_1_2' title="bbox 226 202 1002 234; baseline 0.001 -7"><span class='ocrx_word' id='word_1_4' title='bbox 226 202 300 231; x_wconf 90' lang='lat' dir='ltr'>Item,</span> <span class='ocrx_word' id='word_1_5' title='bbox 319 202 473 233; x_wconf 73' lang='lat' dir='ltr'>proponatur</span> <span class='ocrx_word' id='word_1_6' title='bbox 487 202 549 227; x_wconf 89' lang='lat' dir='ltr'>illud</span> <span class='ocrx_word' id='word_1_7' title='bbox 563 202 664 227; x_wconf 77' lang='lat' dir='ltr'><strong>Genesis</strong></span> <span class='ocrx_word' id='word_1_8' title='bbox 683 203 802 234; x_wconf 81' lang='lat' dir='ltr'>vigesimo</span> <span class='ocrx_word' id='word_1_9' title='bbox 821 203 910 234; x_wconf 89' lang='lat' dir='ltr'>quarto</span> <span class='ocrx_word' id='word_1_10' title='bbox 922 202 943 228; x_wconf 85' lang='lat'>¹:</span> <span class='ocrx_word' id='word_1_11' title='bbox 958 204 1002 228; x_wconf 78' lang='lat' dir='ltr'>In-</span> 
     </span>
     <span class='ocr_line' id='line_1_3' title="bbox 34 244 1001 277; baseline 0 -7"><span class='ocrx_word' id='word_1_12' title='bbox 34 265 40 276; x_wconf 75' lang='lat'>,</span> <span class='ocrx_word' id='word_1_13' title='bbox 53 251 139 276; x_wconf 76' lang='lat' dir='ltr'>Quartum.</span> <span class='ocrx_word' id='word_1_14' title='bbox 155 245 273 277; x_wconf 75' lang='lat' dir='ltr'>qredere,</span> <span class='ocrx_word' id='word_1_15' title='bbox 294 245 418 270; x_wconf 74' lang='lat' dir='ltr'>benedicte</span> <span class='ocrx_word' id='word_1_16' title='bbox 435 245 494 276; x_wconf 86' lang='lat' dir='ltr'>Dei,</span> <span class='ocrx_word' id='word_1_17' title='bbox 508 253 555 270; x_wconf 82' lang='lat' dir='ltr'>cur</span> <span class='ocrx_word' id='word_1_18' title='bbox 567 244 631 275; x_wconf 77' lang='lat' dir='ltr'>foris</span> <span class='ocrx_word' id='word_1_19' title='bbox 650 245 725 270; x_wconf 75' lang='lat' dir='ltr'>stas?</span> <span class='ocrx_word' id='word_1_20' title='bbox 737 246 841 276; x_wconf 79' lang='lat' dir='ltr'>Mystice</span> <span class='ocrx_word' id='word_1_21' title='bbox 859 247 1001 277; x_wconf 81' lang='lat' dir='ltr'>exponendo</span> 
     </span>
     <span class='ocr_line' id='line_1_4' title="bbox 157 288 1002 319; baseline 0 -7"><span class='ocrx_word' id='word_1_22' title='bbox 157 289 185 313; x_wconf 87' lang='lat' dir='ltr'>de</span> <span class='ocrx_word' id='word_1_23' title='bbox 203 288 276 313; x_wconf 87' lang='lat' dir='ltr'>beato</span> <span class='ocrx_word' id='word_1_24' title='bbox 288 288 419 313; x_wconf 86' lang='lat' dir='ltr'>Benedicto</span> <span class='ocrx_word' id='word_1_25' title='bbox 433 288 541 312; x_wconf 88' lang='lat' dir='ltr'>dicetur:</span> <span class='ocrx_word' id='word_1_26' title='bbox 561 288 600 312; x_wconf 87' lang='lat' dir='ltr'>hic</span> <span class='ocrx_word' id='word_1_27' title='bbox 619 288 669 312; x_wconf 90' lang='lat' dir='ltr'>tria</span> <span class='ocrx_word' id='word_1_28' title='bbox 687 288 821 313; x_wconf 88' lang='lat' dir='ltr'>notantur:</span> <span class='ocrx_word' id='word_1_29' title='bbox 837 289 942 319; x_wconf 84' lang='lat' dir='ltr'>primum</span> <span class='ocrx_word' id='word_1_30' title='bbox 962 289 1002 313; x_wconf 85' lang='lat' dir='ltr'>at-</span> 
     </span>
     <span class='ocr_line' id='line_1_5' title="bbox 157 329 1002 361; baseline 0 -6"><span class='ocrx_word' id='word_1_31' title='bbox 157 331 276 355; x_wconf 90' lang='lat' dir='ltr'>tribuitur</span> <span class='ocrx_word' id='word_1_32' title='bbox 295 331 473 361; x_wconf 82' lang='lat' dir='ltr'>compassioni:</span> <span class='ocrx_word' id='word_1_33' title='bbox 493 337 539 355; x_wconf 81' lang='lat' dir='ltr'>cur</span> <span class='ocrx_word' id='word_1_34' title='bbox 557 329 623 360; x_wconf 73' lang='lat' dir='ltr'>foris</span> <span class='ocrx_word' id='word_1_35' title='bbox 635 330 710 355; x_wconf 76' lang='lat' dir='ltr'>stas?</span> <span class='ocrx_word' id='word_1_36' title='bbox 729 330 862 355; x_wconf 86' lang='lat' dir='ltr'>secundum</span> <span class='ocrx_word' id='word_1_37' title='bbox 882 338 1002 355; x_wconf 89' lang='lat' dir='ltr'>commen-</span> 
     </span>
     <span class='ocr_line' id='line_1_6' title="bbox 157 372 1000 404; baseline 0 -6"><span class='ocrx_word' id='word_1_38' title='bbox 157 373 261 398; x_wconf 90' lang='lat' dir='ltr'>dationi:</span> <span class='ocrx_word' id='word_1_39' title='bbox 282 373 408 397; x_wconf 75' lang='lat' dir='ltr'><em>benedicte</em></span> <span class='ocrx_word' id='word_1_40' title='bbox 428 373 477 397; x_wconf 83' lang='lat' dir='ltr'>Dei</span> <span class='ocrx_word' id='word_1_41' title='bbox 484 382 492 403; x_wconf 88' lang='lat'><em>;</em></span> <span class='ocrx_word' id='word_1_42' title='bbox 506 373 607 397; x_wconf 87' lang='lat' dir='ltr'>tertium</span> <span class='ocrx_word' id='word_1_43' title='bbox 623 372 830 398; x_wconf 70' lang='lat' dir='ltr'>remunerationi:</span> <span class='ocrx_word' id='word_1_44' title='bbox 854 373 1000 404; x_wconf 72' lang='lat' dir='ltr'>Inyredere.</span> 
     </span>
     <span class='ocr_line' id='line_1_7' title="bbox 156 416 1002 447; baseline 0 -7"><span class='ocrx_word' id='word_1_45' title='bbox 156 416 186 441; x_wconf 90' lang='lat' dir='ltr'>In</span> <span class='ocrx_word' id='word_1_46' title='bbox 205 417 374 447; x_wconf 76' lang='lat' dir='ltr'>compassione</span> <span class='ocrx_word' id='word_1_47' title='bbox 393 416 533 441; x_wconf 72' lang='lat' dir='ltr'>ostenditur</span> <span class='ocrx_word' id='word_1_48' title='bbox 551 416 642 447; x_wconf 79' lang='lat' dir='ltr'>pietas3</span> <span class='ocrx_word' id='word_1_49' title='bbox 656 416 681 440; x_wconf 91' lang='lat' dir='ltr'>in</span> <span class='ocrx_word' id='word_1_50' title='bbox 695 416 904 441; x_wconf 80' lang='lat' dir='ltr'>commendatione</span> <span class='ocrx_word' id='word_1_51' title='bbox 923 416 1002 441; x_wconf 88' lang='lat' dir='ltr'>Bene-</span> 
     </span>
     <span class='ocr_line' id='line_1_8' title="bbox 157 458 1002 490; baseline 0 -7"><span class='ocrx_word' id='word_1_52' title='bbox 157 459 214 484; x_wconf 86' lang='lat' dir='ltr'>dicti</span> <span class='ocrx_word' id='word_1_53' title='bbox 232 459 356 490; x_wconf 80' lang='lat' dir='ltr'>dignitas3</span> <span class='ocrx_word' id='word_1_54' title='bbox 375 459 418 483; x_wconf 82' lang='lat' dir='ltr'>sed</span> <span class='ocrx_word' id='word_1_55' title='bbox 435 459 460 483; x_wconf 93' lang='lat' dir='ltr'>in</span> <span class='ocrx_word' id='word_1_56' title='bbox 479 458 677 483; x_wconf 75' lang='lat' dir='ltr'>remuneratione</span> <span class='ocrx_word' id='word_1_57' title='bbox 697 459 742 483; x_wconf 88' lang='lat' dir='ltr'>Dei</span> <span class='ocrx_word' id='word_1_58' title='bbox 760 459 876 490; x_wconf 86' lang='lat' dir='ltr'>largitas.</span> <span class='ocrx_word' id='word_1_59' title='bbox 897 459 1002 490; x_wconf 89' lang='lat' dir='ltr'>Compa-</span> 
     </span>
     <span class='ocr_line' id='line_1_9' title="bbox 26 501 1000 533; baseline 0 -7"><span class='ocrx_word' id='word_1_60' title='bbox 26 501 29 514; x_wconf 73' lang='lat'><em>&#39;</em></span> <span class='ocrx_word' id='word_1_61' title='bbox 157 502 240 526; x_wconf 90' lang='lat' dir='ltr'>tienda</span> <span class='ocrx_word' id='word_1_62' title='bbox 258 502 312 526; x_wconf 87' lang='lat' dir='ltr'>erat</span> <span class='ocrx_word' id='word_1_63' title='bbox 331 502 355 526; x_wconf 92' lang='lat' dir='ltr'>in</span> <span class='ocrx_word' id='word_1_64' title='bbox 375 509 402 526; x_wconf 90' lang='lat' dir='ltr'>eo</span> <span class='ocrx_word' id='word_1_65' title='bbox 420 501 533 526; x_wconf 91' lang='lat' dir='ltr'>laborum</span> <span class='ocrx_word' id='word_1_66' title='bbox 553 502 671 533; x_wconf 87' lang='lat' dir='ltr'>augustia</span> <span class='ocrx_word' id='word_1_67' title='bbox 683 521 689 531; x_wconf 98' lang='lat'>,</span> <span class='ocrx_word' id='word_1_68' title='bbox 712 502 905 527; x_wconf 87' lang='lat' dir='ltr'>commendanda</span> <span class='ocrx_word' id='word_1_69' title='bbox 924 502 1000 526; x_wconf 86' lang='lat' dir='ltr'>virtu-</span> 
     </span>
     <span class='ocr_line' id='line_1_10' title="bbox 157 544 753 575; baseline 0 -7"><span class='ocrx_word' id='word_1_70' title='bbox 157 544 208 569; x_wconf 89' lang='lat' dir='ltr'>tum</span> <span class='ocrx_word' id='word_1_71' title='bbox 227 544 324 575; x_wconf 82' lang='lat' dir='ltr'>gratia,</span> <span class='ocrx_word' id='word_1_72' title='bbox 344 544 387 569; x_wconf 89' lang='lat' dir='ltr'>sed</span> <span class='ocrx_word' id='word_1_73' title='bbox 405 544 430 568; x_wconf 91' lang='lat' dir='ltr'>et</span> <span class='ocrx_word' id='word_1_74' title='bbox 448 544 630 569; x_wconf 87' lang='lat' dir='ltr'>remuneranda</span> <span class='ocrx_word' id='word_1_75' title='bbox 648 544 753 569; x_wconf 87' lang='lat' dir='ltr'>iustitia.</span> 
     </span>
     <span class='ocr_line' id='line_1_11' title="bbox 227 586 1000 618; baseline 0.001 -7"><span class='ocrx_word' id='word_1_76' title='bbox 227 587 339 612; x_wconf 80' lang='lat' dir='ltr'>Ponatur</span> <span class='ocrx_word' id='word_1_77' title='bbox 357 587 425 612; x_wconf 89' lang='lat' dir='ltr'>aliud</span> <span class='ocrx_word' id='word_1_78' title='bbox 444 587 582 618; x_wconf 80' lang='lat' dir='ltr'>exemplum</span> <span class='ocrx_word' id='word_1_79' title='bbox 602 587 686 612; x_wconf 84' lang='lat' dir='ltr'>Iacobi</span> <span class='ocrx_word' id='word_1_80' title='bbox 704 588 784 618; x_wconf 88' lang='lat' dir='ltr'>primo</span> <span class='ocrx_word' id='word_1_81' title='bbox 795 586 818 612; x_wconf 74' lang='lat'>²¹:</span> <span class='ocrx_word' id='word_1_82' title='bbox 833 588 868 612; x_wconf 76' lang='lat' dir='ltr'>In</span> <span class='ocrx_word' id='word_1_83' title='bbox 886 595 1000 612; x_wconf 83' lang='lat' dir='ltr'>mansue-</span> 
     </span>
     <span class='ocr_line' id='line_1_12' title="bbox 52 630 1000 662; baseline -0.001 -6"><span class='ocrx_word' id='word_1_84' title='bbox 52 633 139 658; x_wconf 76' lang='lat' dir='ltr'>Quintum.</span> <span class='ocrx_word' id='word_1_85' title='bbox 157 630 244 655; x_wconf 82' lang='lat' dir='ltr'>tudine</span> <span class='ocrx_word' id='word_1_86' title='bbox 262 630 383 661; x_wconf 76' lang='lat' dir='ltr'>suscipite</span> <span class='ocrx_word' id='word_1_87' title='bbox 401 630 509 654; x_wconf 79' lang='lat' dir='ltr'>insitum</span> <span class='ocrx_word' id='word_1_88' title='bbox 521 630 625 655; x_wconf 81' lang='lat' dir='ltr'>verbum</span> <span class='ocrx_word' id='word_1_89' title='bbox 633 649 640 662; x_wconf 72' lang='grc'>,</span> <span class='ocrx_word' id='word_1_90' title='bbox 654 631 723 661; x_wconf 79' lang='lat' dir='ltr'>quod</span> <span class='ocrx_word' id='word_1_91' title='bbox 729 631 817 661; x_wconf 75' lang='lat' dir='ltr'>potest</span> <span class='ocrx_word' id='word_1_92' title='bbox 828 630 930 655; x_wconf 80' lang='lat' dir='ltr'>salvare</span> <span class='ocrx_word' id='word_1_93' title='bbox 943 631 1000 655; x_wconf 87' lang='lat' dir='ltr'>ani-</span> 
     </span>
     <span class='ocr_line' id='line_1_13' title="bbox 156 673 1000 704; baseline 0 -6"><span class='ocrx_word' id='word_1_94' title='bbox 156 680 211 698; x_wconf 84' lang='lat' dir='ltr'>mas</span> <span class='ocrx_word' id='word_1_95' title='bbox 229 675 341 704; x_wconf 67' lang='lat' dir='ltr'>vestras,</span> <span class='ocrx_word' id='word_1_96' title='bbox 360 680 408 704; x_wconf 90' lang='lat' dir='ltr'>quo</span> <span class='ocrx_word' id='word_1_97' title='bbox 427 673 564 704; x_wconf 80' lang='lat' dir='ltr'>Apostolus</span> <span class='ocrx_word' id='word_1_98' title='bbox 583 673 700 698; x_wconf 82' lang='lat' dir='ltr'>hortatur</span> <span class='ocrx_word' id='word_1_99' title='bbox 719 681 764 698; x_wconf 87' lang='lat' dir='ltr'>nos</span> <span class='ocrx_word' id='word_1_100' title='bbox 783 673 815 698; x_wconf 84' lang='lat' dir='ltr'>ad</span> <span class='ocrx_word' id='word_1_101' title='bbox 833 673 902 698; x_wconf 88' lang='lat' dir='ltr'>verbi</span> <span class='ocrx_word' id='word_1_102' title='bbox 921 681 1000 698; x_wconf 86' lang='lat' dir='ltr'>susce-</span> 
     </span>
     <span class='ocr_line' id='line_1_14' title="bbox 156 716 1000 748; baseline 0 -7"><span class='ocrx_word' id='word_1_103' title='bbox 156 717 278 748; x_wconf 89' lang='lat' dir='ltr'>ptionem:</span> <span class='ocrx_word' id='word_1_104' title='bbox 298 716 434 747; x_wconf 67' lang='lat' dir='ltr'>suscipite,-</span> <span class='ocrx_word' id='word_1_105' title='bbox 453 717 524 747; x_wconf 90' lang='lat' dir='ltr'>ponit</span> <span class='ocrx_word' id='word_1_106' title='bbox 536 717 735 748; x_wconf 83' lang='lat' dir='ltr'>dispositionem:</span> <span class='ocrx_word' id='word_1_107' title='bbox 749 717 778 741; x_wconf 84' lang='lat' dir='ltr'>in</span> <span class='ocrx_word' id='word_1_108' title='bbox 789 717 1000 747; x_wconf 76' lang='lat' dir='ltr'>mansuetudine,-</span> 
     </span>
     <span class='ocr_line' id='line_1_15' title="bbox 155 759 1000 791; baseline 0 -6"><span class='ocrx_word' id='word_1_109' title='bbox 155 760 180 785; x_wconf 88' lang='lat' dir='ltr'>et</span> <span class='ocrx_word' id='word_1_110' title='bbox 198 760 272 785; x_wconf 87' lang='lat' dir='ltr'>tertio</span> <span class='ocrx_word' id='word_1_111' title='bbox 291 759 420 791; x_wconf 86' lang='lat' dir='ltr'>subiungit</span> <span class='ocrx_word' id='word_1_112' title='bbox 439 760 572 785; x_wconf 87' lang='lat' dir='ltr'>rationem:</span> <span class='ocrx_word' id='word_1_113' title='bbox 594 759 664 791; x_wconf 75' lang='lat' dir='ltr'>quod</span> <span class='ocrx_word' id='word_1_114' title='bbox 676 761 762 790; x_wconf 72' lang='lat' dir='ltr'>potest</span> <span class='ocrx_word' id='word_1_115' title='bbox 778 759 880 784; x_wconf 69' lang='lat' dir='ltr'>salvare</span> <span class='ocrx_word' id='word_1_116' title='bbox 899 760 1000 785; x_wconf 69' lang='lat' dir='ltr'>aoiimas</span> 
     </span>
     <span class='ocr_line' id='line_1_16' title="bbox 16 803 258 827; baseline -0.004 0"><span class='ocrx_word' id='word_1_117' title='bbox 16 813 19 827; x_wconf 84' lang='grc'>1</span> <span class='ocrx_word' id='word_1_118' title='bbox 155 803 258 827; x_wconf 78' lang='lat' dir='ltr'>vestras.</span> 
     </span>
     <span class='ocr_line' id='line_1_17' title="bbox 225 844 1000 876; baseline 0.001 -7"><span class='ocrx_word' id='word_1_119' title='bbox 225 845 298 874; x_wconf 85' lang='lat' dir='ltr'>Item,</span> <span class='ocrx_word' id='word_1_120' title='bbox 318 845 427 876; x_wconf 88' lang='lat' dir='ltr'>ponatur</span> <span class='ocrx_word' id='word_1_121' title='bbox 445 845 507 870; x_wconf 91' lang='lat' dir='ltr'>illud</span> <span class='ocrx_word' id='word_1_122' title='bbox 526 845 557 869; x_wconf 90' lang='lat' dir='ltr'>ad</span> <span class='ocrx_word' id='word_1_123' title='bbox 570 845 697 870; x_wconf 86' lang='lat' dir='ltr'>Hebraeos</span> <span class='ocrx_word' id='word_1_124' title='bbox 709 852 774 870; x_wconf 92' lang='lat' dir='ltr'>nono</span> <span class='ocrx_word' id='word_1_125' title='bbox 785 844 807 869; x_wconf 77' lang='lat'>³:</span> <span class='ocrx_word' id='word_1_126' title='bbox 826 844 946 870; x_wconf 78' lang='lat' dir='ltr'>Christus</span> <span class='ocrx_word' id='word_1_127' title='bbox 959 853 1000 870; x_wconf 75' lang='lat' dir='ltr'>as-</span> 
     </span>
     <span class='ocr_line' id='line_1_18' title="bbox 60 887 1000 919; baseline 0 -6"><span class='ocrx_word' id='word_1_128' title='bbox 60 890 138 909; x_wconf 69' lang='lat' dir='ltr'>Sfflssffl-</span> <span class='ocrx_word' id='word_1_129' title='bbox 154 888 245 913; x_wconf 82' lang='lat' dir='ltr'>sistens</span> <span class='ocrx_word' id='word_1_130' title='bbox 267 887 390 918; x_wconf 74' lang='lat' dir='ltr'>Pontifex</span> <span class='ocrx_word' id='word_1_131' title='bbox 416 887 565 917; x_wconf 81' lang='lat' dir='ltr'>futurorum</span> <span class='ocrx_word' id='word_1_132' title='bbox 594 888 732 919; x_wconf 87' lang='lat' dir='ltr'>bonorum,</span> <span class='ocrx_word' id='word_1_133' title='bbox 760 888 861 913; x_wconf 86' lang='lat' dir='ltr'>dicendo</span> <span class='ocrx_word' id='word_1_134' title='bbox 884 889 932 913; x_wconf 85' lang='lat' dir='ltr'>sic:</span> <span class='ocrx_word' id='word_1_135' title='bbox 960 888 1000 913; x_wconf 92' lang='lat' dir='ltr'>hic</span> 
     </span>
     <span class='ocr_line' id='line_1_19' title="bbox 155 931 998 963; baseline 0.001 -8"><span class='ocrx_word' id='word_1_136' title='bbox 155 931 340 956; x_wconf 88' lang='lat' dir='ltr'>commendatur</span> <span class='ocrx_word' id='word_1_137' title='bbox 372 931 535 956; x_wconf 84' lang='lat' dir='ltr'>sacerdotium</span> <span class='ocrx_word' id='word_1_138' title='bbox 563 931 656 956; x_wconf 77' lang='lat' dir='ltr'>Christi</span> <span class='ocrx_word' id='word_1_139' title='bbox 688 939 703 955; x_wconf 87' lang='lat' dir='ltr'>a</span> <span class='ocrx_word' id='word_1_140' title='bbox 734 931 831 963; x_wconf 85' lang='lat' dir='ltr'>gratiae</span> <span class='ocrx_word' id='word_1_141' title='bbox 863 931 978 956; x_wconf 89' lang='lat' dir='ltr'>unctione</span> <span class='ocrx_word' id='word_1_142' title='bbox 993 941 998 956; x_wconf 95' lang='lat'>:</span> 
     </span>
     <span class='ocr_line' id='line_1_20' title="bbox 159 972 1000 1005; baseline 0.001 -7"><span class='ocrx_word' id='word_1_143' title='bbox 159 972 294 1003; x_wconf 83' lang='lat' dir='ltr'>Christus;</span> <span class='ocrx_word' id='word_1_144' title='bbox 311 981 325 998; x_wconf 89' lang='lat' dir='ltr'>a</span> <span class='ocrx_word' id='word_1_145' title='bbox 345 974 534 1005; x_wconf 84' lang='lat' dir='ltr'>propitiatione:</span> <span class='ocrx_word' id='word_1_146' title='bbox 561 975 697 1004; x_wconf 81' lang='lat' dir='ltr'>assistens,·</span> <span class='ocrx_word' id='word_1_147' title='bbox 716 982 731 999; x_wconf 90' lang='lat' dir='ltr'>a</span> <span class='ocrx_word' id='word_1_148' title='bbox 749 974 911 999; x_wconf 84' lang='lat' dir='ltr'>mediatione:</span> <span class='ocrx_word' id='word_1_149' title='bbox 931 975 1000 999; x_wconf 85' lang='lat' dir='ltr'>Pon-</span> 
     </span>
     <span class='ocr_line' id='line_1_21' title="bbox 156 1016 928 1048; baseline 0 -7"><span class='ocrx_word' id='word_1_150' title='bbox 156 1016 232 1047; x_wconf 74' lang='lat' dir='ltr'>tifex;</span> <span class='ocrx_word' id='word_1_151' title='bbox 250 1017 275 1041; x_wconf 89' lang='lat' dir='ltr'>et</span> <span class='ocrx_word' id='word_1_152' title='bbox 294 1025 308 1041; x_wconf 90' lang='lat' dir='ltr'>a</span> <span class='ocrx_word' id='word_1_153' title='bbox 327 1017 447 1042; x_wconf 87' lang='lat' dir='ltr'>donorum</span> <span class='ocrx_word' id='word_1_154' title='bbox 465 1016 612 1048; x_wconf 82' lang='lat' dir='ltr'>largitione:</span> <span class='ocrx_word' id='word_1_155' title='bbox 632 1016 781 1047; x_wconf 80' lang='lat' dir='ltr'>futurorum</span> <span class='ocrx_word' id='word_1_156' title='bbox 794 1018 928 1042; x_wconf 83' lang='lat' dir='ltr'>bonorum.</span> 
     </span>
     <span class='ocr_line' id='line_1_22' title="bbox 13 1060 999 1091; baseline -0.001 -5"><span class='ocrx_word' id='word_1_157' title='bbox 13 1083 14 1086; x_wconf 74' lang='grc'>,</span> <span class='ocrx_word' id='word_1_158' title='bbox 225 1060 343 1085; x_wconf 86' lang='lat' dir='ltr'>Similiter</span> <span class='ocrx_word' id='word_1_159' title='bbox 361 1060 423 1084; x_wconf 86' lang='lat' dir='ltr'>illud</span> <span class='ocrx_word' id='word_1_160' title='bbox 442 1060 473 1084; x_wconf 89' lang='lat' dir='ltr'>ad</span> <span class='ocrx_word' id='word_1_161' title='bbox 501 1060 622 1091; x_wconf 85' lang='lat' dir='ltr'>Ephesios</span> <span class='ocrx_word' id='word_1_162' title='bbox 646 1060 770 1091; x_wconf 68' lang='lat' dir='ltr'>quarto‘:</span> <span class='ocrx_word' id='word_1_163' title='bbox 795 1060 938 1091; x_wconf 73' lang='lat' dir='ltr'>Unicuique</span> <span class='ocrx_word' id='word_1_164' title='bbox 957 1068 999 1085; x_wconf 91' lang='lat' dir='ltr'>no-</span> 
     </span>
     <span class='ocr_line' id='line_1_23' title="bbox 9 1102 1000 1134; baseline 0.001 -7"><span class='ocrx_word' id='word_1_165' title='bbox 9 1120 10 1133; x_wconf 53' lang='lat'>2</span> <span class='ocrx_word' id='word_1_166' title='bbox 36 1103 138 1127; x_wconf 67' lang='lat' dir='ltr'>septimum.</span> <span class='ocrx_word' id='word_1_167' title='bbox 155 1103 238 1127; x_wconf 84' lang='lat' dir='ltr'>strum</span> <span class='ocrx_word' id='word_1_168' title='bbox 257 1102 320 1127; x_wconf 83' lang='lat' dir='ltr'>data</span> <span class='ocrx_word' id='word_1_169' title='bbox 348 1104 384 1127; x_wconf 87' lang='lat' dir='ltr'>est</span> <span class='ocrx_word' id='word_1_170' title='bbox 408 1104 497 1134; x_wconf 73' lang='lat' dir='ltr'>=qratia</span> <span class='ocrx_word' id='word_1_171' title='bbox 523 1103 661 1128; x_wconf 79' lang='lat' dir='ltr'>secundum</span> <span class='ocrx_word' id='word_1_172' title='bbox 685 1110 832 1128; x_wconf 85' lang='lat' dir='ltr'>mensuram</span> <span class='ocrx_word' id='word_1_173' title='bbox 851 1103 1000 1128; x_wconf 72' lang='lat' dir='ltr'>donationis</span> 
     </span>
     <span class='ocr_line' id='line_1_24' title="bbox 159 1144 1000 1177; baseline 0 -7"><span class='ocrx_word' id='word_1_174' title='bbox 159 1144 274 1176; x_wconf 55' lang='lat' dir='ltr'>carisa,-</span> <span class='ocrx_word' id='word_1_175' title='bbox 293 1146 388 1170; x_wconf 86' lang='lat' dir='ltr'>dicetur</span> <span class='ocrx_word' id='word_1_176' title='bbox 408 1147 455 1171; x_wconf 90' lang='lat' dir='ltr'>sic:</span> <span class='ocrx_word' id='word_1_177' title='bbox 479 1146 665 1171; x_wconf 89' lang='lat' dir='ltr'>commendatur</span> <span class='ocrx_word' id='word_1_178' title='bbox 683 1146 723 1170; x_wconf 89' lang='lat' dir='ltr'>hic</span> <span class='ocrx_word' id='word_1_179' title='bbox 750 1146 833 1177; x_wconf 84' lang='lat' dir='ltr'>gratia</span> <span class='ocrx_word' id='word_1_180' title='bbox 852 1146 946 1170; x_wconf 85' lang='lat' dir='ltr'>Christi</span> <span class='ocrx_word' id='word_1_181' title='bbox 968 1146 1000 1171; x_wconf 90' lang='lat' dir='ltr'>ab</span> 
     </span>
     <span class='ocr_line' id='line_1_25' title="bbox 155 1188 1000 1220; baseline 0.001 -7"><span class='ocrx_word' id='word_1_182' title='bbox 155 1188 308 1214; x_wconf 83' lang='lat' dir='ltr'>extensione:</span> <span class='ocrx_word' id='word_1_183' title='bbox 328 1189 465 1220; x_wconf 78' lang='lat' dir='ltr'>unicuique</span> <span class='ocrx_word' id='word_1_184' title='bbox 483 1190 613 1220; x_wconf 84' lang='lat' dir='ltr'>nostrum,</span> <span class='ocrx_word' id='word_1_185' title='bbox 634 1189 727 1214; x_wconf 86' lang='lat' dir='ltr'>scilicet</span> <span class='ocrx_word' id='word_1_186' title='bbox 746 1189 816 1214; x_wconf 86' lang='lat' dir='ltr'>bonis</span> <span class='ocrx_word' id='word_1_187' title='bbox 835 1190 860 1213; x_wconf 84' lang='lat' dir='ltr'>et</span> <span class='ocrx_word' id='word_1_188' title='bbox 878 1189 965 1219; x_wconf 73' lang='lat' dir='ltr'>malis3</span> <span class='ocrx_word' id='word_1_189' title='bbox 985 1196 1000 1214; x_wconf 90' lang='lat' dir='ltr'>a</span> 
     </span>
     <span class='ocr_line' id='line_1_26' title="bbox 155 1232 1000 1263; baseline 0 -7"><span class='ocrx_word' id='word_1_190' title='bbox 155 1232 302 1263; x_wconf 82' lang='lat' dir='ltr'>largitione:</span> <span class='ocrx_word' id='word_1_191' title='bbox 323 1232 387 1256; x_wconf 84' lang='lat' dir='ltr'>data</span> <span class='ocrx_word' id='word_1_192' title='bbox 404 1233 449 1263; x_wconf 85' lang='lat' dir='ltr'>est,</span> <span class='ocrx_word' id='word_1_193' title='bbox 469 1239 517 1257; x_wconf 89' lang='lat' dir='ltr'>non</span> <span class='ocrx_word' id='word_1_194' title='bbox 538 1232 674 1262; x_wconf 68' lang='lat' dir='ltr'>divendita:</span> <span class='ocrx_word' id='word_1_195' title='bbox 696 1232 721 1256; x_wconf 91' lang='lat' dir='ltr'>et</span> <span class='ocrx_word' id='word_1_196' title='bbox 739 1232 770 1257; x_wconf 86' lang='lat' dir='ltr'>ab</span> <span class='ocrx_word' id='word_1_197' title='bbox 784 1232 952 1257; x_wconf 88' lang='lat' dir='ltr'>ordinatione:</span> <span class='ocrx_word' id='word_1_198' title='bbox 966 1239 1000 1257; x_wconf 81' lang='lat' dir='ltr'>se-</span> 
     </span>
     <span class='ocr_line' id='line_1_27' title="bbox 155 1274 725 1300; baseline 0.002 -1"><span class='ocrx_word' id='word_1_199' title='bbox 155 1274 266 1299; x_wconf 81' lang='lat' dir='ltr'>cundum</span> <span class='ocrx_word' id='word_1_200' title='bbox 284 1282 431 1300; x_wconf 79' lang='lat' dir='ltr'>mensuram</span> <span class='ocrx_word' id='word_1_201' title='bbox 449 1276 597 1300; x_wconf 80' lang='lat' dir='ltr'>donationis</span> <span class='ocrx_word' id='word_1_202' title='bbox 619 1274 725 1300; x_wconf 76' lang='lat' dir='ltr'>Christi.</span> 
     </span>
     <span class='ocr_line' id='line_1_28' title="bbox 225 1318 1001 1350; baseline 0.001 -8"><span class='ocrx_word' id='word_1_203' title='bbox 225 1318 267 1342; x_wconf 84' lang='lat'>20.</span> <span class='ocrx_word' id='word_1_204' title='bbox 287 1318 398 1343; x_wconf 86' lang='lat' dir='ltr'>Ulterius</span> <span class='ocrx_word' id='word_1_205' title='bbox 417 1318 616 1343; x_wconf 75' lang='lat' dir='ltr'>diversificantur</span> <span class='ocrx_word' id='word_1_206' title='bbox 635 1319 747 1350; x_wconf 85' lang='lat' dir='ltr'>exempla</span> <span class='ocrx_word' id='word_1_207' title='bbox 772 1319 796 1343; x_wconf 91' lang='lat' dir='ltr'>in</span> <span class='ocrx_word' id='word_1_208' title='bbox 816 1319 896 1343; x_wconf 91' lang='lat' dir='ltr'>altera</span> <span class='ocrx_word' id='word_1_209' title='bbox 921 1319 1001 1343; x_wconf 82' lang='lat' dir='ltr'>forma</span> 
     </span>
     <span class='ocr_line' id='line_1_29' title="bbox 31 1359 1001 1403; baseline 0.001 -18"><span class='ocrx_word' id='word_1_210' title='bbox 31 1359 139 1403; x_wconf 46' lang='grc' dir='ltr'>Αξὲῇὴέῡῆἑῑξὸ</span> <span class='ocrx_word' id='word_1_211' title='bbox 155 1361 264 1400; x_wconf 64' lang='lat' dir='ltr'>verbali,⁴</span> <span class='ocrx_word' id='word_1_212' title='bbox 277 1361 302 1386; x_wconf 92' lang='lat' dir='ltr'>et</span> <span class='ocrx_word' id='word_1_213' title='bbox 321 1361 429 1392; x_wconf 89' lang='lat' dir='ltr'>ponatur</span> <span class='ocrx_word' id='word_1_214' title='bbox 447 1362 509 1386; x_wconf 89' lang='lat' dir='ltr'>illud</span> <span class='ocrx_word' id='word_1_215' title='bbox 538 1361 633 1386; x_wconf 85' lang='lat' dir='ltr'>Psalmi</span> <span class='ocrx_word' id='word_1_216' title='bbox 644 1361 664 1386; x_wconf 86' lang='lat'>⁵:</span> <span class='ocrx_word' id='word_1_217' title='bbox 686 1361 820 1393; x_wconf 76' lang='lat' dir='ltr'>Speciosus</span> <span class='ocrx_word' id='word_1_218' title='bbox 839 1361 926 1391; x_wconf 78' lang='lat' dir='ltr'>forma</span> <span class='ocrx_word' id='word_1_219' title='bbox 936 1369 1001 1392; x_wconf 81' lang='lat' dir='ltr'>prae</span> 
     </span>
     <span class='ocr_line' id='line_1_30' title="bbox 0 1403 1001 1437; baseline -0.001 -7"><span class='ocrx_word' id='word_1_220' title='bbox 0 1411 3 1415; x_wconf 91' lang='lat'>·</span> <span class='ocrx_word' id='word_1_221' title='bbox 34 1407 135 1434; x_wconf 59' lang='lat' dir='ltr'>Exemplum</span> <span class='ocrx_word' id='word_1_222' title='bbox 155 1403 219 1434; x_wconf 75' lang='lat' dir='ltr'>filiis</span> <span class='ocrx_word' id='word_1_223' title='bbox 238 1404 383 1435; x_wconf 85' lang='lat' dir='ltr'>hominum,</span> <span class='ocrx_word' id='word_1_224' title='bbox 404 1404 501 1434; x_wconf 76' lang='lat' dir='ltr'>diffusa</span> <span class='ocrx_word' id='word_1_225' title='bbox 519 1406 556 1430; x_wconf 88' lang='lat' dir='ltr'>est</span> <span class='ocrx_word' id='word_1_226' title='bbox 571 1405 661 1437; x_wconf 73' lang='lat' dir='ltr'>qratia</span> <span class='ocrx_word' id='word_1_227' title='bbox 675 1405 702 1429; x_wconf 86' lang='lat' dir='ltr'>in</span> <span class='ocrx_word' id='word_1_228' title='bbox 716 1405 794 1430; x_wconf 84' lang='lat' dir='ltr'>labiis</span> <span class='ocrx_word' id='word_1_229' title='bbox 807 1406 866 1430; x_wconf 87' lang='lat' dir='ltr'>tuis.</span> <span class='ocrx_word' id='word_1_230' title='bbox 880 1405 927 1429; x_wconf 93' lang='lat' dir='ltr'>Hic</span> <span class='ocrx_word' id='word_1_231' title='bbox 940 1412 1001 1430; x_wconf 88' lang='lat' dir='ltr'>com-</span> 
     </span>
     <span class='ocr_line' id='line_1_31' title="bbox 0 1435 1002 1479; baseline 0.001 -8"><span class='ocrx_word' id='word_1_232' title='bbox 0 1442 1 1445; x_wconf 37' lang='lat'><em>*</em></span> <span class='ocrx_word' id='word_1_233' title='bbox 43 1435 124 1455; x_wconf 78' lang='lat' dir='ltr'>pnmum.</span> <span class='ocrx_word' id='word_1_234' title='bbox 155 1447 286 1472; x_wconf 88' lang='lat' dir='ltr'>mendatur</span> <span class='ocrx_word' id='word_1_235' title='bbox 304 1447 420 1472; x_wconf 83' lang='lat' dir='ltr'>Christus</span> <span class='ocrx_word' id='word_1_236' title='bbox 439 1447 586 1479; x_wconf 75' lang='lat' dir='ltr'>tripliciter:</span> <span class='ocrx_word' id='word_1_237' title='bbox 606 1448 685 1479; x_wconf 89' lang='lat' dir='ltr'>primo</span> <span class='ocrx_word' id='word_1_238' title='bbox 703 1455 718 1472; x_wconf 91' lang='lat' dir='ltr'>a</span> <span class='ocrx_word' id='word_1_239' title='bbox 745 1448 854 1472; x_wconf 85' lang='lat' dir='ltr'>mirabili</span> <span class='ocrx_word' id='word_1_240' title='bbox 882 1448 1002 1479; x_wconf 84' lang='lat' dir='ltr'>pulcritu-</span> 
     </span>
     <span class='ocr_line' id='line_1_32' title="bbox 154 1489 1002 1522; baseline 0.001 -8"><span class='ocrx_word' id='word_1_241' title='bbox 154 1489 223 1515; x_wconf 88' lang='lat' dir='ltr'>dine:</span> <span class='ocrx_word' id='word_1_242' title='bbox 244 1489 379 1521; x_wconf 70' lang='lat' dir='ltr'>Speciosus</span> <span class='ocrx_word' id='word_1_243' title='bbox 396 1490 498 1521; x_wconf 80' lang='lat' dir='ltr'>forma,·</span> <span class='ocrx_word' id='word_1_244' title='bbox 517 1491 623 1516; x_wconf 88' lang='lat' dir='ltr'>secundo</span> <span class='ocrx_word' id='word_1_245' title='bbox 650 1491 682 1515; x_wconf 87' lang='lat' dir='ltr'>ab</span> <span class='ocrx_word' id='word_1_246' title='bbox 701 1491 889 1522; x_wconf 84' lang='lat' dir='ltr'>incomparabili</span> <span class='ocrx_word' id='word_1_247' title='bbox 908 1492 1002 1522; x_wconf 81' lang='lat' dir='ltr'>magni-</span> 
     </span>
     <span class='ocr_line' id='line_1_33' title="bbox 154 1533 1000 1565; baseline 0.001 -8"><span class='ocrx_word' id='word_1_248' title='bbox 154 1533 252 1558; x_wconf 88' lang='lat' dir='ltr'>tudine:</span> <span class='ocrx_word' id='word_1_249' title='bbox 267 1540 335 1564; x_wconf 75' lang='lat' dir='ltr'>prae</span> <span class='ocrx_word' id='word_1_250' title='bbox 353 1533 416 1563; x_wconf 71' lang='lat' dir='ltr'>filiis</span> <span class='ocrx_word' id='word_1_251' title='bbox 435 1534 584 1564; x_wconf 54' lang='lat' dir='ltr'>hominunm</span> <span class='ocrx_word' id='word_1_252' title='bbox 602 1533 676 1558; x_wconf 89' lang='lat' dir='ltr'>tertio</span> <span class='ocrx_word' id='word_1_253' title='bbox 690 1541 704 1558; x_wconf 91' lang='lat' dir='ltr'>a</span> <span class='ocrx_word' id='word_1_254' title='bbox 717 1534 814 1565; x_wconf 85' lang='lat' dir='ltr'>gratiae</span> <span class='ocrx_word' id='word_1_255' title='bbox 833 1534 1000 1564; x_wconf 85' lang='lat' dir='ltr'>plenitudine:</span> 
     </span>
     <span class='ocr_line' id='line_1_34' title="bbox 155 1575 636 1608; baseline 0.002 -8"><span class='ocrx_word' id='word_1_256' title='bbox 155 1575 251 1606; x_wconf 81' lang='lat' dir='ltr'>diffusa</span> <span class='ocrx_word' id='word_1_257' title='bbox 270 1577 307 1601; x_wconf 90' lang='lat' dir='ltr'>est</span> <span class='ocrx_word' id='word_1_258' title='bbox 324 1577 415 1608; x_wconf 73' lang='lat' dir='ltr'>qratia</span> <span class='ocrx_word' id='word_1_259' title='bbox 432 1577 462 1601; x_wconf 82' lang='lat' dir='ltr'>in</span> <span class='ocrx_word' id='word_1_260' title='bbox 481 1577 558 1601; x_wconf 86' lang='lat' dir='ltr'>labiis</span> <span class='ocrx_word' id='word_1_261' title='bbox 577 1577 636 1602; x_wconf 78' lang='lat' dir='ltr'>tuis.</span> 
     </span>
     <span class='ocr_line' id='line_1_35' title="bbox 224 1618 1001 1645; baseline 0.001 -2"><span class='ocrx_word' id='word_1_262' title='bbox 224 1618 271 1644; x_wconf 89' lang='lat' dir='ltr'>Vel</span> <span class='ocrx_word' id='word_1_263' title='bbox 293 1619 356 1643; x_wconf 88' lang='lat' dir='ltr'>illud</span> <span class='ocrx_word' id='word_1_264' title='bbox 384 1619 459 1643; x_wconf 89' lang='lat' dir='ltr'>etiam</span> <span class='ocrx_word' id='word_1_265' title='bbox 487 1619 595 1644; x_wconf 88' lang='lat' dir='ltr'>eiusdem</span> <span class='ocrx_word' id='word_1_266' title='bbox 623 1618 751 1644; x_wconf 77' lang='lat' dir='ltr'>Psalmi⁸:</span> <span class='ocrx_word' id='word_1_267' title='bbox 785 1618 931 1645; x_wconf 77' lang='lat' dir='ltr'>Constitues</span> <span class='ocrx_word' id='word_1_268' title='bbox 959 1627 1001 1645; x_wconf 92' lang='lat' dir='ltr'>eos</span> 
     </span>
     <span class='ocr_line' id='line_1_36' title="bbox 31 1660 1001 1694; baseline 0.002 -8"><span class='ocrx_word' id='word_1_269' title='bbox 31 1660 137 1680; x_wconf 69' lang='lat' dir='ltr'>Secundum.</span> <span class='ocrx_word' id='word_1_270' title='bbox 151 1662 283 1693; x_wconf 76' lang='lat' dir='ltr'>principes</span> <span class='ocrx_word' id='word_1_271' title='bbox 301 1669 379 1693; x_wconf 72' lang='lat' dir='ltr'>super</span> <span class='ocrx_word' id='word_1_272' title='bbox 400 1670 497 1687; x_wconf 85' lang='lat' dir='ltr'>omnem</span> <span class='ocrx_word' id='word_1_273' title='bbox 521 1663 623 1694; x_wconf 83' lang='lat' dir='ltr'>terram,</span> <span class='ocrx_word' id='word_1_274' title='bbox 646 1670 768 1687; x_wconf 79' lang='lat' dir='ltr'>memores</span> <span class='ocrx_word' id='word_1_275' title='bbox 790 1664 866 1687; x_wconf 83' lang='lat' dir='ltr'>erunt</span> <span class='ocrx_word' id='word_1_276' title='bbox 888 1663 1001 1688; x_wconf 84' lang='lat' dir='ltr'>nominis</span> 
     </span>
     <span class='ocr_line' id='line_1_37' title="bbox 156 1705 1001 1738; baseline 0.001 -9"><span class='ocrx_word' id='word_1_277' title='bbox 156 1706 206 1736; x_wconf 90' lang='lat' dir='ltr'>tui,</span> <span class='ocrx_word' id='word_1_278' title='bbox 225 1705 349 1736; x_wconf 82' lang='lat' dir='ltr'>Domine,</span> <span class='ocrx_word' id='word_1_279' title='bbox 369 1706 397 1730; x_wconf 84' lang='lat' dir='ltr'>in</span> <span class='ocrx_word' id='word_1_280' title='bbox 416 1706 487 1730; x_wconf 88' lang='lat' dir='ltr'>omni</span> <span class='ocrx_word' id='word_1_281' title='bbox 504 1706 669 1737; x_wconf 66' lang='lat' dir='ltr'>=aenei-atione</span> <span class='ocrx_word' id='word_1_282' title='bbox 688 1707 712 1730; x_wconf 89' lang='lat' dir='ltr'>et</span> <span class='ocrx_word' id='word_1_283' title='bbox 730 1706 935 1738; x_wconf 74' lang='lat' dir='ltr'>yenerationem;</span> <span class='ocrx_word' id='word_1_284' title='bbox 953 1713 1001 1737; x_wconf 89' lang='lat' dir='ltr'>quo</span> 
     </span>
     <span class='ocr_line' id='line_1_38' title="bbox 154 1748 1002 1781; baseline 0.001 -8"><span class='ocrx_word' id='word_1_285' title='bbox 154 1748 339 1773; x_wconf 88' lang='lat' dir='ltr'>commendatur</span> <span class='ocrx_word' id='word_1_286' title='bbox 368 1749 524 1780; x_wconf 85' lang='lat' dir='ltr'>principatus</span> <span class='ocrx_word' id='word_1_287' title='bbox 549 1749 727 1780; x_wconf 86' lang='lat' dir='ltr'>Apostolorum</span> <span class='ocrx_word' id='word_1_288' title='bbox 755 1757 770 1774; x_wconf 90' lang='lat' dir='ltr'>a</span> <span class='ocrx_word' id='word_1_289' title='bbox 798 1750 892 1781; x_wconf 86' lang='lat' dir='ltr'>triplici</span> <span class='ocrx_word' id='word_1_290' title='bbox 922 1749 1002 1775; x_wconf 87' lang='lat' dir='ltr'>condi—</span> 
     </span>
     <span class='ocr_line' id='line_1_39' title="bbox 155 1791 1001 1821; baseline 0.001 -5"><span class='ocrx_word' id='word_1_291' title='bbox 155 1791 232 1821; x_wconf 84' lang='lat' dir='ltr'>tione,</span> <span class='ocrx_word' id='word_1_292' title='bbox 253 1792 346 1816; x_wconf 87' lang='lat' dir='ltr'>scilicet</span> <span class='ocrx_word' id='word_1_293' title='bbox 373 1792 404 1816; x_wconf 90' lang='lat' dir='ltr'>ab</span> <span class='ocrx_word' id='word_1_294' title='bbox 432 1792 590 1818; x_wconf 82' lang='lat' dir='ltr'>auctoritatis</span> <span class='ocrx_word' id='word_1_295' title='bbox 615 1793 761 1818; x_wconf 83' lang='lat' dir='ltr'>altitudine:</span> <span class='ocrx_word' id='word_1_296' title='bbox 794 1792 938 1818; x_wconf 84' lang='lat' dir='ltr'>Oonstitues</span> <span class='ocrx_word' id='word_1_297' title='bbox 960 1800 1001 1818; x_wconf 83' lang='lat' dir='ltr'>eos</span> 
     </span>
     <span class='ocr_line' id='line_1_40' title="bbox 150 1834 1001 1867; baseline 0.001 -8"><span class='ocrx_word' id='word_1_298' title='bbox 150 1834 299 1865; x_wconf 71' lang='lat' dir='ltr'>prz&#39;neipes;</span> <span class='ocrx_word' id='word_1_299' title='bbox 318 1842 333 1859; x_wconf 90' lang='lat' dir='ltr'>a</span> <span class='ocrx_word' id='word_1_300' title='bbox 353 1835 486 1866; x_wconf 88' lang='lat' dir='ltr'>potestatis</span> <span class='ocrx_word' id='word_1_301' title='bbox 505 1835 652 1860; x_wconf 89' lang='lat' dir='ltr'>latitudine:</span> <span class='ocrx_word' id='word_1_302' title='bbox 672 1843 749 1867; x_wconf 70' lang='lat' dir='ltr'>super</span> <span class='ocrx_word' id='word_1_303' title='bbox 768 1843 866 1860; x_wconf 82' lang='lat' dir='ltr'>omnem</span> <span class='ocrx_word' id='word_1_304' title='bbox 890 1837 986 1860; x_wconf 85' lang='lat' dir='ltr'>terram</span> <span class='ocrx_word' id='word_1_305' title='bbox 994 1845 1001 1866; x_wconf 81' lang='lat'>‚-</span> 
     </span>
     <span class='ocr_line' id='line_1_41' title="bbox 154 1877 1000 1910; baseline 0.001 -8"><span class='ocrx_word' id='word_1_306' title='bbox 154 1885 169 1902; x_wconf 89' lang='lat' dir='ltr'>a</span> <span class='ocrx_word' id='word_1_307' title='bbox 188 1877 365 1909; x_wconf 84' lang='lat' dir='ltr'>perpetuitatis</span> <span class='ocrx_word' id='word_1_308' title='bbox 383 1878 551 1909; x_wconf 84' lang='lat' dir='ltr'>longitudine:</span> <span class='ocrx_word' id='word_1_309' title='bbox 570 1886 692 1904; x_wconf 78' lang='lat' dir='ltr'>memores</span> <span class='ocrx_word' id='word_1_310' title='bbox 713 1880 790 1903; x_wconf 87' lang='lat' dir='ltr'>erunt</span> <span class='ocrx_word' id='word_1_311' title='bbox 812 1879 925 1903; x_wconf 84' lang='lat' dir='ltr'>nominis</span> <span class='ocrx_word' id='word_1_312' title='bbox 949 1879 1000 1910; x_wconf 86' lang='lat' dir='ltr'>tui,</span> 
     </span>
     <span class='ocr_line' id='line_1_42' title="bbox 155 1920 1001 1953; baseline 0.001 -8"><span class='ocrx_word' id='word_1_313' title='bbox 155 1920 274 1952; x_wconf 84' lang='lat' dir='ltr'>Domine,</span> <span class='ocrx_word' id='word_1_314' title='bbox 292 1921 321 1945; x_wconf 83' lang='lat' dir='ltr'>in</span> <span class='ocrx_word' id='word_1_315' title='bbox 346 1922 415 1946; x_wconf 91' lang='lat' dir='ltr'>omni</span> <span class='ocrx_word' id='word_1_316' title='bbox 441 1922 602 1953; x_wconf 65' lang='lat' dir='ltr'>generatione</span> <span class='ocrx_word' id='word_1_317' title='bbox 621 1923 644 1946; x_wconf 90' lang='lat' dir='ltr'>et</span> <span class='ocrx_word' id='word_1_318' title='bbox 660 1922 858 1953; x_wconf 76' lang='lat' dir='ltr'>yenerationem.</span> <span class='ocrx_word' id='word_1_319' title='bbox 883 1922 942 1947; x_wconf 87' lang='lat' dir='ltr'>Fuit</span> <span class='ocrx_word' id='word_1_320' title='bbox 960 1929 1001 1946; x_wconf 89' lang='lat' dir='ltr'>au-</span> 
     </span>
     <span class='ocr_line' id='line_1_43' title="bbox 156 1963 1000 1996; baseline 0.002 -8"><span class='ocrx_word' id='word_1_321' title='bbox 156 1963 204 1988; x_wconf 89' lang='lat' dir='ltr'>tem</span> <span class='ocrx_word' id='word_1_322' title='bbox 223 1963 311 1989; x_wconf 91' lang='lat' dir='ltr'>horum</span> <span class='ocrx_word' id='word_1_323' title='bbox 331 1965 486 1995; x_wconf 88' lang='lat' dir='ltr'>principatus</span> <span class='ocrx_word' id='word_1_324' title='bbox 508 1965 576 1989; x_wconf 90' lang='lat' dir='ltr'>altus</span> <span class='ocrx_word' id='word_1_325' title='bbox 593 1965 757 1995; x_wconf 85' lang='lat' dir='ltr'>auctoritate,</span> <span class='ocrx_word' id='word_1_326' title='bbox 776 1965 844 1989; x_wconf 85' lang='lat' dir='ltr'>latus</span> <span class='ocrx_word' id='word_1_327' title='bbox 861 1964 1000 1996; x_wconf 79' lang='lat' dir='ltr'>potestate,</span> 
     </span>
     <span class='ocr_line' id='line_1_44' title="bbox 156 2006 1002 2039; baseline 0.001 -8"><span class='ocrx_word' id='word_1_328' title='bbox 156 2006 197 2031; x_wconf 84' lang='lat' dir='ltr'>sed</span> <span class='ocrx_word' id='word_1_329' title='bbox 215 2007 306 2039; x_wconf 84' lang='lat' dir='ltr'>longus</span> <span class='ocrx_word' id='word_1_330' title='bbox 325 2007 501 2038; x_wconf 83' lang='lat' dir='ltr'>perpetuitate.</span> <span class='ocrx_word' id='word_1_331' title='bbox 520 2007 562 2032; x_wconf 92' lang='lat' dir='ltr'>Ita</span> <span class='ocrx_word' id='word_1_332' title='bbox 581 2008 665 2039; x_wconf 88' lang='lat' dir='ltr'>potest</span> <span class='ocrx_word' id='word_1_333' title='bbox 683 2008 708 2032; x_wconf 89' lang='lat' dir='ltr'>et</span> <span class='ocrx_word' id='word_1_334' title='bbox 726 2009 751 2032; x_wconf 90' lang='lat' dir='ltr'>in</span> <span class='ocrx_word' id='word_1_335' title='bbox 771 2008 885 2039; x_wconf 85' lang='lat' dir='ltr'>pluribus</span> <span class='ocrx_word' id='word_1_336' title='bbox 899 2008 955 2032; x_wconf 89' lang='lat' dir='ltr'>aliis</span> <span class='ocrx_word' id='word_1_337' title='bbox 968 2008 1002 2032; x_wconf 91' lang='lat' dir='ltr'>di-</span> 
     </span>
     <span class='ocr_line' id='line_1_45' title="bbox 155 2050 912 2082; baseline 0.001 -8"><span class='ocrx_word' id='word_1_338' title='bbox 155 2050 216 2075; x_wconf 90' lang='lat' dir='ltr'>visio</span> <span class='ocrx_word' id='word_1_339' title='bbox 235 2050 341 2079; x_wconf 92' lang='lat' dir='ltr'>variari,</span> <span class='ocrx_word' id='word_1_340' title='bbox 361 2050 426 2075; x_wconf 88' lang='lat' dir='ltr'>sicut</span> <span class='ocrx_word' id='word_1_341' title='bbox 444 2051 607 2081; x_wconf 88' lang='lat' dir='ltr'>praemissum</span> <span class='ocrx_word' id='word_1_342' title='bbox 621 2051 747 2075; x_wconf 89' lang='lat' dir='ltr'>monstrat</span> <span class='ocrx_word' id='word_1_343' title='bbox 765 2051 912 2082; x_wconf 79' lang='lat' dir='ltr'>exemplum.</span> 
     </span>
     <span class='ocr_line' id='line_1_46' title="bbox 226 2092 1001 2125; baseline 0.001 -8"><span class='ocrx_word' id='word_1_344' title='bbox 226 2092 268 2117; x_wconf 86' lang='lat'>21.</span> <span class='ocrx_word' id='word_1_345' title='bbox 287 2092 361 2118; x_wconf 89' lang='lat' dir='ltr'>Nunc</span> <span class='ocrx_word' id='word_1_346' title='bbox 380 2100 438 2118; x_wconf 88' lang='lat' dir='ltr'>vero</span> <span class='ocrx_word' id='word_1_347' title='bbox 457 2093 590 2118; x_wconf 88' lang='lat' dir='ltr'>secundum</span> <span class='ocrx_word' id='word_1_348' title='bbox 610 2093 709 2119; x_wconf 88' lang='lat' dir='ltr'>diversa</span> <span class='ocrx_word' id='word_1_349' title='bbox 726 2094 833 2118; x_wconf 86' lang='lat' dir='ltr'>nomina</span> <span class='ocrx_word' id='word_1_350' title='bbox 852 2094 903 2118; x_wconf 90' lang='lat' dir='ltr'>sive</span> <span class='ocrx_word' id='word_1_351' title='bbox 918 2094 1001 2125; x_wconf 73' lang='lat' dir='ltr'>parti-</span> 
     </span>
     <span class='ocr_line' id='line_1_47' title="bbox 17 2134 1002 2168; baseline 0.002 -8"><span class='ocrx_word' id='word_1_352' title='bbox 17 2134 143 2154; x_wconf 74' lang='lat' dir='ltr'>Aliusmodus.</span> <span class='ocrx_word' id='word_1_353' title='bbox 155 2136 223 2167; x_wconf 77' lang='lat' dir='ltr'>cipia</span> <span class='ocrx_word' id='word_1_354' title='bbox 242 2136 281 2161; x_wconf 92' lang='lat' dir='ltr'>vel</span> <span class='ocrx_word' id='word_1_355' title='bbox 297 2136 428 2168; x_wconf 71' lang='lat' dir='ltr'>yerundia</span> <span class='ocrx_word' id='word_1_356' title='bbox 453 2136 478 2161; x_wconf 90' lang='lat' dir='ltr'>et</span> <span class='ocrx_word' id='word_1_357' title='bbox 501 2137 633 2162; x_wconf 90' lang='lat' dir='ltr'>secundum</span> <span class='ocrx_word' id='word_1_358' title='bbox 653 2137 764 2162; x_wconf 85' lang='lat' dir='ltr'>diversas</span> <span class='ocrx_word' id='word_1_359' title='bbox 784 2137 946 2162; x_wconf 79' lang='lat' dir='ltr'>habitudines</span> <span class='ocrx_word' id='word_1_360' title='bbox 965 2144 1002 2162; x_wconf 86' lang='lat' dir='ltr'>eo-</span> 
     </span>
     <span class='ocr_line' id='line_1_48' title="bbox 156 2178 1002 2211; baseline 0 -7"><span class='ocrx_word' id='word_1_361' title='bbox 156 2179 259 2204; x_wconf 88' lang='lat' dir='ltr'>rundem</span> <span class='ocrx_word' id='word_1_362' title='bbox 278 2179 366 2204; x_wconf 88' lang='lat' dir='ltr'>divisio</span> <span class='ocrx_word' id='word_1_363' title='bbox 384 2178 585 2204; x_wconf 80' lang='lat' dir='ltr'>diversificetur-⁷</span> <span class='ocrx_word' id='word_1_364' title='bbox 605 2180 737 2211; x_wconf 85' lang='lat' dir='ltr'>exemplis,</span> <span class='ocrx_word' id='word_1_365' title='bbox 757 2180 847 2211; x_wconf 90' lang='lat' dir='ltr'>quibus</span> <span class='ocrx_word' id='word_1_366' title='bbox 869 2180 1002 2204; x_wconf 86' lang='lat' dir='ltr'>dividenda</span> 
     </span>
     <span class='ocr_line' id='line_1_49' title="bbox 156 2222 1002 2255; baseline 0.001 -8"><span class='ocrx_word' id='word_1_367' title='bbox 156 2222 229 2248; x_wconf 90' lang='lat' dir='ltr'>dictio</span> <span class='ocrx_word' id='word_1_368' title='bbox 248 2222 373 2254; x_wconf 86' lang='lat' dir='ltr'>quaelibet</span> <span class='ocrx_word' id='word_1_369' title='bbox 392 2223 543 2248; x_wconf 85' lang='lat' dir='ltr'>includatur.</span> <span class='ocrx_word' id='word_1_370' title='bbox 563 2223 676 2248; x_wconf 87' lang='lat' dir='ltr'>Ponatur</span> <span class='ocrx_word' id='word_1_371' title='bbox 703 2230 761 2255; x_wconf 84' lang='lat' dir='ltr'>ergo</span> <span class='ocrx_word' id='word_1_372' title='bbox 784 2223 847 2248; x_wconf 87' lang='lat' dir='ltr'>illud</span> <span class='ocrx_word' id='word_1_373' title='bbox 865 2223 947 2248; x_wconf 83' lang='lat' dir='ltr'>Isaiae</span> <span class='ocrx_word' id='word_1_374' title='bbox 967 2230 1002 2248; x_wconf 87' lang='lat' dir='ltr'>se-</span> 
     </span>
     <span class='ocr_line' id='line_1_50' title="bbox 29 2263 1002 2311; baseline 0.001 -21"><span class='ocrx_word' id='word_1_375' title='bbox 29 2263 134 2311; x_wconf 51' lang='lat' dir='ltr'>EgssffiffiP</span> <span class='ocrx_word' id='word_1_376' title='bbox 156 2266 280 2297; x_wconf 81' lang='lat' dir='ltr'>xagesimo</span> <span class='ocrx_word' id='word_1_377' title='bbox 305 2264 413 2291; x_wconf 78' lang='lat' dir='ltr'>tertio⁸:</span> <span class='ocrx_word' id='word_1_378' title='bbox 437 2265 624 2297; x_wconf 58' lang='lat' dir='ltr'>Gir-cumspexi,</span> <span class='ocrx_word' id='word_1_379' title='bbox 651 2267 674 2291; x_wconf 85' lang='lat' dir='ltr'>et</span> <span class='ocrx_word' id='word_1_380' title='bbox 697 2274 749 2291; x_wconf 86' lang='lat' dir='ltr'>non</span> <span class='ocrx_word' id='word_1_381' title='bbox 767 2268 823 2291; x_wconf 85' lang='lat' dir='ltr'>erat</span> <span class='ocrx_word' id='word_1_382' title='bbox 842 2266 1002 2296; x_wconf 70' lang='lat' dir='ltr'>auxiliator,-</span> 
     </span>
     <span class='ocr_line' id='line_1_51' title="bbox 157 2308 1002 2340; baseline 0.001 -7"><span class='ocrx_word' id='word_1_383' title='bbox 157 2309 277 2340; x_wconf 80' lang='lat' dir='ltr'>quaesivi,</span> <span class='ocrx_word' id='word_1_384' title='bbox 297 2310 321 2334; x_wconf 89' lang='lat' dir='ltr'>et</span> <span class='ocrx_word' id='word_1_385' title='bbox 338 2317 390 2334; x_wconf 85' lang='lat' dir='ltr'>non</span> <span class='ocrx_word' id='word_1_386' title='bbox 409 2308 461 2339; x_wconf 82' lang='lat' dir='ltr'>fuit</span> <span class='ocrx_word' id='word_1_387' title='bbox 479 2310 524 2340; x_wconf 77' lang='lat' dir='ltr'>qui</span> <span class='ocrx_word' id='word_1_388' title='bbox 543 2309 687 2334; x_wconf 82' lang='lat' dir='ltr'>adiuvaret.</span> <span class='ocrx_word' id='word_1_389' title='bbox 712 2310 746 2334; x_wconf 87' lang='lat' dir='ltr'>Et</span> <span class='ocrx_word' id='word_1_390' title='bbox 770 2310 865 2334; x_wconf 88' lang='lat' dir='ltr'>dicetur</span> <span class='ocrx_word' id='word_1_391' title='bbox 885 2317 928 2340; x_wconf 86' lang='lat' dir='ltr'>per</span> <span class='ocrx_word' id='word_1_392' title='bbox 947 2317 1002 2340; x_wconf 92' lang='lat' dir='ltr'>par-</span> 
     </span>
     <span class='ocr_line' id='line_1_52' title="bbox 157 2351 1002 2384; baseline 0.001 -8"><span class='ocrx_word' id='word_1_393' title='bbox 157 2351 268 2383; x_wconf 88' lang='lat' dir='ltr'>ticipium</span> <span class='ocrx_word' id='word_1_394' title='bbox 288 2352 335 2377; x_wconf 89' lang='lat' dir='ltr'>sic:</span> <span class='ocrx_word' id='word_1_395' title='bbox 355 2353 381 2376; x_wconf 91' lang='lat' dir='ltr'>in</span> <span class='ocrx_word' id='word_1_396' title='bbox 400 2352 474 2377; x_wconf 90' lang='lat' dir='ltr'>verbo</span> <span class='ocrx_word' id='word_1_397' title='bbox 493 2352 541 2377; x_wconf 92' lang='lat' dir='ltr'>isto</span> <span class='ocrx_word' id='word_1_398' title='bbox 561 2352 677 2377; x_wconf 82' lang='lat' dir='ltr'>Christus</span> <span class='ocrx_word' id='word_1_399' title='bbox 701 2352 767 2384; x_wconf 82' lang='lat' dir='ltr'>gerit</span> <span class='ocrx_word' id='word_1_400' title='bbox 795 2352 905 2377; x_wconf 90' lang='lat' dir='ltr'>studium</span> <span class='ocrx_word' id='word_1_401' title='bbox 924 2353 1002 2384; x_wconf 89' lang='lat' dir='ltr'>inqui-</span> 
     </span>
     <span class='ocr_line' id='line_1_53' title="bbox 157 2394 1002 2426; baseline -0.001 -6"><span class='ocrx_word' id='word_1_402' title='bbox 157 2395 249 2420; x_wconf 87' lang='lat' dir='ltr'>rentis:</span> <span class='ocrx_word' id='word_1_403' title='bbox 273 2394 463 2426; x_wconf 70' lang='lat' dir='ltr'>circumspexi,-</span> <span class='ocrx_word' id='word_1_404' title='bbox 481 2395 597 2420; x_wconf 86' lang='lat' dir='ltr'>affectum</span> <span class='ocrx_word' id='word_1_405' title='bbox 617 2395 751 2426; x_wconf 88' lang='lat' dir='ltr'>patientis:</span> <span class='ocrx_word' id='word_1_406' title='bbox 771 2397 795 2420; x_wconf 82' lang='lat' dir='ltr'>et</span> <span class='ocrx_word' id='word_1_407' title='bbox 812 2403 865 2420; x_wconf 86' lang='lat' dir='ltr'>non</span> <span class='ocrx_word' id='word_1_408' title='bbox 883 2396 940 2420; x_wconf 79' lang='lat' dir='ltr'>erat</span> <span class='ocrx_word' id='word_1_409' title='bbox 959 2402 1002 2419; x_wconf 81' lang='lat' dir='ltr'>au-</span> 
     </span>
     <span class='ocr_line' id='line_1_54' title="bbox 156 2438 1002 2470; baseline -0.001 -7"><span class='ocrx_word' id='word_1_410' title='bbox 156 2438 282 2468; x_wconf 74' lang='lat' dir='ltr'>xiliator;</span> <span class='ocrx_word' id='word_1_411' title='bbox 300 2438 449 2463; x_wconf 84' lang='lat' dir='ltr'>desiderium</span> <span class='ocrx_word' id='word_1_412' title='bbox 468 2438 615 2470; x_wconf 85' lang='lat' dir='ltr'>indigentis:</span> <span class='ocrx_word' id='word_1_413' title='bbox 641 2439 771 2469; x_wconf 76' lang='lat' dir='ltr'>quaesivi;</span> <span class='ocrx_word' id='word_1_414' title='bbox 790 2438 888 2463; x_wconf 88' lang='lat' dir='ltr'>modum</span> <span class='ocrx_word' id='word_1_415' title='bbox 907 2438 932 2463; x_wconf 90' lang='lat' dir='ltr'>et</span> <span class='ocrx_word' id='word_1_416' title='bbox 951 2438 1002 2463; x_wconf 89' lang='lat' dir='ltr'>ani-</span> 
     </span>
     <span class='ocr_line' id='line_1_55' title="bbox 157 2480 1003 2513; baseline 0.001 -8"><span class='ocrx_word' id='word_1_417' title='bbox 157 2488 224 2506; x_wconf 89' lang='lat' dir='ltr'>mum</span> <span class='ocrx_word' id='word_1_418' title='bbox 243 2481 429 2512; x_wconf 87' lang='lat' dir='ltr'>conquerentis:</span> <span class='ocrx_word' id='word_1_419' title='bbox 449 2482 472 2506; x_wconf 88' lang='lat' dir='ltr'>et</span> <span class='ocrx_word' id='word_1_420' title='bbox 490 2488 543 2506; x_wconf 88' lang='lat' dir='ltr'>non</span> <span class='ocrx_word' id='word_1_421' title='bbox 560 2480 612 2511; x_wconf 78' lang='lat' dir='ltr'>fuit</span> <span class='ocrx_word' id='word_1_422' title='bbox 630 2481 675 2512; x_wconf 77' lang='lat' dir='ltr'>qui</span> <span class='ocrx_word' id='word_1_423' title='bbox 689 2482 831 2507; x_wconf 80' lang='lat' dir='ltr'>adiuvaret.</span> <span class='ocrx_word' id='word_1_424' title='bbox 848 2481 1003 2513; x_wconf 73' lang='lat' dir='ltr'>Circumspi-</span> 
     </span>
     <span class='ocr_line' id='line_1_56' title="bbox 157 2523 1003 2556; baseline 0 -7"><span class='ocrx_word' id='word_1_425' title='bbox 157 2530 210 2549; x_wconf 79' lang='lat' dir='ltr'>cere</span> <span class='ocrx_word' id='word_1_426' title='bbox 228 2524 347 2555; x_wconf 89' lang='lat' dir='ltr'>competit</span> <span class='ocrx_word' id='word_1_427' title='bbox 359 2524 508 2555; x_wconf 75' lang='lat' dir='ltr'>inquirenti:</span> <span class='ocrx_word' id='word_1_428' title='bbox 522 2524 648 2549; x_wconf 76' lang='lat' dir='ltr'>auxiliari</span> <span class='ocrx_word' id='word_1_429' title='bbox 658 2523 667 2536; x_wconf 80' lang='lat'>⁹</span> <span class='ocrx_word' id='word_1_430' title='bbox 681 2524 779 2556; x_wconf 83' lang='lat' dir='ltr'>expedit</span> <span class='ocrx_word' id='word_1_431' title='bbox 792 2524 911 2555; x_wconf 71' lang='lat' dir='ltr'>patienti:</span> <span class='ocrx_word' id='word_1_432' title='bbox 926 2531 1003 2555; x_wconf 76' lang='lat' dir='ltr'>quae-</span> 
     </span>
     <span class='ocr_line' id='line_1_57' title="bbox 157 2566 985 2599; baseline 0 -7"><span class='ocrx_word' id='word_1_433' title='bbox 157 2574 212 2592; x_wconf 87' lang='lat' dir='ltr'>rere</span> <span class='ocrx_word' id='word_1_434' title='bbox 231 2568 346 2599; x_wconf 78' lang='lat' dir='ltr'>congruit</span> <span class='ocrx_word' id='word_1_435' title='bbox 363 2566 498 2599; x_wconf 72' lang='lat' dir='ltr'>indigenti:</span> <span class='ocrx_word' id='word_1_436' title='bbox 518 2567 561 2592; x_wconf 88' lang='lat' dir='ltr'>sed</span> <span class='ocrx_word' id='word_1_437' title='bbox 579 2567 662 2592; x_wconf 85' lang='lat' dir='ltr'>dolere</span> <span class='ocrx_word' id='word_1_438' title='bbox 681 2567 799 2598; x_wconf 87' lang='lat' dir='ltr'>competit</span> <span class='ocrx_word' id='word_1_439' title='bbox 816 2567 985 2599; x_wconf 85' lang='lat' dir='ltr'>conquerenti.</span> 
     </span>
    </p>
   </div>
   <div class='ocr_carea' id='block_1_3' title="bbox 1028 215 1033 2596">
    <p class='ocr_par' dir='ltr' id='par_1_3' title="bbox 1028 215 1033 2596">
     <span class='ocr_line' id='line_1_58' title="bbox 1028 215 1033 2596; baseline 0 0"><span class='ocrx_word' id='word_1_440' title='bbox 1028 215 1033 2596; x_wconf 95' lang='lat' dir='ltr'> </span> 
     </span>
    </p>
   </div>
   <div class='ocr_carea' id='block_1_4' title="bbox 1054 206 2045 2598">
    <p class='ocr_par' dir='ltr' id='par_1_4' title="bbox 1057 206 2026 498">
     <span class='ocr_line' id='line_1_59' title="bbox 1128 206 2026 241; baseline 0.013 -12"><span class='ocrx_word' id='word_1_441' title='bbox 1128 206 1206 235; x_wconf 80' lang='lat' dir='ltr'>Item,</span> <span class='ocrx_word' id='word_1_442' title='bbox 1226 207 1257 231; x_wconf 88' lang='lat' dir='ltr'>ad</span> <span class='ocrx_word' id='word_1_443' title='bbox 1276 207 1338 231; x_wconf 87' lang='lat' dir='ltr'>illud</span> <span class='ocrx_word' id='word_1_444' title='bbox 1356 208 1477 233; x_wconf 84' lang='lat' dir='ltr'>Matthaei</span> <span class='ocrx_word' id='word_1_445' title='bbox 1495 209 1586 235; x_wconf 86' lang='lat' dir='ltr'>decimo</span> <span class='ocrx_word' id='word_1_446' title='bbox 1614 211 1699 236; x_wconf 90' lang='lat' dir='ltr'>octavo</span> <span class='ocrx_word' id='word_1_447' title='bbox 1711 211 1744 236; x_wconf 80' lang='lat'>¹⁰:</span> <span class='ocrx_word' id='word_1_448' title='bbox 1766 213 1840 238; x_wconf 79' lang='lat' dir='ltr'>Serve</span> <span class='ocrx_word' id='word_1_449' title='bbox 1858 221 1897 239; x_wconf 84' lang='lat' dir='ltr'>ne-</span> <span class='ocrx_word' id='word_1_450' title='bbox 1914 221 2026 241; x_wconf 73' lang='lat' dir='ltr'>seeundum.</span> 
     </span>
     <span class='ocr_line' id='line_1_60' title="bbox 1058 249 1897 285; baseline 0.012 -14"><span class='ocrx_word' id='word_1_451' title='bbox 1058 254 1151 278; x_wconf 67' lang='lat' dir='ltr'>quana,</span> <span class='ocrx_word' id='word_1_452' title='bbox 1171 256 1242 273; x_wconf 85' lang='lat' dir='ltr'>omne</span> <span class='ocrx_word' id='word_1_453' title='bbox 1261 249 1371 274; x_wconf 82' lang='lat' dir='ltr'>debitum</span> <span class='ocrx_word' id='word_1_454' title='bbox 1400 250 1487 276; x_wconf 85' lang='lat' dir='ltr'>dimisi</span> <span class='ocrx_word' id='word_1_455' title='bbox 1514 252 1574 283; x_wconf 86' lang='lat' dir='ltr'>tibi,</span> <span class='ocrx_word' id='word_1_456' title='bbox 1594 254 1725 278; x_wconf 88' lang='lat' dir='ltr'>secundum</span> <span class='ocrx_word' id='word_1_457' title='bbox 1746 256 1897 285; x_wconf 83' lang='lat' dir='ltr'>praedictum</span> 
     </span>
     <span class='ocr_line' id='line_1_61' title="bbox 1058 290 1898 324; baseline 0.012 -11"><span class='ocrx_word' id='word_1_458' title='bbox 1058 290 1156 314; x_wconf 88' lang='lat' dir='ltr'>modum</span> <span class='ocrx_word' id='word_1_459' title='bbox 1176 291 1210 315; x_wconf 88' lang='lat' dir='ltr'>sic</span> <span class='ocrx_word' id='word_1_460' title='bbox 1229 291 1337 316; x_wconf 88' lang='lat' dir='ltr'>dicetur:</span> <span class='ocrx_word' id='word_1_461' title='bbox 1365 292 1405 317; x_wconf 88' lang='lat' dir='ltr'>hic</span> <span class='ocrx_word' id='word_1_462' title='bbox 1433 293 1569 324; x_wconf 88' lang='lat' dir='ltr'>alloquitur</span> <span class='ocrx_word' id='word_1_463' title='bbox 1595 295 1710 320; x_wconf 87' lang='lat' dir='ltr'>Christus</span> <span class='ocrx_word' id='word_1_464' title='bbox 1735 304 1833 322; x_wconf 85' lang='lat' dir='ltr'>servum</span> <span class='ocrx_word' id='word_1_465' title='bbox 1852 299 1898 323; x_wconf 87' lang='lat' dir='ltr'>sub</span> 
     </span>
     <span class='ocr_line' id='line_1_62' title="bbox 1057 332 1899 369; baseline 0.011 -13"><span class='ocrx_word' id='word_1_466' title='bbox 1057 332 1149 362; x_wconf 85' lang='lat' dir='ltr'>duplici</span> <span class='ocrx_word' id='word_1_467' title='bbox 1169 333 1278 362; x_wconf 87' lang='lat' dir='ltr'>ratione,</span> <span class='ocrx_word' id='word_1_468' title='bbox 1298 334 1391 359; x_wconf 89' lang='lat' dir='ltr'>scilicet</span> <span class='ocrx_word' id='word_1_469' title='bbox 1408 336 1574 367; x_wconf 88' lang='lat' dir='ltr'>increpantis:</span> <span class='ocrx_word' id='word_1_470' title='bbox 1594 337 1669 362; x_wconf 82' lang='lat' dir='ltr'>Serve</span> <span class='ocrx_word' id='word_1_471' title='bbox 1681 346 1805 369; x_wconf 62' lang='lat' dir='ltr'>nequam,⁴</span> <span class='ocrx_word' id='word_1_472' title='bbox 1818 340 1842 364; x_wconf 91' lang='lat' dir='ltr'>et</span> <span class='ocrx_word' id='word_1_473' title='bbox 1856 341 1899 365; x_wconf 88' lang='lat' dir='ltr'>im-</span> 
     </span>
     <span class='ocr_line' id='line_1_63' title="bbox 1058 375 1899 412; baseline 0.011 -14"><span class='ocrx_word' id='word_1_474' title='bbox 1058 375 1230 405; x_wconf 85' lang='lat' dir='ltr'>properantis:</span> <span class='ocrx_word' id='word_1_475' title='bbox 1251 383 1323 401; x_wconf 79' lang='lat' dir='ltr'>omne</span> <span class='ocrx_word' id='word_1_476' title='bbox 1342 377 1451 402; x_wconf 80' lang='lat' dir='ltr'>debitum</span> <span class='ocrx_word' id='word_1_477' title='bbox 1470 378 1558 404; x_wconf 77' lang='lat' dir='ltr'>dimisi</span> <span class='ocrx_word' id='word_1_478' title='bbox 1577 380 1629 404; x_wconf 77' lang='lat' dir='ltr'>tibi.</span> <span class='ocrx_word' id='word_1_479' title='bbox 1642 380 1760 412; x_wconf 88' lang='lat' dir='ltr'>Increpat</span> <span class='ocrx_word' id='word_1_480' title='bbox 1772 383 1797 406; x_wconf 94' lang='lat' dir='ltr'>in</span> <span class='ocrx_word' id='word_1_481' title='bbox 1816 389 1843 407; x_wconf 89' lang='lat' dir='ltr'>eo</span> <span class='ocrx_word' id='word_1_482' title='bbox 1856 390 1899 407; x_wconf 88' lang='lat' dir='ltr'>ne-</span> 
     </span>
     <span class='ocr_line' id='line_1_64' title="bbox 1057 417 1898 455; baseline 0.012 -15"><span class='ocrx_word' id='word_1_483' title='bbox 1057 417 1162 448; x_wconf 88' lang='lat' dir='ltr'>quitiam</span> <span class='ocrx_word' id='word_1_484' title='bbox 1191 418 1327 449; x_wconf 76' lang='lat' dir='ltr'>impIetatis</span> <span class='ocrx_word' id='word_1_485' title='bbox 1350 420 1374 444; x_wconf 89' lang='lat' dir='ltr'>et</span> <span class='ocrx_word' id='word_1_486' title='bbox 1399 421 1552 452; x_wconf 86' lang='lat' dir='ltr'>improperat</span> <span class='ocrx_word' id='word_1_487' title='bbox 1579 423 1688 454; x_wconf 86' lang='lat' dir='ltr'>gratiam</span> <span class='ocrx_word' id='word_1_488' title='bbox 1712 424 1848 455; x_wconf 85' lang='lat' dir='ltr'>largitatis.</span> <span class='ocrx_word' id='word_1_489' title='bbox 1867 425 1898 450; x_wconf 89' lang='lat' dir='ltr'>In</span> 
     </span>
     <span class='ocr_line' id='line_1_65' title="bbox 1058 460 1898 498; baseline 0.011 -15"><span class='ocrx_word' id='word_1_490' title='bbox 1058 460 1137 490; x_wconf 86' lang='lat' dir='ltr'>primo</span> <span class='ocrx_word' id='word_1_491' title='bbox 1156 460 1296 486; x_wconf 85' lang='lat' dir='ltr'>ostenditur</span> <span class='ocrx_word' id='word_1_492' title='bbox 1314 463 1379 487; x_wconf 88' lang='lat' dir='ltr'>servi</span> <span class='ocrx_word' id='word_1_493' title='bbox 1397 464 1538 494; x_wconf 74' lang='lat' dir='ltr'>crudelitas,</span> <span class='ocrx_word' id='word_1_494' title='bbox 1552 465 1577 489; x_wconf 89' lang='lat' dir='ltr'>et</span> <span class='ocrx_word' id='word_1_495' title='bbox 1595 466 1621 490; x_wconf 89' lang='lat' dir='ltr'>in</span> <span class='ocrx_word' id='word_1_496' title='bbox 1635 467 1739 491; x_wconf 87' lang='lat' dir='ltr'>secundo</span> <span class='ocrx_word' id='word_1_497' title='bbox 1753 466 1797 492; x_wconf 92' lang='lat' dir='ltr'>Dei</span> <span class='ocrx_word' id='word_1_498' title='bbox 1810 467 1898 498; x_wconf 87' lang='lat' dir='ltr'>pietas.</span> 
     </span>
    </p>

    <p class='ocr_par' dir='ltr' id='par_1_5' title="bbox 1056 502 2005 750">
     <span class='ocr_line' id='line_1_66' title="bbox 1128 502 2005 540; baseline 0.008 -14"><span class='ocrx_word' id='word_1_499' title='bbox 1128 502 1246 527; x_wconf 87' lang='lat' dir='ltr'>Similiter</span> <span class='ocrx_word' id='word_1_500' title='bbox 1265 504 1326 528; x_wconf 90' lang='lat' dir='ltr'>illud</span> <span class='ocrx_word' id='word_1_501' title='bbox 1346 505 1452 530; x_wconf 83' lang='lat' dir='ltr'>Actuum</span> <span class='ocrx_word' id='word_1_502' title='bbox 1473 507 1577 532; x_wconf 87' lang='lat' dir='ltr'>secundo</span> <span class='ocrx_word' id='word_1_503' title='bbox 1589 507 1623 532; x_wconf 90' lang='lat'>¹¹:</span> <span class='ocrx_word' id='word_1_504' title='bbox 1643 508 1788 538; x_wconf 81' lang='lat' dir='ltr'>Effundam</span> <span class='ocrx_word' id='word_1_505' title='bbox 1801 509 1830 534; x_wconf 78' lang='lat' dir='ltr'>dc</span> <span class='ocrx_word' id='word_1_506' title='bbox 1844 509 1899 540; x_wconf 70' lang='grc' dir='ltr'>8ρὶ-</span> <span class='ocrx_word' id='word_1_507' title='bbox 1915 513 2005 532; x_wconf 69' lang='lat' dir='ltr'>&#39;rei-unm.</span> 
     </span>
     <span class='ocr_line' id='line_1_67' title="bbox 1057 545 1899 581; baseline 0.011 -13"><span class='ocrx_word' id='word_1_508' title='bbox 1057 545 1111 569; x_wconf 84' lang='lat' dir='ltr'>ritu</span> <span class='ocrx_word' id='word_1_509' title='bbox 1129 552 1183 569; x_wconf 86' lang='lat' dir='ltr'>meo</span> <span class='ocrx_word' id='word_1_510' title='bbox 1204 553 1281 576; x_wconf 75' lang='lat' dir='ltr'>super</span> <span class='ocrx_word' id='word_1_511' title='bbox 1300 554 1398 572; x_wconf 82' lang='lat' dir='ltr'>onmem</span> <span class='ocrx_word' id='word_1_512' title='bbox 1416 556 1530 581; x_wconf 80' lang='lat' dir='ltr'>carnem,</span> <span class='ocrx_word' id='word_1_513' title='bbox 1550 558 1598 581; x_wconf 89' lang='lat' dir='ltr'>quo</span> <span class='ocrx_word' id='word_1_514' title='bbox 1623 550 1672 576; x_wconf 90' lang='lat' dir='ltr'>tria</span> <span class='ocrx_word' id='word_1_515' title='bbox 1700 552 1831 576; x_wconf 88' lang='lat' dir='ltr'>notantur:</span> <span class='ocrx_word' id='word_1_516' title='bbox 1851 553 1899 577; x_wconf 90' lang='lat' dir='ltr'>lar-</span> 
     </span>
     <span class='ocr_line' id='line_1_68' title="bbox 1056 588 1900 625; baseline 0.011 -14"><span class='ocrx_word' id='word_1_517' title='bbox 1056 588 1123 619; x_wconf 85' lang='lat' dir='ltr'>gitas</span> <span class='ocrx_word' id='word_1_518' title='bbox 1142 588 1419 620; x_wconf 81' lang='lat' dir='ltr'>dantis:·Effundam;</span> <span class='ocrx_word' id='word_1_519' title='bbox 1438 592 1580 622; x_wconf 89' lang='lat' dir='ltr'>pretiositas</span> <span class='ocrx_word' id='word_1_520' title='bbox 1603 594 1725 618; x_wconf 86' lang='lat' dir='ltr'>muneris:</span> <span class='ocrx_word' id='word_1_521' title='bbox 1749 594 1778 619; x_wconf 82' lang='lat' dir='ltr'>de</span> <span class='ocrx_word' id='word_1_522' title='bbox 1797 595 1900 625; x_wconf 76' lang='lat' dir='ltr'>Spiritu</span> 
     </span>
     <span class='ocr_line' id='line_1_69' title="bbox 1056 631 1899 665; baseline 0.009 -10"><span class='ocrx_word' id='word_1_523' title='bbox 1056 638 1125 661; x_wconf 84' lang='lat' dir='ltr'>meo;</span> <span class='ocrx_word' id='word_1_524' title='bbox 1143 631 1169 656; x_wconf 88' lang='lat' dir='ltr'>et</span> <span class='ocrx_word' id='word_1_525' title='bbox 1187 631 1316 662; x_wconf 87' lang='lat' dir='ltr'>dispositio</span> <span class='ocrx_word' id='word_1_526' title='bbox 1336 633 1487 664; x_wconf 79' lang='lat' dir='ltr'>recipientis:</span> <span class='ocrx_word' id='word_1_527' title='bbox 1502 642 1578 665; x_wconf 82' lang='lat' dir='ltr'>super</span> <span class='ocrx_word' id='word_1_528' title='bbox 1592 644 1690 661; x_wconf 88' lang='lat' dir='ltr'>omnem</span> <span class='ocrx_word' id='word_1_529' title='bbox 1709 644 1820 662; x_wconf 82' lang='lat' dir='ltr'>carnem.</span> <span class='ocrx_word' id='word_1_530' title='bbox 1839 638 1899 662; x_wconf 91' lang='lat' dir='ltr'>Pot—</span> 
     </span>
     <span class='ocr_line' id='line_1_70' title="bbox 1057 674 1899 710; baseline 0.011 -13"><span class='ocrx_word' id='word_1_531' title='bbox 1057 674 1095 698; x_wconf 85' lang='lat' dir='ltr'>est</span> <span class='ocrx_word' id='word_1_532' title='bbox 1113 674 1196 698; x_wconf 86' lang='lat' dir='ltr'>autem</span> <span class='ocrx_word' id='word_1_533' title='bbox 1216 674 1261 699; x_wconf 87' lang='lat' dir='ltr'>hoc</span> <span class='ocrx_word' id='word_1_534' title='bbox 1279 674 1333 699; x_wconf 90' lang='lat' dir='ltr'>fieri</span> <span class='ocrx_word' id='word_1_535' title='bbox 1352 676 1376 699; x_wconf 91' lang='lat' dir='ltr'>in</span> <span class='ocrx_word' id='word_1_536' title='bbox 1396 676 1485 701; x_wconf 88' lang='lat' dir='ltr'>eisdem</span> <span class='ocrx_word' id='word_1_537' title='bbox 1505 678 1630 703; x_wconf 88' lang='lat' dir='ltr'>vocabulis</span> <span class='ocrx_word' id='word_1_538' title='bbox 1650 686 1693 710; x_wconf 85' lang='lat' dir='ltr'>per</span> <span class='ocrx_word' id='word_1_539' title='bbox 1712 680 1822 705; x_wconf 89' lang='lat' dir='ltr'>diversos</span> <span class='ocrx_word' id='word_1_540' title='bbox 1841 681 1899 706; x_wconf 92' lang='lat' dir='ltr'>obli-</span> 
     </span>
     <span class='ocr_line' id='line_1_71' title="bbox 1056 717 1556 750; baseline 0.008 -9"><span class='ocrx_word' id='word_1_541' title='bbox 1056 724 1130 748; x_wconf 82' lang='lat' dir='ltr'>quos,</span> <span class='ocrx_word' id='word_1_542' title='bbox 1150 717 1215 742; x_wconf 85' lang='lat' dir='ltr'>sicut</span> <span class='ocrx_word' id='word_1_543' title='bbox 1233 717 1361 742; x_wconf 84' lang='lat' dir='ltr'>ostensum</span> <span class='ocrx_word' id='word_1_544' title='bbox 1380 719 1419 743; x_wconf 87' lang='lat' dir='ltr'>est</span> <span class='ocrx_word' id='word_1_545' title='bbox 1437 727 1514 750; x_wconf 87' lang='lat' dir='ltr'>supra</span> <span class='ocrx_word' id='word_1_546' title='bbox 1528 719 1556 744; x_wconf 83' lang='lat'>¹².</span> 
     </span>
    </p>

    <p class='ocr_par' dir='ltr' id='par_1_6' title="bbox 1054 759 2012 1042">
     <span class='ocr_line' id='line_1_72' title="bbox 1128 759 2012 796; baseline 0.006 -13"><span class='ocrx_word' id='word_1_547' title='bbox 1128 759 1243 790; x_wconf 84' lang='lat' dir='ltr'>Amplius</span> <span class='ocrx_word' id='word_1_548' title='bbox 1263 760 1371 791; x_wconf 86' lang='lat' dir='ltr'>ponatur</span> <span class='ocrx_word' id='word_1_549' title='bbox 1396 761 1459 786; x_wconf 88' lang='lat' dir='ltr'>illud</span> <span class='ocrx_word' id='word_1_550' title='bbox 1476 762 1557 787; x_wconf 88' lang='lat' dir='ltr'>Isaiae</span> <span class='ocrx_word' id='word_1_551' title='bbox 1576 764 1764 796; x_wconf 85' lang='lat' dir='ltr'>quadragesimo</span> <span class='ocrx_word' id='word_1_552' title='bbox 1786 774 1850 792; x_wconf 92' lang='lat' dir='ltr'>nono</span> <span class='ocrx_word' id='word_1_553' title='bbox 1862 765 1896 791; x_wconf 80' lang='lat'>¹³:</span> <span class='ocrx_word' id='word_1_554' title='bbox 1914 765 2012 788; x_wconf 76' lang='lat' dir='ltr'>Quartum.</span> 
     </span>
     <span class='ocr_line' id='line_1_73' title="bbox 1056 802 1897 837; baseline 0.01 -11"><span class='ocrx_word' id='word_1_555' title='bbox 1056 802 1152 827; x_wconf 77' lang='lat' dir='ltr'>Posuit</span> <span class='ocrx_word' id='word_1_556' title='bbox 1169 810 1197 827; x_wconf 80' lang='lat' dir='ltr'>os</span> <span class='ocrx_word' id='word_1_557' title='bbox 1215 810 1299 827; x_wconf 67' lang='lat' dir='ltr'>mamm</span> <span class='ocrx_word' id='word_1_558' title='bbox 1318 804 1394 834; x_wconf 78' lang='lat' dir='ltr'>quasi</span> <span class='ocrx_word' id='word_1_559' title='bbox 1409 804 1527 835; x_wconf 76' lang='lat' dir='ltr'>ytadium</span> <span class='ocrx_word' id='word_1_560' title='bbox 1547 808 1665 837; x_wconf 82' lang='lat' dir='ltr'>acutum;</span> <span class='ocrx_word' id='word_1_561' title='bbox 1683 808 1725 832; x_wconf 92' lang='lat' dir='ltr'>ubi</span> <span class='ocrx_word' id='word_1_562' title='bbox 1744 808 1793 833; x_wconf 91' lang='lat' dir='ltr'>tria</span> <span class='ocrx_word' id='word_1_563' title='bbox 1811 809 1897 834; x_wconf 89' lang='lat' dir='ltr'>notan-</span> 
     </span>
     <span class='ocr_line' id='line_1_74' title="bbox 1056 845 1898 881; baseline 0.008 -12"><span class='ocrx_word' id='word_1_564' title='bbox 1056 845 1112 874; x_wconf 87' lang='lat' dir='ltr'>tur,</span> <span class='ocrx_word' id='word_1_565' title='bbox 1132 845 1225 870; x_wconf 88' lang='lat' dir='ltr'>scilicet</span> <span class='ocrx_word' id='word_1_566' title='bbox 1244 846 1381 870; x_wconf 84' lang='lat' dir='ltr'>auctoritas</span> <span class='ocrx_word' id='word_1_567' title='bbox 1406 846 1504 871; x_wconf 86' lang='lat' dir='ltr'>dantis:</span> <span class='ocrx_word' id='word_1_568' title='bbox 1530 847 1643 879; x_wconf 81' lang='lat' dir='ltr'>Posuit;</span> <span class='ocrx_word' id='word_1_569' title='bbox 1660 851 1802 881; x_wconf 82' lang='lat' dir='ltr'>congruitas</span> <span class='ocrx_word' id='word_1_570' title='bbox 1821 852 1898 876; x_wconf 87' lang='lat' dir='ltr'>susci-</span> 
     </span>
     <span class='ocr_line' id='line_1_75' title="bbox 1056 888 1899 924; baseline 0.007 -12"><span class='ocrx_word' id='word_1_571' title='bbox 1056 888 1160 919; x_wconf 89' lang='lat' dir='ltr'>pientis:</span> <span class='ocrx_word' id='word_1_572' title='bbox 1181 895 1208 913; x_wconf 89' lang='lat' dir='ltr'>os</span> <span class='ocrx_word' id='word_1_573' title='bbox 1226 895 1325 919; x_wconf 86' lang='lat' dir='ltr'>meum,·</span> <span class='ocrx_word' id='word_1_574' title='bbox 1344 889 1369 913; x_wconf 86' lang='lat' dir='ltr'>et</span> <span class='ocrx_word' id='word_1_575' title='bbox 1387 896 1538 921; x_wconf 85' lang='lat' dir='ltr'>consequens</span> <span class='ocrx_word' id='word_1_576' title='bbox 1557 891 1655 915; x_wconf 88' lang='lat' dir='ltr'>utilitas</span> <span class='ocrx_word' id='word_1_577' title='bbox 1673 892 1809 917; x_wconf 88' lang='lat' dir='ltr'>audientis:</span> <span class='ocrx_word' id='word_1_578' title='bbox 1823 894 1899 924; x_wconf 79' lang='lat' dir='ltr'>quasi</span> 
     </span>
     <span class='ocr_line' id='line_1_76' title="bbox 1054 930 1899 965; baseline 0.007 -10"><span class='ocrx_word' id='word_1_579' title='bbox 1054 930 1174 962; x_wconf 77' lang='lat' dir='ltr'>yladium</span> <span class='ocrx_word' id='word_1_580' title='bbox 1199 932 1312 956; x_wconf 81' lang='lat' dir='ltr'>acutum.</span> <span class='ocrx_word' id='word_1_581' title='bbox 1339 932 1464 961; x_wconf 84' lang='lat' dir='ltr'>Primum,</span> <span class='ocrx_word' id='word_1_582' title='bbox 1484 933 1604 964; x_wconf 87' lang='lat' dir='ltr'>quantum</span> <span class='ocrx_word' id='word_1_583' title='bbox 1629 934 1660 958; x_wconf 93' lang='lat' dir='ltr'>ad</span> <span class='ocrx_word' id='word_1_584' title='bbox 1685 935 1797 965; x_wconf 74' lang='lat' dir='ltr'>initium:</span> <span class='ocrx_word' id='word_1_585' title='bbox 1817 943 1899 961; x_wconf 88' lang='lat' dir='ltr'>secun-</span> 
     </span>
     <span class='ocr_line' id='line_1_77' title="bbox 1055 974 1899 1009; baseline 0.006 -11"><span class='ocrx_word' id='word_1_586' title='bbox 1055 974 1125 1003; x_wconf 88' lang='lat' dir='ltr'>dum,</span> <span class='ocrx_word' id='word_1_587' title='bbox 1151 974 1273 1005; x_wconf 88' lang='lat' dir='ltr'>quantum</span> <span class='ocrx_word' id='word_1_588' title='bbox 1298 975 1329 999; x_wconf 87' lang='lat' dir='ltr'>ad</span> <span class='ocrx_word' id='word_1_589' title='bbox 1349 983 1523 1006; x_wconf 77' lang='lat' dir='ltr'>progressum;</span> <span class='ocrx_word' id='word_1_590' title='bbox 1549 977 1573 1001; x_wconf 92' lang='lat' dir='ltr'>et</span> <span class='ocrx_word' id='word_1_591' title='bbox 1598 977 1708 1007; x_wconf 81' lang='lat' dir='ltr'>tertium,</span> <span class='ocrx_word' id='word_1_592' title='bbox 1729 979 1849 1009; x_wconf 88' lang='lat' dir='ltr'>quantum</span> <span class='ocrx_word' id='word_1_593' title='bbox 1868 979 1899 1003; x_wconf 89' lang='lat' dir='ltr'>ad</span> 
     </span>
     <span class='ocr_line' id='line_1_78' title="bbox 1055 1016 1138 1042; baseline 0 -1"><span class='ocrx_word' id='word_1_594' title='bbox 1055 1016 1138 1042; x_wconf 84' lang='lat' dir='ltr'>finem.</span> 
     </span>
    </p>

    <p class='ocr_par' dir='ltr' id='par_1_7' title="bbox 1055 1060 2045 1351">
     <span class='ocr_line' id='line_1_79' title="bbox 1126 1060 2044 1106; baseline 0.003 -22"><span class='ocrx_word' id='word_1_595' title='bbox 1126 1060 1204 1090; x_wconf 83' lang='lat' dir='ltr'>Item,</span> <span class='ocrx_word' id='word_1_596' title='bbox 1226 1061 1341 1086; x_wconf 87' lang='lat' dir='ltr'>sumatur</span> <span class='ocrx_word' id='word_1_597' title='bbox 1359 1062 1421 1086; x_wconf 90' lang='lat' dir='ltr'>illud</span> <span class='ocrx_word' id='word_1_598' title='bbox 1440 1062 1520 1087; x_wconf 85' lang='lat' dir='ltr'>Lucae</span> <span class='ocrx_word' id='word_1_599' title='bbox 1538 1063 1644 1088; x_wconf 87' lang='lat' dir='ltr'>secundo</span> <span class='ocrx_word' id='word_1_600' title='bbox 1656 1062 1689 1088; x_wconf 76' lang='lat'>¹⁴:</span> <span class='ocrx_word' id='word_1_601' title='bbox 1710 1064 1780 1095; x_wconf 80' lang='lat' dir='ltr'>Fili,</span> <span class='ocrx_word' id='word_1_602' title='bbox 1794 1064 1858 1095; x_wconf 78' lang='lat' dir='ltr'>quid</span> <span class='ocrx_word' id='word_1_603' title='bbox 1868 1064 1900 1095; x_wconf 79' lang='lat' dir='ltr'>fe·</span> <span class='ocrx_word' id='word_1_604' title='bbox 1948 1064 2044 1106; x_wconf 46' lang='lat' dir='ltr'>Quintam,</span> 
     </span>
     <span class='ocr_line' id='line_1_80' title="bbox 1055 1093 2045 1137; baseline 0.002 -10"><span class='ocrx_word' id='word_1_605' title='bbox 1055 1103 1113 1128; x_wconf 83' lang='lat' dir='ltr'>cisti</span> <span class='ocrx_word' id='word_1_606' title='bbox 1131 1103 1205 1128; x_wconf 83' lang='lat' dir='ltr'>nobis</span> <span class='ocrx_word' id='word_1_607' title='bbox 1223 1104 1260 1128; x_wconf 81' lang='lat' dir='ltr'>sic</span> <span class='ocrx_word' id='word_1_608' title='bbox 1271 1104 1284 1128; x_wconf 75' lang='lat'>.?</span> <span class='ocrx_word' id='word_1_609' title='bbox 1302 1104 1376 1135; x_wconf 83' lang='lat' dir='ltr'>Ecce,</span> <span class='ocrx_word' id='word_1_610' title='bbox 1392 1106 1470 1135; x_wconf 74' lang='lat' dir='ltr'>pater</span> <span class='ocrx_word' id='word_1_611' title='bbox 1488 1106 1548 1130; x_wconf 85' lang='lat' dir='ltr'>tuus</span> <span class='ocrx_word' id='word_1_612' title='bbox 1566 1107 1589 1130; x_wconf 86' lang='lat' dir='ltr'>et</span> <span class='ocrx_word' id='word_1_613' title='bbox 1607 1113 1651 1137; x_wconf 75' lang='lat' dir='ltr'>eqo</span> <span class='ocrx_word' id='word_1_614' title='bbox 1671 1106 1781 1131; x_wconf 74' lang='lat' dir='ltr'>dolentes</span> <span class='ocrx_word' id='word_1_615' title='bbox 1800 1114 1901 1137; x_wconf 75' lang='lat' dir='ltr'>quaere-</span> <span class='ocrx_word' id='word_1_616' title='bbox 1917 1093 2045 1130; x_wconf 49' lang='lat' dir='ltr'>ngnjffi&#39;ffium</span> 
     </span>
     <span class='ocr_line' id='line_1_81' title="bbox 1057 1147 1901 1180; baseline 0.006 -10"><span class='ocrx_word' id='word_1_617' title='bbox 1057 1147 1148 1171; x_wconf 82' lang='lat' dir='ltr'>bamus</span> <span class='ocrx_word' id='word_1_618' title='bbox 1168 1148 1197 1171; x_wconf 81' lang='lat' dir='ltr'>te.</span> <span class='ocrx_word' id='word_1_619' title='bbox 1218 1147 1242 1171; x_wconf 88' lang='lat' dir='ltr'>Si</span> <span class='ocrx_word' id='word_1_620' title='bbox 1261 1147 1368 1171; x_wconf 85' lang='lat' dir='ltr'>voluerit</span> <span class='ocrx_word' id='word_1_621' title='bbox 1387 1148 1442 1179; x_wconf 92' lang='lat' dir='ltr'>quis</span> <span class='ocrx_word' id='word_1_622' title='bbox 1466 1148 1494 1172; x_wconf 88' lang='lat' dir='ltr'>de</span> <span class='ocrx_word' id='word_1_623' title='bbox 1520 1148 1573 1173; x_wconf 88' lang='lat' dir='ltr'>toto</span> <span class='ocrx_word' id='word_1_624' title='bbox 1592 1148 1728 1180; x_wconf 84' lang='lat' dir='ltr'>Evangelio</span> <span class='ocrx_word' id='word_1_625' title='bbox 1746 1150 1901 1180; x_wconf 78' lang='lat' dir='ltr'>praedicare,</span> 
     </span>
     <span class='ocr_line' id='line_1_82' title="bbox 1056 1189 1903 1223; baseline 0.004 -9"><span class='ocrx_word' id='word_1_626' title='bbox 1056 1189 1152 1214; x_wconf 89' lang='lat' dir='ltr'>dicetur</span> <span class='ocrx_word' id='word_1_627' title='bbox 1165 1190 1207 1219; x_wconf 79' lang='lat' dir='ltr'>sic,</span> <span class='ocrx_word' id='word_1_628' title='bbox 1221 1190 1250 1214; x_wconf 90' lang='lat' dir='ltr'>ut</span> <span class='ocrx_word' id='word_1_629' title='bbox 1268 1189 1388 1221; x_wconf 61' lang='lat' dir='ltr'>supraffi:</span> <span class='ocrx_word' id='word_1_630' title='bbox 1402 1191 1427 1215; x_wconf 89' lang='lat' dir='ltr'>in</span> <span class='ocrx_word' id='word_1_631' title='bbox 1442 1191 1487 1216; x_wconf 91' lang='lat' dir='ltr'>hoc</span> <span class='ocrx_word' id='word_1_632' title='bbox 1513 1191 1649 1223; x_wconf 80' lang='lat' dir='ltr'>Evangelio</span> <span class='ocrx_word' id='word_1_633' title='bbox 1668 1192 1816 1223; x_wconf 88' lang='lat' dir='ltr'>proponitur</span> <span class='ocrx_word' id='word_1_634' title='bbox 1835 1193 1903 1217; x_wconf 87' lang='lat' dir='ltr'>Chri-</span> 
     </span>
     <span class='ocr_line' id='line_1_83' title="bbox 1057 1232 1902 1265; baseline 0.004 -8"><span class='ocrx_word' id='word_1_635' title='bbox 1057 1232 1113 1257; x_wconf 89' lang='lat' dir='ltr'>stus</span> <span class='ocrx_word' id='word_1_636' title='bbox 1133 1232 1318 1258; x_wconf 79' lang='lat' dir='ltr'>desiderandus</span> <span class='ocrx_word' id='word_1_637' title='bbox 1336 1234 1362 1258; x_wconf 89' lang='lat' dir='ltr'>in</span> <span class='ocrx_word' id='word_1_638' title='bbox 1381 1234 1514 1265; x_wconf 88' lang='lat' dir='ltr'>parentum</span> <span class='ocrx_word' id='word_1_639' title='bbox 1538 1234 1710 1265; x_wconf 65' lang='lat' dir='ltr'>requisitione:</span> <span class='ocrx_word' id='word_1_640' title='bbox 1730 1235 1902 1260; x_wconf 75' lang='lat' dir='ltr'>admirandus</span> 
     </span>
     <span class='ocr_line' id='line_1_84' title="bbox 1056 1276 1903 1308; baseline 0.002 -8"><span class='ocrx_word' id='word_1_641' title='bbox 1056 1276 1082 1300; x_wconf 91' lang='lat' dir='ltr'>in</span> <span class='ocrx_word' id='word_1_642' title='bbox 1102 1283 1244 1301; x_wconf 90' lang='lat' dir='ltr'>sermonum</span> <span class='ocrx_word' id='word_1_643' title='bbox 1263 1276 1415 1307; x_wconf 82' lang='lat' dir='ltr'>prolatione,</span> <span class='ocrx_word' id='word_1_644' title='bbox 1442 1277 1467 1301; x_wconf 87' lang='lat' dir='ltr'>et</span> <span class='ocrx_word' id='word_1_645' title='bbox 1491 1277 1633 1302; x_wconf 75' lang='lat' dir='ltr'>imitandus</span> <span class='ocrx_word' id='word_1_646' title='bbox 1651 1278 1677 1302; x_wconf 92' lang='lat' dir='ltr'>in</span> <span class='ocrx_word' id='word_1_647' title='bbox 1696 1278 1798 1308; x_wconf 88' lang='lat' dir='ltr'>parendi</span> <span class='ocrx_word' id='word_1_648' title='bbox 1823 1278 1903 1303; x_wconf 90' lang='lat' dir='ltr'>subie-</span> 
     </span>
     <span class='ocr_line' id='line_1_85' title="bbox 1057 1318 1649 1351; baseline 0.002 -8"><span class='ocrx_word' id='word_1_649' title='bbox 1057 1318 1146 1344; x_wconf 82' lang='lat' dir='ltr'>ctione.</span> <span class='ocrx_word' id='word_1_650' title='bbox 1167 1319 1233 1344; x_wconf 84' lang='lat' dir='ltr'>Haec</span> <span class='ocrx_word' id='word_1_651' title='bbox 1252 1320 1334 1344; x_wconf 87' lang='lat' dir='ltr'>omnia</span> <span class='ocrx_word' id='word_1_652' title='bbox 1352 1320 1378 1344; x_wconf 92' lang='lat' dir='ltr'>in</span> <span class='ocrx_word' id='word_1_653' title='bbox 1397 1319 1534 1351; x_wconf 79' lang='lat' dir='ltr'>Evangeho</span> <span class='ocrx_word' id='word_1_654' title='bbox 1553 1320 1649 1351; x_wconf 87' lang='lat' dir='ltr'>patent.</span> 
     </span>
    </p>

    <p class='ocr_par' dir='ltr' id='par_1_8' title="bbox 1057 1362 1986 1695">
     <span class='ocr_line' id='line_1_86' title="bbox 1128 1362 1986 1395; baseline 0.003 -9"><span class='ocrx_word' id='word_1_655' title='bbox 1128 1362 1181 1387; x_wconf 81' lang='lat' dir='ltr'>Iste</span> <span class='ocrx_word' id='word_1_656' title='bbox 1199 1362 1283 1387; x_wconf 87' lang='lat' dir='ltr'>autem</span> <span class='ocrx_word' id='word_1_657' title='bbox 1307 1363 1393 1388; x_wconf 91' lang='lat' dir='ltr'>modus</span> <span class='ocrx_word' id='word_1_658' title='bbox 1421 1364 1557 1388; x_wconf 89' lang='lat' dir='ltr'>communis</span> <span class='ocrx_word' id='word_1_659' title='bbox 1585 1371 1638 1388; x_wconf 86' lang='lat' dir='ltr'>esse</span> <span class='ocrx_word' id='word_1_660' title='bbox 1666 1364 1762 1395; x_wconf 82' lang='lat' dir='ltr'>potest,</span> <span class='ocrx_word' id='word_1_661' title='bbox 1788 1364 1830 1388; x_wconf 87' lang='lat' dir='ltr'>sed</span> <span class='ocrx_word' id='word_1_662' title='bbox 1854 1372 1903 1389; x_wconf 89' lang='lat' dir='ltr'>ma·</span> <span class='ocrx_word' id='word_1_663' title='bbox 1919 1363 1986 1382; x_wconf 62' lang='lat' dir='ltr'>Amer-</span> 
     </span>
     <span class='ocr_line' id='line_1_87' title="bbox 1057 1405 1904 1437; baseline 0.001 -7"><span class='ocrx_word' id='word_1_664' title='bbox 1057 1406 1096 1437; x_wconf 88' lang='lat' dir='ltr'>gis</span> <span class='ocrx_word' id='word_1_665' title='bbox 1113 1405 1214 1430; x_wconf 87' lang='lat' dir='ltr'>lectioni</span> <span class='ocrx_word' id='word_1_666' title='bbox 1232 1406 1351 1437; x_wconf 77' lang='lat' dir='ltr'>competit</span> <span class='ocrx_word' id='word_1_667' title='bbox 1369 1413 1443 1437; x_wconf 91' lang='lat' dir='ltr'>quam</span> <span class='ocrx_word' id='word_1_668' title='bbox 1463 1407 1584 1436; x_wconf 84' lang='lat' dir='ltr'>sermoni,</span> <span class='ocrx_word' id='word_1_669' title='bbox 1604 1406 1629 1431; x_wconf 90' lang='lat' dir='ltr'>et</span> <span class='ocrx_word' id='word_1_670' title='bbox 1650 1407 1762 1436; x_wconf 85' lang='lat' dir='ltr'>maxime,</span> <span class='ocrx_word' id='word_1_671' title='bbox 1782 1414 1836 1431; x_wconf 91' lang='lat' dir='ltr'>cum</span> <span class='ocrx_word' id='word_1_672' title='bbox 1856 1414 1904 1432; x_wconf 89' lang='lat' dir='ltr'>mo-</span> 
     </span>
     <span class='ocr_line' id='line_1_88' title="bbox 1057 1448 1904 1481; baseline 0.001 -8"><span class='ocrx_word' id='word_1_673' title='bbox 1057 1448 1127 1473; x_wconf 89' lang='lat' dir='ltr'>derni</span> <span class='ocrx_word' id='word_1_674' title='bbox 1146 1448 1295 1474; x_wconf 81' lang='lat' dir='ltr'>divisionum</span> <span class='ocrx_word' id='word_1_675' title='bbox 1321 1449 1440 1474; x_wconf 87' lang='lat' dir='ltr'>minutias</span> <span class='ocrx_word' id='word_1_676' title='bbox 1468 1449 1591 1480; x_wconf 81' lang='lat' dir='ltr'>quaerant</span> <span class='ocrx_word' id='word_1_677' title='bbox 1616 1450 1641 1474; x_wconf 90' lang='lat' dir='ltr'>et</span> <span class='ocrx_word' id='word_1_678' title='bbox 1665 1449 1749 1474; x_wconf 89' lang='lat' dir='ltr'>thema</span> <span class='ocrx_word' id='word_1_679' title='bbox 1774 1450 1799 1474; x_wconf 88' lang='lat' dir='ltr'>in</span> <span class='ocrx_word' id='word_1_680' title='bbox 1818 1450 1904 1481; x_wconf 85' lang='lat' dir='ltr'>partes</span> 
     </span>
     <span class='ocr_line' id='line_1_89' title="bbox 1058 1491 1904 1524; baseline 0.001 -8"><span class='ocrx_word' id='word_1_681' title='bbox 1058 1491 1141 1516; x_wconf 85' lang='lat' dir='ltr'>secent</span> <span class='ocrx_word' id='word_1_682' title='bbox 1160 1492 1313 1517; x_wconf 89' lang='lat' dir='ltr'>minutiores.</span> <span class='ocrx_word' id='word_1_683' title='bbox 1332 1492 1391 1517; x_wconf 85' lang='lat' dir='ltr'>Ideo</span> <span class='ocrx_word' id='word_1_684' title='bbox 1411 1492 1563 1523; x_wconf 87' lang='lat' dir='ltr'>praedictum</span> <span class='ocrx_word' id='word_1_685' title='bbox 1583 1492 1686 1517; x_wconf 88' lang='lat' dir='ltr'>verbum</span> <span class='ocrx_word' id='word_1_686' title='bbox 1714 1493 1798 1524; x_wconf 86' lang='lat' dir='ltr'>potest</span> <span class='ocrx_word' id='word_1_687' title='bbox 1816 1500 1860 1524; x_wconf 91' lang='lat' dir='ltr'>per</span> <span class='ocrx_word' id='word_1_688' title='bbox 1879 1500 1904 1517; x_wconf 88' lang='lat' dir='ltr'>se</span> 
     </span>
     <span class='ocr_line' id='line_1_90' title="bbox 1058 1534 1905 1565; baseline 0.001 -6"><span class='ocrx_word' id='word_1_689' title='bbox 1058 1534 1134 1559; x_wconf 87' lang='lat' dir='ltr'>dividi</span> <span class='ocrx_word' id='word_1_690' title='bbox 1160 1535 1207 1559; x_wconf 88' lang='lat' dir='ltr'>sic:</span> <span class='ocrx_word' id='word_1_691' title='bbox 1237 1535 1261 1559; x_wconf 91' lang='lat' dir='ltr'>in</span> <span class='ocrx_word' id='word_1_692' title='bbox 1287 1535 1362 1560; x_wconf 88' lang='lat' dir='ltr'>verbo</span> <span class='ocrx_word' id='word_1_693' title='bbox 1388 1535 1436 1560; x_wconf 87' lang='lat' dir='ltr'>isto</span> <span class='ocrx_word' id='word_1_694' title='bbox 1461 1536 1511 1560; x_wconf 90' lang='lat' dir='ltr'>tria</span> <span class='ocrx_word' id='word_1_695' title='bbox 1536 1535 1596 1560; x_wconf 90' lang='lat' dir='ltr'>sunt</span> <span class='ocrx_word' id='word_1_696' title='bbox 1621 1536 1785 1565; x_wconf 86' lang='lat' dir='ltr'>attendenda,</span> <span class='ocrx_word' id='word_1_697' title='bbox 1811 1535 1905 1561; x_wconf 87' lang='lat' dir='ltr'>scilicet</span> 
     </span>
     <span class='ocr_line' id='line_1_91' title="bbox 1058 1577 1904 1609; baseline 0.001 -7"><span class='ocrx_word' id='word_1_698' title='bbox 1058 1577 1137 1602; x_wconf 86' lang='lat' dir='ltr'>forma</span> <span class='ocrx_word' id='word_1_699' title='bbox 1155 1578 1293 1609; x_wconf 87' lang='lat' dir='ltr'>loquentis,</span> <span class='ocrx_word' id='word_1_700' title='bbox 1307 1578 1332 1603; x_wconf 88' lang='lat' dir='ltr'>et</span> <span class='ocrx_word' id='word_1_701' title='bbox 1351 1579 1504 1603; x_wconf 87' lang='lat' dir='ltr'>inveniemus</span> <span class='ocrx_word' id='word_1_702' title='bbox 1523 1579 1704 1603; x_wconf 86' lang='lat' dir='ltr'>curialitatem:</span> <span class='ocrx_word' id='word_1_703' title='bbox 1725 1579 1797 1609; x_wconf 82' lang='lat' dir='ltr'>Fiii‚·</span> <span class='ocrx_word' id='word_1_704' title='bbox 1818 1579 1904 1604; x_wconf 89' lang='lat' dir='ltr'>modus</span> 
     </span>
     <span class='ocr_line' id='line_1_92' title="bbox 1058 1621 1904 1653; baseline 0.001 -8"><span class='ocrx_word' id='word_1_705' title='bbox 1058 1621 1243 1652; x_wconf 80' lang='lat' dir='ltr'>compatientis,</span> <span class='ocrx_word' id='word_1_706' title='bbox 1269 1621 1294 1646; x_wconf 83' lang='lat' dir='ltr'>et</span> <span class='ocrx_word' id='word_1_707' title='bbox 1322 1622 1475 1646; x_wconf 86' lang='lat' dir='ltr'>inveniemus</span> <span class='ocrx_word' id='word_1_708' title='bbox 1494 1622 1626 1653; x_wconf 86' lang='lat' dir='ltr'>pietatem:</span> <span class='ocrx_word' id='word_1_709' title='bbox 1646 1621 1771 1652; x_wconf 85' lang='lat' dir='ltr'>dolentes,·</span> <span class='ocrx_word' id='word_1_710' title='bbox 1790 1622 1815 1647; x_wconf 90' lang='lat' dir='ltr'>et</span> <span class='ocrx_word' id='word_1_711' title='bbox 1842 1629 1904 1653; x_wconf 92' lang='lat' dir='ltr'>opus</span> 
     </span>
     <span class='ocr_line' id='line_1_93' title="bbox 1058 1663 1903 1695; baseline 0.002 -8"><span class='ocrx_word' id='word_1_712' title='bbox 1058 1663 1219 1694; x_wconf 87' lang='lat' dir='ltr'>inquirentis,</span> <span class='ocrx_word' id='word_1_713' title='bbox 1240 1664 1264 1688; x_wconf 90' lang='lat' dir='ltr'>et</span> <span class='ocrx_word' id='word_1_714' title='bbox 1289 1664 1442 1688; x_wconf 86' lang='lat' dir='ltr'>inveniemus</span> <span class='ocrx_word' id='word_1_715' title='bbox 1461 1664 1650 1689; x_wconf 88' lang='lat' dir='ltr'>strenuitatem:</span> <span class='ocrx_word' id='word_1_716' title='bbox 1672 1665 1854 1695; x_wconf 80' lang='lat' dir='ltr'>quaerebamus</span> <span class='ocrx_word' id='word_1_717' title='bbox 1874 1665 1903 1689; x_wconf 79' lang='lat' dir='ltr'>te.</span> 
     </span>
    </p>

    <p class='ocr_par' dir='ltr' id='par_1_9' title="bbox 1057 1705 2005 2032">
     <span class='ocr_line' id='line_1_94' title="bbox 1129 1705 2005 1739; baseline 0.001 -8"><span class='ocrx_word' id='word_1_718' title='bbox 1129 1707 1171 1731; x_wconf 84' lang='lat'>22.</span> <span class='ocrx_word' id='word_1_719' title='bbox 1185 1707 1258 1736; x_wconf 87' lang='lat' dir='ltr'>Item,</span> <span class='ocrx_word' id='word_1_720' title='bbox 1272 1707 1380 1738; x_wconf 90' lang='lat' dir='ltr'>ponatur</span> <span class='ocrx_word' id='word_1_721' title='bbox 1393 1707 1455 1732; x_wconf 89' lang='lat' dir='ltr'>illud</span> <span class='ocrx_word' id='word_1_722' title='bbox 1468 1707 1549 1732; x_wconf 84' lang='lat' dir='ltr'>Isaiae</span> <span class='ocrx_word' id='word_1_723' title='bbox 1563 1708 1714 1739; x_wconf 83' lang='lat' dir='ltr'>sexagesimo</span> <span class='ocrx_word' id='word_1_724' title='bbox 1726 1706 1758 1731; x_wconf 74' lang='lat'>¹⁶:</span> <span class='ocrx_word' id='word_1_725' title='bbox 1778 1708 1853 1733; x_wconf 82' lang='lat' dir='ltr'>Venit</span> <span class='ocrx_word' id='word_1_726' title='bbox 1868 1707 1904 1732; x_wconf 81' lang='lat' dir='ltr'>tu·</span> <span class='ocrx_word' id='word_1_727' title='bbox 1921 1705 2005 1724; x_wconf 73' lang='lat' dir='ltr'>Sextum.</span> 
     </span>
     <span class='ocr_line' id='line_1_95' title="bbox 1057 1750 1903 1782; baseline 0.001 -8"><span class='ocrx_word' id='word_1_728' title='bbox 1057 1757 1115 1774; x_wconf 89' lang='lat' dir='ltr'>men</span> <span class='ocrx_word' id='word_1_729' title='bbox 1128 1751 1207 1781; x_wconf 84' lang='lat' dir='ltr'>tuurn,</span> <span class='ocrx_word' id='word_1_730' title='bbox 1222 1751 1245 1774; x_wconf 85' lang='lat' dir='ltr'>et</span> <span class='ocrx_word' id='word_1_731' title='bbox 1255 1750 1344 1781; x_wconf 59' lang='lat' dir='ltr'>gloria</span> <span class='ocrx_word' id='word_1_732' title='bbox 1356 1750 1464 1775; x_wconf 83' lang='lat' dir='ltr'>Domini</span> <span class='ocrx_word' id='word_1_733' title='bbox 1477 1757 1555 1781; x_wconf 76' lang='lat' dir='ltr'>super</span> <span class='ocrx_word' id='word_1_734' title='bbox 1569 1751 1590 1774; x_wconf 82' lang='lat' dir='ltr'>te</span> <span class='ocrx_word' id='word_1_735' title='bbox 1603 1751 1662 1775; x_wconf 78' lang='lat' dir='ltr'>orta</span> <span class='ocrx_word' id='word_1_736' title='bbox 1677 1752 1728 1782; x_wconf 80' lang='lat' dir='ltr'>est,</span> <span class='ocrx_word' id='word_1_737' title='bbox 1742 1750 1842 1775; x_wconf 85' lang='lat' dir='ltr'>dicendo</span> <span class='ocrx_word' id='word_1_738' title='bbox 1855 1751 1903 1775; x_wconf 88' lang='lat' dir='ltr'>sic:</span> 
     </span>
     <span class='ocr_line' id='line_1_96' title="bbox 1058 1792 1904 1825; baseline 0.001 -8"><span class='ocrx_word' id='word_1_739' title='bbox 1058 1793 1083 1817; x_wconf 92' lang='lat' dir='ltr'>in</span> <span class='ocrx_word' id='word_1_740' title='bbox 1103 1792 1177 1818; x_wconf 89' lang='lat' dir='ltr'>verbo</span> <span class='ocrx_word' id='word_1_741' title='bbox 1197 1792 1323 1824; x_wconf 90' lang='lat' dir='ltr'>praedicto</span> <span class='ocrx_word' id='word_1_742' title='bbox 1343 1792 1470 1824; x_wconf 88' lang='lat' dir='ltr'>Propheta</span> <span class='ocrx_word' id='word_1_743' title='bbox 1494 1793 1587 1825; x_wconf 81' lang='lat' dir='ltr'>ingerit</span> <span class='ocrx_word' id='word_1_744' title='bbox 1609 1793 1680 1818; x_wconf 88' lang='lat' dir='ltr'>nobis</span> <span class='ocrx_word' id='word_1_745' title='bbox 1705 1793 1733 1818; x_wconf 88' lang='lat' dir='ltr'>de</span> <span class='ocrx_word' id='word_1_746' title='bbox 1760 1793 1904 1818; x_wconf 89' lang='lat' dir='ltr'>Mediatoris</span> 
     </span>
     <span class='ocr_line' id='line_1_97' title="bbox 1058 1835 1905 1867; baseline 0.001 -8"><span class='ocrx_word' id='word_1_747' title='bbox 1058 1835 1216 1860; x_wconf 88' lang='lat' dir='ltr'>solemnitate</span> <span class='ocrx_word' id='word_1_748' title='bbox 1235 1835 1367 1860; x_wconf 86' lang='lat' dir='ltr'>laetitiam.</span> <span class='ocrx_word' id='word_1_749' title='bbox 1381 1835 1502 1866; x_wconf 89' lang='lat' dir='ltr'>Proponit</span> <span class='ocrx_word' id='word_1_750' title='bbox 1515 1836 1598 1860; x_wconf 89' lang='lat' dir='ltr'>autem</span> <span class='ocrx_word' id='word_1_751' title='bbox 1611 1836 1693 1867; x_wconf 89' lang='lat' dir='ltr'>ipsum</span> <span class='ocrx_word' id='word_1_752' title='bbox 1712 1836 1783 1861; x_wconf 91' lang='lat' dir='ltr'>nobis</span> <span class='ocrx_word' id='word_1_753' title='bbox 1802 1836 1848 1860; x_wconf 87' lang='lat' dir='ltr'>sub</span> <span class='ocrx_word' id='word_1_754' title='bbox 1867 1844 1905 1861; x_wconf 86' lang='lat' dir='ltr'>ra-</span> 
     </span>
     <span class='ocr_line' id='line_1_98' title="bbox 1058 1878 1905 1910; baseline 0.001 -7"><span class='ocrx_word' id='word_1_755' title='bbox 1058 1878 1125 1903; x_wconf 85' lang='lat' dir='ltr'>tione</span> <span class='ocrx_word' id='word_1_756' title='bbox 1145 1879 1281 1903; x_wconf 89' lang='lat' dir='ltr'>venientis:</span> <span class='ocrx_word' id='word_1_757' title='bbox 1308 1879 1397 1909; x_wconf 87' lang='lat' dir='ltr'>Venit,·</span> <span class='ocrx_word' id='word_1_758' title='bbox 1415 1879 1594 1903; x_wconf 86' lang='lat' dir='ltr'>illuminantis:</span> <span class='ocrx_word' id='word_1_759' title='bbox 1616 1879 1701 1904; x_wconf 81' lang='lat' dir='ltr'>lumen</span> <span class='ocrx_word' id='word_1_760' title='bbox 1721 1880 1792 1904; x_wconf 80' lang='lat' dir='ltr'>tuum</span> <span class='ocrx_word' id='word_1_761' title='bbox 1799 1888 1808 1910; x_wconf 80' lang='lat'>,·</span> <span class='ocrx_word' id='word_1_762' title='bbox 1826 1879 1851 1904; x_wconf 90' lang='lat' dir='ltr'>et</span> <span class='ocrx_word' id='word_1_763' title='bbox 1869 1887 1905 1904; x_wconf 89' lang='lat' dir='ltr'>re-</span> 
     </span>
     <span class='ocr_line' id='line_1_99' title="bbox 1058 1921 1905 1953; baseline 0.001 -7"><span class='ocrx_word' id='word_1_764' title='bbox 1058 1921 1228 1946; x_wconf 89' lang='lat' dir='ltr'>munerantis:</span> <span class='ocrx_word' id='word_1_765' title='bbox 1247 1923 1271 1946; x_wconf 91' lang='lat' dir='ltr'>et</span> <span class='ocrx_word' id='word_1_766' title='bbox 1287 1921 1374 1953; x_wconf 66' lang='lat' dir='ltr'>yioria</span> <span class='ocrx_word' id='word_1_767' title='bbox 1400 1922 1510 1947; x_wconf 85' lang='lat' dir='ltr'>Domini</span> <span class='ocrx_word' id='word_1_768' title='bbox 1528 1922 1572 1947; x_wconf 88' lang='lat' dir='ltr'>etc.</span> <span class='ocrx_word' id='word_1_769' title='bbox 1594 1921 1714 1952; x_wconf 91' lang='lat' dir='ltr'>Primum,</span> <span class='ocrx_word' id='word_1_770' title='bbox 1734 1922 1855 1953; x_wconf 87' lang='lat' dir='ltr'>quantum</span> <span class='ocrx_word' id='word_1_771' title='bbox 1873 1922 1905 1947; x_wconf 85' lang='lat' dir='ltr'>ad</span> 
     </span>
     <span class='ocr_line' id='line_1_100' title="bbox 1057 1964 1905 1996; baseline 0.001 -7"><span class='ocrx_word' id='word_1_772' title='bbox 1057 1964 1171 1995; x_wconf 76' lang='lat' dir='ltr'>initium:</span> <span class='ocrx_word' id='word_1_773' title='bbox 1183 1965 1325 1994; x_wconf 88' lang='lat' dir='ltr'>secundum,</span> <span class='ocrx_word' id='word_1_774' title='bbox 1336 1965 1459 1996; x_wconf 90' lang='lat' dir='ltr'>quantum</span> <span class='ocrx_word' id='word_1_775' title='bbox 1472 1965 1503 1989; x_wconf 84' lang='lat' dir='ltr'>ad</span> <span class='ocrx_word' id='word_1_776' title='bbox 1517 1972 1691 1996; x_wconf 81' lang='lat' dir='ltr'>progressum3</span> <span class='ocrx_word' id='word_1_777' title='bbox 1705 1965 1816 1995; x_wconf 87' lang='lat' dir='ltr'>tertium,</span> <span class='ocrx_word' id='word_1_778' title='bbox 1829 1972 1905 1996; x_wconf 91' lang='lat' dir='ltr'>quan-</span> 
     </span>
     <span class='ocr_line' id='line_1_101' title="bbox 1057 2007 1263 2032; baseline 0 0"><span class='ocrx_word' id='word_1_779' title='bbox 1057 2007 1111 2032; x_wconf 90' lang='lat' dir='ltr'>tum</span> <span class='ocrx_word' id='word_1_780' title='bbox 1130 2007 1162 2032; x_wconf 88' lang='lat' dir='ltr'>ad</span> <span class='ocrx_word' id='word_1_781' title='bbox 1180 2007 1263 2032; x_wconf 87' lang='lat' dir='ltr'>finem.</span> 
     </span>
    </p>

    <p class='ocr_par' dir='ltr' id='par_1_10' title="bbox 1057 2048 2032 2469">
     <span class='ocr_line' id='line_1_102' title="bbox 1130 2048 2032 2082; baseline 0 -7"><span class='ocrx_word' id='word_1_782' title='bbox 1130 2050 1210 2079; x_wconf 82' lang='lat' dir='ltr'>Item,</span> <span class='ocrx_word' id='word_1_783' title='bbox 1236 2050 1410 2081; x_wconf 87' lang='lat' dir='ltr'>proponantur</span> <span class='ocrx_word' id='word_1_784' title='bbox 1436 2051 1583 2082; x_wconf 87' lang='lat' dir='ltr'>simpliciter</span> <span class='ocrx_word' id='word_1_785' title='bbox 1607 2051 1721 2080; x_wconf 73' lang='lat' dir='ltr'>nomina:</span> <span class='ocrx_word' id='word_1_786' title='bbox 1747 2050 1772 2075; x_wconf 91' lang='lat' dir='ltr'>et</span> <span class='ocrx_word' id='word_1_787' title='bbox 1790 2050 1904 2075; x_wconf 90' lang='lat' dir='ltr'>sumatur</span> <span class='ocrx_word' id='word_1_788' title='bbox 1921 2048 2032 2072; x_wconf 80' lang='lat' dir='ltr'>Septimum.</span> 
     </span>
     <span class='ocr_line' id='line_1_103' title="bbox 1057 2092 1905 2126; baseline 0 -9"><span class='ocrx_word' id='word_1_789' title='bbox 1057 2093 1120 2118; x_wconf 90' lang='lat' dir='ltr'>illud</span> <span class='ocrx_word' id='word_1_790' title='bbox 1139 2093 1170 2118; x_wconf 88' lang='lat' dir='ltr'>ad</span> <span class='ocrx_word' id='word_1_791' title='bbox 1189 2093 1313 2118; x_wconf 86' lang='lat' dir='ltr'>Romanos</span> <span class='ocrx_word' id='word_1_792' title='bbox 1333 2094 1402 2119; x_wconf 85' lang='lat' dir='ltr'>sexto</span> <span class='ocrx_word' id='word_1_793' title='bbox 1412 2092 1446 2118; x_wconf 85' lang='lat'>¹⁷:</span> <span class='ocrx_word' id='word_1_794' title='bbox 1470 2094 1548 2126; x_wconf 77' lang='lat' dir='ltr'>Quem</span> <span class='ocrx_word' id='word_1_795' title='bbox 1566 2093 1680 2123; x_wconf 80' lang='lat' dir='ltr'>fructum</span> <span class='ocrx_word' id='word_1_796' title='bbox 1699 2094 1825 2118; x_wconf 75' lang='lat' dir='ltr'>habuistis</span> <span class='ocrx_word' id='word_1_797' title='bbox 1845 2094 1905 2118; x_wconf 83' lang='lat' dir='ltr'>tunc</span> 
     </span>
     <span class='ocr_line' id='line_1_104' title="bbox 1058 2136 1904 2168; baseline -0.001 -7"><span class='ocrx_word' id='word_1_798' title='bbox 1058 2137 1086 2161; x_wconf 86' lang='lat' dir='ltr'>in</span> <span class='ocrx_word' id='word_1_799' title='bbox 1105 2136 1175 2168; x_wconf 81' lang='lat' dir='ltr'>illis,</span> <span class='ocrx_word' id='word_1_800' title='bbox 1196 2137 1223 2161; x_wconf 88' lang='lat' dir='ltr'>in</span> <span class='ocrx_word' id='word_1_801' title='bbox 1242 2136 1336 2167; x_wconf 82' lang='lat' dir='ltr'>quibus</span> <span class='ocrx_word' id='word_1_802' title='bbox 1355 2144 1424 2161; x_wconf 82' lang='lat' dir='ltr'>nwno</span> <span class='ocrx_word' id='word_1_803' title='bbox 1443 2136 1612 2161; x_wconf 76' lang='lat' dir='ltr'>erubescitis?</span> <span class='ocrx_word' id='word_1_804' title='bbox 1630 2137 1702 2161; x_wconf 85' lang='lat' dir='ltr'>Nam</span> <span class='ocrx_word' id='word_1_805' title='bbox 1720 2136 1780 2167; x_wconf 72' lang='lat' dir='ltr'>finis</span> <span class='ocrx_word' id='word_1_806' title='bbox 1798 2136 1904 2160; x_wconf 79' lang='lat' dir='ltr'>illorum</span> 
     </span>
     <span class='ocr_line' id='line_1_105' title="bbox 1058 2179 1904 2211; baseline 0 -7"><span class='ocrx_word' id='word_1_807' title='bbox 1058 2187 1128 2204; x_wconf 88' lang='lat' dir='ltr'>mors</span> <span class='ocrx_word' id='word_1_808' title='bbox 1147 2181 1199 2210; x_wconf 83' lang='lat' dir='ltr'>est,-</span> <span class='ocrx_word' id='word_1_809' title='bbox 1218 2179 1363 2211; x_wconf 87' lang='lat' dir='ltr'>dicaturque</span> <span class='ocrx_word' id='word_1_810' title='bbox 1383 2180 1431 2204; x_wconf 90' lang='lat' dir='ltr'>sic:</span> <span class='ocrx_word' id='word_1_811' title='bbox 1460 2180 1510 2204; x_wconf 89' lang='lat' dir='ltr'>tria</span> <span class='ocrx_word' id='word_1_812' title='bbox 1535 2180 1606 2211; x_wconf 90' lang='lat' dir='ltr'>ponit</span> <span class='ocrx_word' id='word_1_813' title='bbox 1624 2179 1664 2204; x_wconf 91' lang='lat' dir='ltr'>hic</span> <span class='ocrx_word' id='word_1_814' title='bbox 1683 2179 1831 2210; x_wconf 76' lang='lat' dir='ltr'>Apostolus,</span> <span class='ocrx_word' id='word_1_815' title='bbox 1850 2185 1904 2210; x_wconf 90' lang='lat' dir='ltr'>pro-</span> 
     </span>
     <span class='ocr_line' id='line_1_106' title="bbox 1058 2214 1905 2255; baseline -0.002 -7"><span class='ocrx_word' id='word_1_816' title='bbox 1058 2224 1115 2254; x_wconf 87' lang='lat' dir='ltr'>pter</span> <span class='ocrx_word' id='word_1_817' title='bbox 1134 2230 1196 2254; x_wconf 87' lang='lat' dir='ltr'>quae</span> <span class='ocrx_word' id='word_1_818' title='bbox 1215 2223 1275 2248; x_wconf 88' lang='lat' dir='ltr'>sunt</span> <span class='ocrx_word' id='word_1_819' title='bbox 1293 2223 1411 2255; x_wconf 76' lang='lat' dir='ltr'>fugienda</span> <span class='ocrx_word' id='word_1_820' title='bbox 1430 2223 1544 2254; x_wconf 86' lang='lat' dir='ltr'>peccata,</span> <span class='ocrx_word' id='word_1_821' title='bbox 1565 2222 1659 2248; x_wconf 87' lang='lat' dir='ltr'>scilicet</span> <span class='ocrx_word' id='word_1_822' title='bbox 1685 2214 1804 2247; x_wconf 84' lang='lat' dir='ltr'>utilitatis</span> <span class='ocrx_word' id='word_1_823' title='bbox 1822 2219 1905 2246; x_wconf 86' lang='lat' dir='ltr'>caren-</span> 
     </span>
     <span class='ocr_line' id='line_1_107' title="bbox 1058 2264 1904 2298; baseline -0.002 -8"><span class='ocrx_word' id='word_1_824' title='bbox 1058 2265 1109 2290; x_wconf 88' lang='lat' dir='ltr'>tia:</span> <span class='ocrx_word' id='word_1_825' title='bbox 1132 2266 1211 2298; x_wconf 74' lang='lat' dir='ltr'>Quem</span> <span class='ocrx_word' id='word_1_826' title='bbox 1230 2265 1360 2295; x_wconf 80' lang='lat' dir='ltr'>fructum,·</span> <span class='ocrx_word' id='word_1_827' title='bbox 1380 2266 1480 2290; x_wconf 88' lang='lat' dir='ltr'>evidens</span> <span class='ocrx_word' id='word_1_828' title='bbox 1499 2266 1682 2290; x_wconf 84' lang='lat' dir='ltr'>erubescentia:</span> <span class='ocrx_word' id='word_1_829' title='bbox 1694 2271 1763 2289; x_wconf 78' lang='lat' dir='ltr'>nunc</span> <span class='ocrx_word' id='word_1_830' title='bbox 1781 2264 1904 2289; x_wconf 83' lang='lat' dir='ltr'>erubesci-</span> 
     </span>
     <span class='ocr_line' id='line_1_108' title="bbox 1060 2307 1905 2340; baseline -0.002 -7"><span class='ocrx_word' id='word_1_831' title='bbox 1060 2310 1109 2339; x_wconf 86' lang='lat' dir='ltr'>tis;</span> <span class='ocrx_word' id='word_1_832' title='bbox 1127 2309 1152 2334; x_wconf 89' lang='lat' dir='ltr'>et</span> <span class='ocrx_word' id='word_1_833' title='bbox 1171 2309 1288 2334; x_wconf 87' lang='lat' dir='ltr'>aeternae</span> <span class='ocrx_word' id='word_1_834' title='bbox 1307 2309 1474 2334; x_wconf 83' lang='lat' dir='ltr'>damnationis</span> <span class='ocrx_word' id='word_1_835' title='bbox 1496 2309 1610 2340; x_wconf 89' lang='lat' dir='ltr'>sequela:</span> <span class='ocrx_word' id='word_1_836' title='bbox 1631 2308 1702 2333; x_wconf 89' lang='lat' dir='ltr'>Nam</span> <span class='ocrx_word' id='word_1_837' title='bbox 1720 2307 1781 2338; x_wconf 70' lang='lat' dir='ltr'>finis</span> <span class='ocrx_word' id='word_1_838' title='bbox 1798 2307 1905 2332; x_wconf 81' lang='lat' dir='ltr'>iliorum</span> 
     </span>
     <span class='ocr_line' id='line_1_109' title="bbox 1058 2350 1904 2383; baseline -0.002 -7"><span class='ocrx_word' id='word_1_839' title='bbox 1058 2360 1128 2377; x_wconf 85' lang='lat' dir='ltr'>mors</span> <span class='ocrx_word' id='word_1_840' title='bbox 1146 2353 1192 2377; x_wconf 87' lang='lat' dir='ltr'>est.</span> <span class='ocrx_word' id='word_1_841' title='bbox 1210 2352 1318 2383; x_wconf 84' lang='lat' dir='ltr'>Propter</span> <span class='ocrx_word' id='word_1_842' title='bbox 1344 2353 1451 2383; x_wconf 90' lang='lat' dir='ltr'>primum</span> <span class='ocrx_word' id='word_1_843' title='bbox 1478 2353 1537 2377; x_wconf 90' lang='lat' dir='ltr'>sunt</span> <span class='ocrx_word' id='word_1_844' title='bbox 1557 2352 1677 2382; x_wconf 80' lang='lat' dir='ltr'>inutilia,</span> <span class='ocrx_word' id='word_1_845' title='bbox 1696 2350 1748 2375; x_wconf 89' lang='lat' dir='ltr'>ideo</span> <span class='ocrx_word' id='word_1_846' title='bbox 1766 2357 1815 2375; x_wconf 92' lang='lat' dir='ltr'>non</span> <span class='ocrx_word' id='word_1_847' title='bbox 1834 2357 1904 2381; x_wconf 83' lang='lat' dir='ltr'>expe-</span> 
     </span>
     <span class='ocr_line' id='line_1_110' title="bbox 1059 2393 1905 2427; baseline -0.002 -8"><span class='ocrx_word' id='word_1_848' title='bbox 1059 2395 1144 2425; x_wconf 73' lang='lat' dir='ltr'>diunt:</span> <span class='ocrx_word' id='word_1_849' title='bbox 1165 2395 1268 2426; x_wconf 88' lang='lat' dir='ltr'>propter</span> <span class='ocrx_word' id='word_1_850' title='bbox 1287 2396 1419 2420; x_wconf 89' lang='lat' dir='ltr'>secundum</span> <span class='ocrx_word' id='word_1_851' title='bbox 1441 2396 1542 2427; x_wconf 72' lang='lat' dir='ltr'>turpia,</span> <span class='ocrx_word' id='word_1_852' title='bbox 1563 2395 1615 2420; x_wconf 85' lang='lat' dir='ltr'>ideo</span> <span class='ocrx_word' id='word_1_853' title='bbox 1634 2401 1682 2419; x_wconf 90' lang='lat' dir='ltr'>non</span> <span class='ocrx_word' id='word_1_854' title='bbox 1696 2393 1793 2423; x_wconf 85' lang='lat' dir='ltr'>decent;</span> <span class='ocrx_word' id='word_1_855' title='bbox 1813 2393 1838 2417; x_wconf 89' lang='lat' dir='ltr'>et</span> <span class='ocrx_word' id='word_1_856' title='bbox 1850 2400 1905 2424; x_wconf 89' lang='lat' dir='ltr'>pro-</span> 
     </span>
     <span class='ocr_line' id='line_1_111' title="bbox 1059 2437 1680 2469; baseline -0.003 -7"><span class='ocrx_word' id='word_1_857' title='bbox 1059 2438 1115 2469; x_wconf 86' lang='lat' dir='ltr'>pter</span> <span class='ocrx_word' id='word_1_858' title='bbox 1134 2438 1237 2462; x_wconf 88' lang='lat' dir='ltr'>tertium</span> <span class='ocrx_word' id='word_1_859' title='bbox 1257 2438 1317 2463; x_wconf 85' lang='lat' dir='ltr'>sunt</span> <span class='ocrx_word' id='word_1_860' title='bbox 1335 2438 1439 2469; x_wconf 84' lang='lat' dir='ltr'>nociva,</span> <span class='ocrx_word' id='word_1_861' title='bbox 1459 2438 1512 2463; x_wconf 86' lang='lat' dir='ltr'>ideo</span> <span class='ocrx_word' id='word_1_862' title='bbox 1530 2445 1579 2463; x_wconf 90' lang='lat' dir='ltr'>non</span> <span class='ocrx_word' id='word_1_863' title='bbox 1597 2437 1680 2461; x_wconf 86' lang='lat' dir='ltr'>licent.</span> 
     </span>
    </p>

    <p class='ocr_par' dir='ltr' id='par_1_11' title="bbox 1059 2475 2016 2598">
     <span class='ocr_line' id='line_1_112' title="bbox 1130 2475 2016 2512; baseline -0.002 -7"><span class='ocrx_word' id='word_1_864' title='bbox 1130 2481 1249 2506; x_wconf 88' lang='lat' dir='ltr'>Similiter</span> <span class='ocrx_word' id='word_1_865' title='bbox 1268 2481 1378 2512; x_wconf 89' lang='lat' dir='ltr'>ponatur</span> <span class='ocrx_word' id='word_1_866' title='bbox 1390 2481 1453 2506; x_wconf 88' lang='lat' dir='ltr'>illud</span> <span class='ocrx_word' id='word_1_867' title='bbox 1466 2480 1600 2505; x_wconf 85' lang='lat' dir='ltr'>Ezechielis</span> <span class='ocrx_word' id='word_1_868' title='bbox 1619 2480 1746 2511; x_wconf 80' lang='lat' dir='ltr'>trigesimo</span> <span class='ocrx_word' id='word_1_869' title='bbox 1765 2476 1901 2510; x_wconf 74' lang='lat' dir='ltr'>quarto¹⁸2</span> <span class='ocrx_word' id='word_1_870' title='bbox 1918 2475 2016 2494; x_wconf 72' lang='lat' dir='ltr'>octavum.</span> 
     </span>
     <span class='ocr_line' id='line_1_113' title="bbox 1059 2521 1902 2555; baseline -0.005 -6"><span class='ocrx_word' id='word_1_871' title='bbox 1059 2524 1117 2555; x_wconf 73' lang='lat' dir='ltr'>Eyo</span> <span class='ocrx_word' id='word_1_872' title='bbox 1133 2531 1240 2555; x_wconf 74' lang='lat' dir='ltr'>pascam</span> <span class='ocrx_word' id='word_1_873' title='bbox 1260 2531 1315 2549; x_wconf 87' lang='lat' dir='ltr'>oves</span> <span class='ocrx_word' id='word_1_874' title='bbox 1333 2531 1418 2555; x_wconf 83' lang='lat' dir='ltr'>meas,</span> <span class='ocrx_word' id='word_1_875' title='bbox 1438 2525 1462 2549; x_wconf 89' lang='lat' dir='ltr'>et</span> <span class='ocrx_word' id='word_1_876' title='bbox 1480 2531 1525 2555; x_wconf 70' lang='lat' dir='ltr'>eqo</span> <span class='ocrx_word' id='word_1_877' title='bbox 1544 2523 1667 2548; x_wconf 79' lang='lat' dir='ltr'>accubare</span> <span class='ocrx_word' id='word_1_878' title='bbox 1685 2530 1728 2547; x_wconf 81' lang='lat' dir='ltr'>eas</span> <span class='ocrx_word' id='word_1_879' title='bbox 1746 2521 1859 2551; x_wconf 84' lang='lat' dir='ltr'>faciam,·</span> <span class='ocrx_word' id='word_1_880' title='bbox 1877 2521 1902 2546; x_wconf 86' lang='lat' dir='ltr'>et</span> 
     </span>
     <span class='ocr_line' id='line_1_114' title="bbox 1059 2564 1904 2598; baseline -0.004 -7"><span class='ocrx_word' id='word_1_881' title='bbox 1059 2567 1155 2592; x_wconf 88' lang='lat' dir='ltr'>dicetur</span> <span class='ocrx_word' id='word_1_882' title='bbox 1179 2568 1227 2592; x_wconf 89' lang='lat' dir='ltr'>sic:</span> <span class='ocrx_word' id='word_1_883' title='bbox 1254 2567 1374 2592; x_wconf 87' lang='lat' dir='ltr'>Dominus</span> <span class='ocrx_word' id='word_1_884' title='bbox 1399 2567 1439 2592; x_wconf 89' lang='lat' dir='ltr'>hic</span> <span class='ocrx_word' id='word_1_885' title='bbox 1463 2567 1510 2591; x_wconf 90' lang='lat' dir='ltr'>duo</span> <span class='ocrx_word' id='word_1_886' title='bbox 1529 2565 1704 2598; x_wconf 87' lang='lat' dir='ltr'>praenuntiat:</span> <span class='ocrx_word' id='word_1_887' title='bbox 1725 2566 1749 2589; x_wconf 91' lang='lat' dir='ltr'>in</span> <span class='ocrx_word' id='word_1_888' title='bbox 1779 2564 1904 2595; x_wconf 88' lang='lat' dir='ltr'>praesenti</span> 
     </span>
    </p>
   </div>
   <div class='ocr_carea' id='block_1_5' title="bbox 777 2679 1292 2681">
    <p class='ocr_par' dir='ltr' id='par_1_12' title="bbox 777 2679 1292 2681">
     <span class='ocr_line' id='line_1_115' title="bbox 777 2679 1292 2681; baseline 0 0"><span class='ocrx_word' id='word_1_889' title='bbox 777 2679 1292 2681; x_wconf 95' lang='lat' dir='ltr'> </span> 
     </span>
    </p>
   </div>
   <div class='ocr_carea' id='block_1_6' title="bbox 159 2764 1004 2943">
    <p class='ocr_par' dir='ltr' id='par_1_13' title="bbox 221 2764 369 2787">
     <span class='ocr_line' id='line_1_116' title="bbox 221 2764 369 2787; baseline -0.014 1"><span class='ocrx_word' id='word_1_890' title='bbox 221 2764 229 2776; x_wconf 81' lang='lat'>¹</span> <span class='ocrx_word' id='word_1_891' title='bbox 248 2765 314 2787; x_wconf 87' lang='lat' dir='ltr'>Vers.</span> <span class='ocrx_word' id='word_1_892' title='bbox 332 2765 369 2787; x_wconf 63' lang='lat'>311.</span> 
     </span>
    </p>

    <p class='ocr_par' dir='ltr' id='par_1_14' title="bbox 221 2795 776 2818">
     <span class='ocr_line' id='line_1_117' title="bbox 221 2795 776 2818; baseline 0 0"><span class='ocrx_word' id='word_1_893' title='bbox 221 2795 230 2808; x_wconf 78' lang='lat'>³</span> <span class='ocrx_word' id='word_1_894' title='bbox 249 2796 314 2818; x_wconf 85' lang='lat' dir='ltr'>Vers.</span> <span class='ocrx_word' id='word_1_895' title='bbox 332 2796 369 2818; x_wconf 82' lang='grc' dir='ltr'>Μ.</span> <span class='ocrx_word' id='word_1_896' title='bbox 645 2796 654 2808; x_wconf 82' lang='lat'>⁴¹</span> <span class='ocrx_word' id='word_1_897' title='bbox 672 2796 738 2818; x_wconf 89' lang='lat' dir='ltr'>Vers.</span> <span class='ocrx_word' id='word_1_898' title='bbox 754 2796 776 2818; x_wconf 91' lang='lat'>7.</span> 
     </span>
    </p>

    <p class='ocr_par' dir='ltr' id='par_1_15' title="bbox 221 2825 856 2856">
     <span class='ocr_line' id='line_1_118' title="bbox 221 2825 856 2856; baseline 0 -7"><span class='ocrx_word' id='word_1_899' title='bbox 221 2825 230 2838; x_wconf 79' lang='lat'>⁵</span> <span class='ocrx_word' id='word_1_900' title='bbox 248 2827 330 2849; x_wconf 80' lang='lat' dir='ltr'>Psalm.</span> <span class='ocrx_word' id='word_1_901' title='bbox 347 2826 384 2854; x_wconf 77' lang='lat'>44,</span> <span class='ocrx_word' id='word_1_902' title='bbox 402 2827 423 2849; x_wconf 85' lang='lat'>3.</span> <span class='ocrx_word' id='word_1_903' title='bbox 644 2825 653 2839; x_wconf 66' lang='grc' dir='ltr'>Β</span> <span class='ocrx_word' id='word_1_904' title='bbox 672 2827 735 2850; x_wconf 85' lang='lat' dir='ltr'>Vers.</span> <span class='ocrx_word' id='word_1_905' title='bbox 754 2827 790 2849; x_wconf 75' lang='grc'>17.</span> <span class='ocrx_word' id='word_1_906' title='bbox 808 2833 856 2856; x_wconf 88' lang='lat' dir='ltr'>seq.</span> 
     </span>
    </p>

    <p class='ocr_par' dir='ltr' id='par_1_16' title="bbox 159 2856 1004 2943">
     <span class='ocr_line' id='line_1_119' title="bbox 221 2856 1004 2887; baseline 0.001 -7"><span class='ocrx_word' id='word_1_907' title='bbox 221 2856 230 2870; x_wconf 88' lang='lat'>⁷</span> <span class='ocrx_word' id='word_1_908' title='bbox 248 2858 328 2887; x_wconf 89' lang='lat' dir='ltr'>Quoad</span> <span class='ocrx_word' id='word_1_909' title='bbox 347 2858 364 2881; x_wconf 87' lang='lat' dir='ltr'>A</span> <span class='ocrx_word' id='word_1_910' title='bbox 382 2858 418 2881; x_wconf 88' lang='lat' dir='ltr'>hic</span> <span class='ocrx_word' id='word_1_911' title='bbox 437 2858 514 2881; x_wconf 76' lang='lat' dir='ltr'>deficit</span> <span class='ocrx_word' id='word_1_912' title='bbox 533 2858 626 2881; x_wconf 78' lang='lat' dir='ltr'>ulterior</span> <span class='ocrx_word' id='word_1_913' title='bbox 643 2859 787 2887; x_wconf 85' lang='lat' dir='ltr'>transcriptio</span> <span class='ocrx_word' id='word_1_914' title='bbox 807 2865 880 2887; x_wconf 84' lang='lat' dir='ltr'>usque</span> <span class='ocrx_word' id='word_1_915' title='bbox 903 2858 933 2881; x_wconf 83' lang='lat' dir='ltr'>ad</span> <span class='ocrx_word' id='word_1_916' title='bbox 953 2865 1004 2886; x_wconf 86' lang='lat' dir='ltr'>par-</span> 
     </span>
     <span class='ocr_line' id='line_1_120' title="bbox 159 2890 352 2943; baseline 0 0"><span class='ocrx_word' id='word_1_917' title='bbox 159 2892 204 2911; x_wconf 63' lang='lat' dir='ltr'>tem</span> <span class='ocrx_word' id='word_1_918' title='bbox 221 2890 313 2943; x_wconf 55' lang='lat' dir='ltr'>ghveffi</span> <span class='ocrx_word' id='word_1_919' title='bbox 331 2921 352 2943; x_wconf 79' lang='lat'>5.</span> 
     </span>
    </p>
   </div>
   <div class='ocr_carea' id='block_1_7' title="bbox 644 2764 791 2787">
    <p class='ocr_par' dir='ltr' id='par_1_17' title="bbox 644 2764 791 2787">
     <span class='ocr_line' id='line_1_121' title="bbox 644 2764 791 2787; baseline 0 0"><span class='ocrx_word' id='word_1_920' title='bbox 644 2764 653 2777; x_wconf 81' lang='lat'><strong>²</strong></span> <span class='ocrx_word' id='word_1_921' title='bbox 672 2765 735 2787; x_wconf 84' lang='lat' dir='ltr'>Vers.</span> <span class='ocrx_word' id='word_1_922' title='bbox 754 2766 791 2787; x_wconf 71' lang='lat'>21.</span> 
     </span>
    </p>
   </div>
   <div class='ocr_carea' id='block_1_8' title="bbox 1122 2759 1901 2789">
    <p class='ocr_par' dir='ltr' id='par_1_18' title="bbox 1122 2759 1901 2789">
     <span class='ocr_line' id='line_1_122' title="bbox 1122 2759 1901 2789; baseline -0.009 -2"><span class='ocrx_word' id='word_1_923' title='bbox 1122 2763 1131 2777; x_wconf 74' lang='lat'>⁹</span> <span class='ocrx_word' id='word_1_924' title='bbox 1149 2764 1253 2787; x_wconf 88' lang='lat' dir='ltr'>Verbum</span> <span class='ocrx_word' id='word_1_925' title='bbox 1271 2765 1314 2787; x_wconf 83' lang='lat' dir='ltr'>hoc</span> <span class='ocrx_word' id='word_1_926' title='bbox 1331 2764 1430 2787; x_wconf 78' lang='lat' dir='ltr'>sumitur</span> <span class='ocrx_word' id='word_1_927' title='bbox 1446 2763 1561 2786; x_wconf 84' lang='lat' dir='ltr'>interdum</span> <span class='ocrx_word' id='word_1_928' title='bbox 1580 2762 1602 2784; x_wconf 92' lang='lat' dir='ltr'>in</span> <span class='ocrx_word' id='word_1_929' title='bbox 1620 2760 1785 2789; x_wconf 81' lang='lat' dir='ltr'>significatione</span> <span class='ocrx_word' id='word_1_930' title='bbox 1801 2759 1901 2787; x_wconf 85' lang='lat' dir='ltr'>passiva.</span> 
     </span>
    </p>
   </div>
   <div class='ocr_carea' id='block_1_9' title="bbox 1121 2792 1704 2943">
    <p class='ocr_par' dir='ltr' id='par_1_19' title="bbox 1121 2792 1704 2943">
     <span class='ocr_line' id='line_1_123' title="bbox 1122 2792 1704 2818; baseline -0.009 0"><span class='ocrx_word' id='word_1_931' title='bbox 1122 2794 1142 2807; x_wconf 87' lang='lat'>¹⁰</span> <span class='ocrx_word' id='word_1_932' title='bbox 1159 2796 1224 2818; x_wconf 89' lang='lat' dir='ltr'>Vers.</span> <span class='ocrx_word' id='word_1_933' title='bbox 1243 2796 1280 2818; x_wconf 81' lang='lat'>32.</span> <span class='ocrx_word' id='word_1_934' title='bbox 1547 2793 1565 2806; x_wconf 87' lang='lat'>¹¹</span> <span class='ocrx_word' id='word_1_935' title='bbox 1584 2793 1650 2815; x_wconf 85' lang='lat' dir='ltr'>Vers.</span> <span class='ocrx_word' id='word_1_936' title='bbox 1668 2792 1704 2813; x_wconf 70' lang='lat'>⁴7.</span> 
     </span>
     <span class='ocr_line' id='line_1_124' title="bbox 1122 2823 1686 2849; baseline -0.007 0"><span class='ocrx_word' id='word_1_937' title='bbox 1122 2825 1141 2839; x_wconf 78' lang='lat'>¹²</span> <span class='ocrx_word' id='word_1_938' title='bbox 1158 2827 1226 2849; x_wconf 90' lang='lat' dir='ltr'>Num.</span> <span class='ocrx_word' id='word_1_939' title='bbox 1244 2827 1281 2849; x_wconf 72' lang='grc'>16.</span> <span class='ocrx_word' id='word_1_940' title='bbox 1543 2823 1563 2837; x_wconf 75' lang='lat'>¹⁸</span> <span class='ocrx_word' id='word_1_941' title='bbox 1579 2824 1646 2846; x_wconf 88' lang='lat' dir='ltr'>Vers.</span> <span class='ocrx_word' id='word_1_942' title='bbox 1665 2824 1686 2845; x_wconf 81' lang='lat'>2.</span> 
     </span>
     <span class='ocr_line' id='line_1_125' title="bbox 1121 2854 1704 2881; baseline -0.01 0"><span class='ocrx_word' id='word_1_943' title='bbox 1121 2857 1141 2870; x_wconf 70' lang='lat'>¹⁴</span> <span class='ocrx_word' id='word_1_944' title='bbox 1159 2858 1224 2881; x_wconf 82' lang='lat' dir='ltr'>Vers.</span> <span class='ocrx_word' id='word_1_945' title='bbox 1242 2858 1279 2880; x_wconf 75' lang='lat'>48.</span> <span class='ocrx_word' id='word_1_946' title='bbox 1545 2854 1564 2868; x_wconf 86' lang='lat'>¹⁶</span> <span class='ocrx_word' id='word_1_947' title='bbox 1581 2856 1647 2878; x_wconf 88' lang='lat' dir='ltr'>Num.</span> <span class='ocrx_word' id='word_1_948' title='bbox 1667 2855 1704 2876; x_wconf 85' lang='grc' dir='ltr'>Μ.</span> 
     </span>
     <span class='ocr_line' id='line_1_126' title="bbox 1122 2885 1703 2912; baseline -0.007 0"><span class='ocrx_word' id='word_1_949' title='bbox 1122 2887 1141 2902; x_wconf 78' lang='lat'>¹⁸</span> <span class='ocrx_word' id='word_1_950' title='bbox 1159 2890 1225 2912; x_wconf 83' lang='lat' dir='ltr'>Vers.</span> <span class='ocrx_word' id='word_1_951' title='bbox 1243 2890 1264 2911; x_wconf 72' lang='grc'>4.</span> <span class='ocrx_word' id='word_1_952' title='bbox 1546 2885 1565 2899; x_wconf 87' lang='lat'>¹⁷</span> <span class='ocrx_word' id='word_1_953' title='bbox 1584 2887 1648 2909; x_wconf 84' lang='lat' dir='ltr'>Vers.</span> <span class='ocrx_word' id='word_1_954' title='bbox 1665 2887 1703 2908; x_wconf 76' lang='grc'>21.</span> 
     </span>
     <span class='ocr_line' id='line_1_127' title="bbox 1123 2919 1281 2943; baseline -0.013 1"><span class='ocrx_word' id='word_1_955' title='bbox 1123 2919 1142 2933; x_wconf 78' lang='lat'>¹⁸</span> <span class='ocrx_word' id='word_1_956' title='bbox 1161 2921 1224 2943; x_wconf 88' lang='lat' dir='ltr'>Vers.</span> <span class='ocrx_word' id='word_1_957' title='bbox 1243 2921 1281 2943; x_wconf 70' lang='lat'>⁴5.</span> 
     </span>
    </p>
   </div>
  </div>
 </body>
</html>
