2243 3348
39 629 61 648 11.
67 629 116 652 Qua-

44 656 112 671 calmae

6 628 20 749 ἱ
27 675 90 695 flendi.

0 1175 108 1223 {productio-

0 1567 5 1582 ι
31 1560 108 1581 Divisio.

38 2497 82 2517 Pars
93 2497 107 2516 l.

683 172 840 201 DOMINICA
863 174 903 201 tv.
927 174 1008 203 POST
1031 176 1157 205 PASCHA.
1180 177 1289 206 SERMO
1312 179 1327 206 1.

129 249 192 277 eius
212 248 243 276 in
264 256 364 285 preces
378 256 488 276 eoram.
511 264 547 269 —
571 248 658 285 Super
673 250 837 278 constitutos
851 250 878 278 in
893 251 975 279 clevo-

129 295 204 323 tione
225 295 370 329 continua3
393 294 476 323 Isaiae
497 295 610 323 ultimo:
638 295 684 323 Ad
704 303 785 333 qaem
813 299 909 324 autem
931 305 975 325 re-

128 341 254 378 spiciam
283 341 345 370 nisi
371 341 411 370 ad
431 341 648 378 pauperculam
679 345 705 370 et
732 342 888 370 contritam
916 343 975 380 spi-

129 388 190 416 ritu
211 391 262 417 etc.
284 405 323 408 —
337 389 425 425 Super
446 388 610 416 constitutos
624 388 651 416 in
673 388 776 416 mentis
791 389 975 417 ordinatione

128 438 219 469 arcta;
235 435 341 463 loannis
355 438 435 463 sexto
447 435 473 462 ¹:
497 434 571 463 Cum
584 434 760 462 sublevasset
781 434 878 463 oealos
894 435 975 463 Iesus

128 486 153 510 et
173 481 306 515 vidisset,
328 481 400 517 qaia
420 480 576 509 multitado
591 481 726 509 maxima
746 481 823 509 venit
837 481 876 509 acl
890 490 973 515 etan,

127 528 204 556 dia-it
223 528 263 556 acl
286 526 472 564 Philippum:
500 527 578 556 Unde
598 535 725 556 ememus
742 535 837 564 panes
857 531 908 556 etc.

207 575 235 602 ll.
258 574 336 603 Circa
357 574 509 603 secundum
532 577 611 608 nota,
632 574 706 611 quod
728 581 775 602 cor
797 577 923 603 nostrum
945 574 972 602 in

128 622 180 651 hoc
202 621 305 650 mundo
330 629 395 650 vere
416 621 537 658 gaudere
565 624 654 657 potest
676 621 764 649 solum
793 621 819 649 in
842 623 972 657 quatuor,

128 669 231 698 scilicet
252 668 279 696 in
301 668 445 696 virtutum
457 667 677 705 pulcritudinoe
695 668 778 697 Isaiae
800 668 973 705 sexagesimo

127 716 216 753 primo
232 716 258 743 ²:
284 715 423 744 Gaudens
441 714 573 752 gaudebo
593 715 625 743 in
641 715 779 748 Domino,
800 718 826 743 ct
846 714 973 743 exsulta-

761 841 918 869 DOMINICA
941 841 973 869 tv

475 952 566 981 Sentio
588 953 597 980 l
607 952 626 980 ⁵.

206 1046 279 1074 Cam
299 1046 407 1074 venerit
428 1045 475 1074 ille
497 1045 627 1082 Spiritus
640 1046 783 1079 veritatis,
798 1045 908 1074 docebit
921 1054 972 1074 vos

126 1101 237 1121 omnem
257 1093 424 1126 veritatem,
447 1092 554 1121 loannis
574 1092 680 1121 decimo
701 1095 781 1121 sexto
793 1093 812 1120 ὃ.

204 1139 304 1169 Videns
326 1139 459 1168 Dominus
480 1142 574 1168 noster
596 1139 671 1168 lesus
692 1139 835 1173 Christus,
850 1139 971 1176 discipu—

125 1187 166 1216 los
187 1195 252 1216 suos
272 1186 389 1215 desolari
410 1186 444 1215 de
465 1194 577 1215 recessu
599 1194 650 1215 suo
671 1186 824 1223 corporali,
840 1186 866 1214 in
882 1194 971 1215 reme-

124 1234 200 1263 dium
222 1233 396 1262 desolationis
418 1233 445 1261 in
460 1233 545 1262 verbo
563 1233 703 1270 proposito
724 1233 860 1269 promittit
874 1233 913 1261 eis
927 1241 971 1262 re-

125 1281 184 1318 gale
215 1280 346 1314 xenium,
379 1280 520 1316 imperiale
552 1279 673 1313 donum,
702 1279 806 1308 scilicet
837 1279 969 1316 Spiritum

124 1331 265 1361 sanctum,
288 1335 343 1364 quo
364 1327 473 1361 habito,
495 1335 549 1355 non
581 1330 621 1355 est
650 1326 727 1355 locus
747 1326 923 1355 desolationis
944 1329 971 1355 et

125 1374 292 1408 moestitiae,
314 1374 397 1402 immo
418 1373 611 1402 consolationis
632 1376 659 1402 et
674 1373 800 1402 laetitiae.
822 1373 856 1402 Ut
876 1377 969 1402 autem

124 1429 221 1451 eorum
242 1422 348 1450 animos
362 1420 390 1449 in
409 1421 469 1449 eius
490 1420 739 1457 concupiscentiam
762 1423 909 1457 provocet,
924 1420 971 1449 de-

125 1468 221 1498 scribit
234 1476 298 1497 eum
314 1471 449 1505 quantum
464 1468 497 1496 ad
513 1467 649 1504 triplicem
672 1467 884 1504 proprietatem,
899 1475 971 1504 quae

124 1523 232 1544 omnem
254 1515 374 1543 animam
395 1514 531 1543 desiderio
552 1514 594 1543 sui
616 1514 642 1542 in
659 1514 719 1542 eius
734 1521 855 1542 amorem
875 1514 969 1542 trahit.

124 1561 215 1590 Primo
229 1561 360 1590 describit
377 1568 441 1590 eum
466 1564 600 1597 quantum
623 1560 656 1588 ad
679 1559 883 1597 benign-itatem
906 1568 970 1596 pro-

125 1611 186 1646 pter
210 1608 468 1637 communicativam
497 1607 679 1644 praesentiam
701 1606 851 1635 maiestatis
872 1607 971 1635 altissi-

123 1663 200 1689 mae;
222 1654 358 1688 secundo,
380 1657 514 1691 quantum
534 1653 566 1682 ad
588 1653 765 1682 nobilitatem
787 1656 899 1690 propter
921 1661 970 1682 ex-

124 1701 278 1731 cellentiam
308 1701 448 1738 dignitatis
475 1708 624 1737 personae;
647 1700 743 1734 tertio,
770 1703 906 1737 quantum
937 1700 970 1728 ad

125 1748 327 1777 liberalitatem
357 1751 471 1785 propter
492 1747 703 1776 redundantiam
732 1747 900 1784 copiositatis
920 1747 968 1775 do-

125 1795 238 1824 ctrinae.
261 1795 352 1823 Primo
372 1794 503 1823 describit
517 1802 580 1823 eum
602 1797 634 1823 ut
649 1793 890 1831 benignissimam
905 1801 969 1830 pro-

126 1846 188 1880 pter
203 1842 460 1871 communicativam
477 1841 660 1878 praesentiam
674 1841 823 1869 altissimae
844 1841 971 1870 maiesta-

127 1889 173 1924 tis,
195 1897 257 1918 cum
279 1889 359 1917 dicit:
377 1888 449 1917 Cum
464 1888 581 1917 venerit.
605 1888 675 1916 Vere
696 1896 796 1924 magna
807 1887 969 1924 benignitas,

124 1936 190 1973 quia
211 1936 272 1965 talis
299 1939 326 1964 et
358 1938 451 1964 tantus
481 1935 577 1964 doctor
605 1943 657 1963 non
679 1935 844 1972 dedignatur
875 1935 970 1963 venire

124 1983 158 2012 ad
172 1991 237 2012 suos
251 1982 400 2019 discipulos
421 1985 517 2011 contra
536 1981 762 2011 consuetudInem
778 1981 896 2010 aliorum
912 1989 970 2010 ma-

124 2030 283 2067 gistrorum.
310 2029 435 2058 Secundo
459 2029 590 2058 describit
615 2036 679 2057 eum
701 2032 733 2057 ut
753 2028 968 2057 nobilissimam

125 2079 238 2113 propter
258 2076 449 2105 excellentiam
465 2072 605 2113 dignitatis
620 2084 765 2113 personae,
781 2083 844 2104 cum
861 2075 969 2104 subdit:

125 2123 170 2152 ille
192 2123 321 2160 Spiritus
339 2123 479 2151 veritatis.
495 2123 566 2151 Nihil
588 2123 660 2152 enim
683 2123 880 2157 excellentius,
902 2122 970 2151 nibil

124 2170 289 2207 pretiosius,
310 2170 379 2198 nibil
401 2170 520 2199 nobilius
541 2170 644 2206 Spiritu
676 2173 778 2198 sancto.
804 2170 896 2198 Tertio
924 2169 970 2198 de-

125 2217 220 2246 scribit
247 2225 311 2246 eum
344 2220 375 2245 ut
403 2217 641 2245 liberalissimum
673 2220 786 2253 propter
815 2216 970 2245 redundan-

125 2264 190 2293 tiam
213 2264 379 2301 copiositatis
410 2264 566 2298 doctrinae,
588 2271 652 2292 cum
683 2263 834 2292 subinfert:
863 2263 971 2292 docebit

124 2319 175 2339 vos
195 2319 305 2339 omnem
327 2311 486 2339 veritatem.
512 2311 550 2339 De
575 2311 627 2339 isto
654 2310 834 2339 fontalissimo
858 2310 970 2339 doctore

125 2365 220 2386 omnes
242 2357 292 2385 rivi
321 2357 469 2394 sapientiae
496 2360 523 2386 et
551 2357 679 2386 scientiae
701 2360 829 2386 emanant
850 2361 877 2385 et
897 2356 970 2385 deri-

125 2407 235 2433 vantur.
914 2402 923 2403 ’

205 2452 221 2479 l.
245 2451 315 2480 Dicit
336 2459 417 2487 ergo:
442 2451 514 2479 Cani
536 2451 660 2485 venerit,
684 2451 730 2479 ubi
753 2451 884 2479 describit
905 2459 968 2479 eum

126 2501 260 2535 quantum
282 2498 315 2526 ad
338 2497 541 2535 beniynitatenz
569 2501 682 2534 propter
710 2498 968 2526 conmittnicativam

126 2545 308 2581 praesentiam
330 2545 478 2573 altissimae
500 2545 657 2573 maiestatis.
674 2544 699 2573 Si
722 2548 874 2582 quaeratur
890 2544 969 2578 ratio,

1815 188 1869 217 309

1033 252 1073 281 bit
1093 253 1196 282 anima
1217 262 1281 282 ntea
1301 255 1332 283 in
1356 256 1411 285 Deo
1425 266 1503 291 mco,
1524 260 1595 296 qaia
1610 261 1706 289 induit
1726 271 1769 290 nte
1789 265 1871 292 vcsti-

1031 299 1134 327 mentis
1144 299 1250 328 salutis
1261 303 1312 329 etc.
1330 318 1364 321 —
1381 303 1408 330 In
1424 304 1594 333 meritorum
1616 307 1871 344 multiplicatione,-

1032 344 1121 372 Lucae
1141 345 1262 374 decimo:
1285 346 1376 375 Nolite
1396 349 1534 384 paudere,
1557 351 1628 388 qaia
1648 353 1772 389 spiritus
1792 355 1870 383 vob-is

1031 389 1248 425 subiicittntar;
1268 393 1391 428 candele
1412 399 1523 429 antem,
1545 398 1621 433 qaod
1635 399 1755 427 nomina
1775 405 1871 429 vestra

1030 436 1143 473 scripta
1163 441 1231 465 sunt
1259 438 1290 466 in
1318 439 1413 468 caelis.
1442 458 1480 461 —
1508 443 1535 470 ln
1558 443 1780 474 tribulationum
1806 455 1871 483 per-

1028 483 1178 519 pessione;
1210 484 1296 513 lacobi
1326 486 1415 521 primo
1430 487 1456 515 ⁸:
1487 488 1575 517 Omne
1601 491 1747 526 pataliam
1775 493 1871 521 existi-

1031 532 1117 562 mate,
1137 528 1250 565 fratres
1271 531 1342 564 inei,
1365 540 1432 560 cant
1446 533 1476 561 in
1495 535 1599 563 varias
1620 538 1786 566 tentationes
1800 539 1871 567 inci-

1031 574 1134 603 deritis
1161 579 1212 604 etc.
1242 592 1278 597 —
1308 577 1335 605 ln
1365 582 1550 609 aeternornm
1579 582 1764 617 octor-catone,-
1790 585 1872 614 Isaiae

1031 621 1143 650 ultimo:
1170 622 1298 651 Gaudete
1319 633 1384 652 cant
1410 626 1566 656 Ierusalem
1580 630 1702 666 panetio,
1723 632 1870 665 universi,

1030 668 1082 705 qai
1102 668 1204 706 lugetis
1218 678 1307 706 sapei·
1321 679 1402 705 eam,
1425 677 1455 700 at
1469 675 1584 710 stipatis
1605 680 1630 703 et
1650 676 1822 713 repleamini
1834 678 1870 706 ab

1030 715 1116 743 abere
1137 716 1342 745 consolationis
1362 718 1424 746 eins
1438 721 1458 747 ¹².

977 864 982 869 .
1005 841 1087 869 POST
1111 841 1239 870 Pascua.

1029 959 1116 988 quare
1143 952 1187 980 ille
1217 952 1431 989 benignissimus
1462 955 1581 991 Spiritus
1612 956 1739 993 dignatus
1770 961 1809 986 est
1837 959 1871 987 ad

1028 1006 1093 1027 suos
1113 998 1263 1036 discipulos
1284 1000 1393 1034 venire;
1409 1001 1511 1037 optime
1527 1003 1718 1039 respondetur,
1734 1005 1806 1040 quod
1821 1013 1871 1034 sua

1027 1045 1180 1082 benignitas
1195 1049 1236 1075 est
1251 1047 1321 1075 ratio
1342 1048 1498 1084 praecipua.
1514 1049 1580 1077 Nam
1597 1050 1701 1078 ratione
1719 1051 1870 1088 benignita-

1028 1092 1063 1121 tis
1081 1100 1148 1121 suae
1170 1093 1244 1121 venit
1265 1093 1316 1122 iste
1337 1094 1455 1131 Spiritus
1477 1096 1565 1131 primo
1586 1100 1617 1125 ut
1637 1097 1767 1125 medicus
1787 1099 1871 1127 totius

1027 1140 1215 1176 experientiae
1237 1143 1350 1177 propter
1372 1141 1542 1171 collationem
1565 1143 1715 1179 spiritualis
1733 1148 1760 1173 et
1774 1152 1870 1181 corpo-

1028 1186 1092 1215 ralis
1116 1186 1200 1221 vitae3
1223 1187 1359 1222 secundo,
1382 1190 1413 1216 ut
1440 1189 1580 1226 nzayister
1612 1190 1695 1219 totius
1723 1192 1870 1227 sapientiae

1027 1236 1142 1269 propter
1163 1233 1372 1263 instructionem
1390 1235 1466 1263 utilis
1480 1235 1635 1271 doctrinae3
1658 1237 1751 1271 tertio,
1768 1241 1798 1266 ut
1818 1247 1870 1266 rea*

1028 1278 1112 1307 totius
1133 1279 1290 1316 opulentiae
1311 1283 1425 1317 propter
1446 1282 1611 1310 amotionem
1634 1283 1723 1311 totalis
1749 1284 1870 1320 indigen-

1027 1326 1088 1354 tiae.
1114 1326 1234 1354 Primum
1268 1329 1309 1355 est
1338 1330 1466 1363 respectu
1495 1328 1686 1363 infirmorum,
1718 1330 1871 1359 secundum

1027 1376 1156 1409 respectu
1178 1373 1379 1410 ignorantium,
1402 1374 1515 1403 tertium
1538 1379 1665 1412 respectu
1687 1384 1850 1413 pauperum.

1107 1420 1198 1448 Primo
1219 1420 1294 1449 venit
1309 1424 1341 1449 ut
1355 1421 1484 1449 medicas
1500 1422 1588 1450 totins
1602 1423 1793 1459 experientiae
1808 1431 1870 1460 pro-

1027 1470 1088 1503 pter
1121 1467 1294 1495 collationem
1323 1468 1475 1504 spiritualis
1507 1472 1533 1497 et
1565 1470 1716 1506 corporalis
1747 1470 1826 1499 vitae.
1848 1470 1870 1498 O

1027 1522 1109 1550 quam
1132 1514 1239 1550 peritus
1259 1517 1301 1543 est
1322 1514 1373 1543 iste
1394 1515 1525 1549 medicus,
1540 1516 1587 1552 qui
1603 1519 1727 1545 mortuos
1742 1517 1870 1553 spiritua—

1027 1560 1090 1589 liter
1111 1564 1138 1589 et
1169 1561 1350 1598 corporaliter
1382 1561 1502 1590 vivificat
1533 1565 1560 1591 et
1580 1571 1689 1591 omnem
1710 1563 1869 1600 languorem

1027 1611 1108 1636 curat
1139 1607 1197 1636 sine
1225 1607 1300 1636 ferro
1325 1612 1352 1637 et
1384 1608 1442 1637 sine
1464 1609 1541 1646 igne,
1563 1609 1609 1638 sed
1641 1610 1698 1638 solo
1719 1611 1870 1639 curationis

1028 1654 1113 1683 verbo
1134 1658 1161 1682 et
1181 1662 1248 1683 suae
1269 1655 1419 1684 voluntatis
1433 1655 1617 1692 beneplacito!
1634 1656 1708 1685 Unde
1724 1657 1870 1685 Ezechielis

1027 1701 1169 1737 trigesimo
1191 1701 1306 1738 septimo
1318 1701 1345 1729 ⁷:
1367 1702 1443 1735 Veni,
1458 1702 1593 1739 spiritns,
1609 1705 1633 1730 et
1647 1702 1768 1739 insuffla
1781 1711 1870 1740 saper

1027 1746 1190 1784 interfectos
1212 1748 1291 1782 istos,
1312 1751 1337 1776 et
1357 1749 1547 1782 reviviscant,
1563 1749 1665 1778 scilicet
1679 1757 1694 1777 a
1709 1753 1798 1778 morte
1812 1750 1870 1778 cul-

1026 1802 1077 1831 pae
1100 1802 1149 1831 per
1171 1795 1343 1824 collationem
1365 1796 1477 1832 gratiae.
1500 1796 1575 1824 Unde
1597 1796 1667 1825 sicut
1681 1804 1782 1833 corpus
1796 1804 1871 1824 mor-

1027 1845 1106 1870 tuum
1128 1845 1169 1871 est
1191 1842 1249 1871 sine
1270 1843 1376 1877 anima,
1399 1843 1437 1871 sic
1459 1846 1485 1872 et
1507 1843 1598 1871 anima
1620 1846 1728 1872 mortua
1749 1846 1790 1872 est
1812 1844 1869 1872 sine

1026 1888 1131 1925 Spiritu
1153 1892 1256 1918 sancto.

1106 1936 1231 1965 Secundo
1254 1936 1328 1965 venit
1359 1940 1390 1965 ut
1420 1937 1561 1974 magister
1592 1937 1680 1965 totins
1710 1937 1870 1973 sapientiae

1028 1985 1141 2018 propter
1163 1982 1373 2012 instructionem
1396 1983 1471 2012 utilis
1491 1983 1640 2012 doctrinae.
1663 1984 1721 2020 Ipse
1742 1983 1812 2012 enim
1830 1986 1871 2012 est

1026 2029 1128 2058 fontale
1150 2030 1316 2066 principium
1338 2030 1429 2059 onmis
1443 2031 1572 2059 scientiae
1587 2033 1614 2058 et
1628 2030 1781 2066 specialiter
1797 2029 1868 2058 cbri-

1026 2076 1130 2105 stianae
1151 2076 1291 2105 doctrinae
1320 2076 1377 2105 sive
1406 2077 1595 2114 propheticae,
1624 2077 1680 2105 sive
1707 2076 1870 2113 apostolicae

1027 2123 1179 2152 secundum
1202 2126 1351 2160 utramque
1373 2124 1479 2161 Legem.
1496 2124 1527 2152 Et
1542 2127 1662 2160 propter
1683 2122 1748 2157 boc,
1770 2122 1870 2151 dicitur

1027 2170 1180 2206 Sapientiae
1201 2170 1318 2206 septimo
1329 2170 1349 2204 ⁸,
1371 2170 1483 2207 optavi,
1505 2174 1529 2198 et
1550 2171 1638 2198 clatus
1659 2173 1697 2198 est
1719 2168 1792 2198 milti
1808 2177 1871 2196 sen-

1026 2225 1092 2250 saS,
1115 2220 1139 2245 et
1160 2217 1304 2251 invocavi,
1320 2220 1344 2245 et
1358 2217 1435 2245 venit
1456 2217 1487 2245 in
1501 2225 1545 2245 me
1559 2217 1683 2253 spiritus
1696 2215 1870 2252 sapientiae,-

1027 2267 1052 2292 et
1070 2264 1234 2300 praeposui
1264 2263 1346 2292 illam
1378 2264 1477 2301 regnis
1503 2268 1527 2291 et
1554 2263 1670 2291 sedibus
1701 2266 1726 2291 et
1752 2262 1870 2290 divitias

1029 2309 1104 2338 nihil
1124 2318 1183 2338 esse
1204 2310 1282 2339 (laxi
1302 2311 1334 2339 in
1355 2311 1573 2347 comparatione
1593 2310 1680 2338 illias.
1697 2309 1765 2345 Quia
1786 2308 1871 2345 Spiri-

1027 2359 1073 2384 tus
1094 2359 1221 2390 sanctus,
1244 2357 1307 2385 licet
1328 2356 1363 2385 sit
1394 2356 1514 2385 liberalis
1545 2359 1571 2384 et
1603 2356 1696 2392 largus
1717 2355 1744 2383 in
1765 2354 1869 2387 dando,

1026 2403 1092 2440 quia
1113 2403 1171 2439 ipse
1192 2407 1234 2432 est
1255 2403 1388 2440 providus
1409 2406 1435 2432 et
1456 2403 1592 2431 discretus
1620 2402 1646 2430 in
1673 2400 1869 2438 dispensand0;

1026 2450 1086 2479 ideo
1107 2450 1140 2479 ad
1163 2451 1230 2484 hoc,
1252 2454 1284 2479 ut
1305 2450 1405 2487 aliquis
1425 2450 1460 2478 ab
1481 2450 1540 2486 ipso
1561 2457 1690 2485 magnum
1706 2447 1869 2477 beneficium

1026 2497 1170 2534 impetret,
1194 2497 1348 2534 requiritur
1369 2496 1558 2525 convenientia
1584 2496 1691 2524 debitae
1718 2494 1871 2531 dispositio-

1026 2545 1068 2573 nis
1090 2553 1126 2573 ex
1148 2548 1226 2581 parte
1248 2545 1307 2579 sui;
1330 2548 1356 2573 et
1386 2548 1498 2581 propter
1526 2544 1578 2572 hoc
1606 2543 1724 2571 dicitur:
1750 2542 1869 2578 Optavi,

188 2689 196 2703 ¹
216 2691 281 2713 Vers.
298 2690 319 2712 ὅ.

190 2729 199 2744 2
216 2730 280 2752 Vei-s.
302 2730 340 2757 l0;
358 2730 461 2758 sequitur
480 2730 532 2752 Luc.
554 2731 587 2757 lo,
606 2730 642 2752 20.

189 2767 198 2780 ³
216 2769 282 2791 Vers.
301 2770 327 2797 23
345 2769 448 2797 sequitur
465 2769 514 2791 lsai.
533 2769 569 2797 66,
588 2769 625 2791 410.
645 2775 693 2798 seq.

189 2806 198 2819 ‘¹
216 2809 239 2830 ln
257 2807 393 2830 bibliotheca
412 2808 475 2835 regia
493 2808 603 2830 Monac-liii
622 2807 718 2830 liabetur
736 2808 787 2831 cod.
805 2809 852 2830 Lat.
870 2808 972 2835 n.7776,

127 2846 150 2868 in
167 2853 214 2875 quo
232 2847 268 2869 sol.
281 2846 384 2870 CCXXX
397 2854 420 2869 v.
432 2848 475 2870 col.
488 2848 511 2869 ll.
527 2850 561 2869 est
578 2853 654 2869 sermo
672 2853 714 2875 pro
732 2848 765 2869 ΙΙΙ.
781 2848 848 2869 Doni.
866 2850 918 2875 post
934 2848 972 2869 Pa-

127 2886 181 2908 scha
199 2886 228 2908 de
246 2887 356 2908 themate:
377 2885 459 2909 Videbo
477 2892 530 2914 cos,
548 2888 570 2909 et
586 2886 696 2916 qaudebt't
718 2892 758 2909 coi·
778 2888 883 2909 vestrum
902 2886 971 2914 (toan.

129 2925 165 2953 ²¹16,
180 2925 235 2953 22),
253 2925 378 2952 dispositus
395 2925 523 2948 secundum
541 2926 725 2947 Bonaventurom
748 2926 844 2953 eiusque
866 2926 971 2951 schema,

127 2964 190 2993 quod
203 2963 300 2985 liabetur
313 2964 333 2985 in
346 2963 462 2987 Collation.
479 2964 500 2986 in
518 2965 636 2991 loannem,
654 2964 725 2987 collat.
739 2964 776 2986 60.
789 2964 853 2991 (tom.
867 2964 902 2985 Yi.
916 2970 970 2991 pag.

1030 2692 1097 2720 608),
1114 2691 1154 2720 qui
1172 2694 1252 2713 tractat
1272 2690 1300 2712 de
1323 2691 1435 2712 themate:
1453 2688 1535 2716 Petite,
1558 2689 1578 2711 et
1600 2687 1722 2716 accipietis.
1747 2687 1770 2708 tn
1792 2686 1871 2708 codice

1029 2731 1064 2752 ille
1082 2736 1157 2752 sermo
1175 2732 1208 2752 est
1229 2730 1297 2757 paulo
1319 2729 1435 2755 diffusior,
1462 2731 1484 2750 et
1505 2727 1558 2749 satis
1580 2727 1656 2755 quoad
1680 2726 1801 2748 sententias
1818 2731 1869 2747 cum

1029 2770 1145 2791 schemate
1163 2768 1281 2794 convenit,
1299 2767 1341 2789 sed
1363 2767 1468 2795 pluribus
1491 2766 1551 2788 vitiis
1572 2768 1707 2793 corruptus,
1724 2767 1747 2786 nt
1770 2763 1871 2791 imprimi

1029 2808 1066 2829 vix
1084 2809 1206 2828 mereatur.

1091 2844 1100 2857 ⁶
1118 2846 1147 2867 Ex
1165 2845 1274 2867 Vaticana
1296 2848 1317 2866 et
1334 2843 1428 2867 CDEF
1450 2847 1471 2866 ct
1489 2843 1582 2865 brevius
1605 2843 1702 2865 liabetur
1719 2843 1741 2864 in
1758 2842 1809 2864 cod.
1827 2842 1871 2863 Tu-

1029 2885 1118 2907 dertino
1135 2891 1156 2906 n.
1175 2884 1226 2906 104.
1247 2884 1282 2905 tol.
1305 2883 1344 2905 178
1363 2886 1384 2905 et
1403 2884 1423 2905 in
1442 2882 1466 2905 Ο.

1092 2923 1101 2935 ‘³
1118 2923 1185 2945 Vers,
1203 2923 1239 2944 13.

1091 2961 1100 2974 ⁸
1119 2962 1185 2984 Vers.
1202 2962 1224 2983 7.
1242 2968 1289 2989 seq.

1737 2919 1745 2932 ⁷
1764 2920 1829 2942 Vers.
1848 2919 1870 2940 9.

1886 1100 2000 1120 Subdivisio.

1895 1426 1952 1445 Venit
1964 1426 2002 1450 pri-

1887 1454 1917 1468 ΠΜ]
1933 1452 1953 1468 Ut
1969 1455 2006 1469 me-

1916 1473 1975 1492 dicus.

1887 1938 1978 1965 Secundo,
1993 1941 2014 1957 ut.

1902 1964 1996 1985 magister.
