2243 3348
182 282 210 301 De
222 282 310 306 spiritua-

193 305 237 324 liter
248 305 310 324 caenis

194 330 212 347 et
225 328 293 347 surdis.

193 608 268 627 Sanatio
276 612 309 631 per

200 631 300 650 adventum

212 654 289 673 Christi.

198 841 308 865 Explicat-io.

203 1635 230 1654 De
243 1635 305 1654 tertia.

178 1776 207 1795 De
219 1777 306 1801 spiritua-

189 1800 233 1819 liter
257 1805 306 1819 mor-

191 1824 227 1842 tuis
234 1825 254 1842 et
261 1829 306 1847 pau-

190 1847 273 1871 pei-ihus.

190 2057 266 2076 sanatio
273 2062 307 2081 per

198 2081 299 2100 adventum

211 2104 286 2123 Christi.

326 149 364 178 48
964 144 1137 173 SERMONES
1159 144 1202 172 DE
1223 143 1387 172 TEMPORE.

327 227 539 265 praecidendum
562 226 671 254 vincula
686 228 779 254 reatus
793 231 904 261 poenae.
922 224 948 251 ln
964 223 1045 251 cuius
1059 222 1169 259 signum

327 274 406 303 caeci
425 274 536 307 vident,
559 272 659 301 claudi
672 271 832 300 ambulant.
849 287 887 291 —-
903 269 988 298 Caeci
1007 269 1170 298 dicebantur

327 321 412 350 sancti
435 321 527 349 Patres
548 320 698 348 existentes
719 318 745 346 in
769 317 862 350 limbo,
884 316 950 353 quia
972 315 1074 344 visione
1102 314 1171 343 divi-

326 375 377 396 nae
392 367 461 396 lucis
476 369 554 395 erant
568 365 683 402 privati,
700 364 746 393 sed
761 363 870 396 claudi,
887 363 952 399 quia
965 370 1001 391 ex
1017 370 1072 390 una
1091 365 1170 398 parte

326 422 380 442 non
403 413 540 442 habebant
561 419 675 449 poenam
698 418 809 443 sensus,
831 418 866 438 ex
895 409 947 437 alia
975 412 1067 437 autem
1084 409 1093 425 ¹
1122 408 1170 436 ha-

326 460 426 489 bebant
441 467 555 496 poenam
579 458 669 486 damni
693 457 749 485 sive
771 456 908 485 carentiae
930 455 1042 484 visionis
1063 455 1121 488 Dei,
1143 458 1170 483 et

328 506 371 535 hic
393 513 440 542 pes
460 505 627 534 affectuosus
648 504 700 532 suit
721 503 760 532 eis
782 503 928 532 restitutus
949 510 998 539 per
1020 502 1169 530 adventum

327 552 427 581 Christi
448 552 475 580 iu
498 552 627 583 limbum,
649 558 712 579 cum
734 553 828 587 aperte
850 550 940 578 lucem
962 549 1117 577 Divinitatis
1132 549 1171 577 vi—

326 599 436 627 derunt.
451 615 490 618 —
506 598 543 626 De
565 598 655 634 primo
669 599 760 625 autem
778 596 898 625 adventu
913 596 1015 624 dicitur
1031 596 1057 624 in
1079 596 1171 632 figura

326 645 433 673 Baruch
456 647 556 681 quarto
571 644 597 672 2:
621 644 655 671 Et
677 644 751 672 uenit
772 642 846 671 milti
864 643 1011 680 gazalium
1036 651 1056 671 a
1069 645 1170 670 sancto

326 700 414 728 saper
435 690 649 724 misericordia,
673 699 748 728 quae
768 690 858 719 veniet
885 690 965 718 vobis
990 689 1026 718 ab
1055 693 1171 718 aeterno

326 738 456 766 salutari
476 741 582 766 nostro.
606 737 699 765 Emisi
719 737 794 765 enim
816 746 866 766 vos
887 745 954 766 cum
976 737 1055 765 luctu
1077 740 1102 765 et
1113 736 1171 773 plo-

327 789 414 818 rata,
436 785 550 813 reducet
572 788 669 812 autem
691 792 740 812 vos
760 783 835 812 milti
858 784 1000 812 Dominus
1014 792 1081 812 cum
1094 791 1171 820 gau-

325 832 373 860 dio
395 836 421 860 et
443 831 631 860 iucunditate.
648 848 687 851 —
701 831 733 859 Et
755 831 817 860 licet
831 831 865 859 sit
887 831 1003 860 verbum
1020 831 1171 867 Prophetae

326 878 464 915 loquentis
486 879 511 906 in
534 886 652 915 persona
674 878 820 907 Ierusalem
844 882 871 907 et
891 878 1035 915 gaudentis
1049 877 1082 906 de
1105 877 1171 905 libe-

326 925 432 954 ratione
453 925 573 953 filiorum
597 925 688 962 Israel,
711 925 757 962 qui
781 928 860 953 eraut
880 925 907 953 in
930 924 1066 961 Babylone
1087 924 1114 952 in
1130 932 1172 952 ca—

326 972 450 1009 ptivitate.
486 972 538 1000 sub
568 975 703 1009 potestate
739 971 929 1005 inimicorum;
962 974 1070 1005 tamen,
1106 971 1172 1008 quia

327 1018 427 1047 onmia
458 1018 661 1056 contingebant
688 1018 745 1047 illis
774 1018 805 1047 in
828 1018 929 1056 figura
945 1018 966 1052 3,
995 1021 1084 1055 potest
1112 1026 1171 1046 esse

326 1065 442 1094 verbum
474 1066 570 1094 matris
602 1065 735 1094 Ecclesiae
766 1065 910 1102 gaudentis
942 1065 975 1094 de
1011 1065 1171 1094 liberatione

325 1112 445 1140 filiorum
468 1120 599 1146 suorum,
622 1112 668 1149 qui
699 1116 777 1141 erant
798 1113 824 1140 in
854 1112 937 1141 limbo
959 1113 985 1140 in
1014 1112 1171 1148 captivitate

325 1158 417 1195 aliquo
440 1159 519 1187 modo
540 1159 592 1187 sub
621 1162 754 1195 potestate
780 1159 964 1187 inimicorum.
994 1159 1079 1187 Mater
1105 1166 1171 1187 vero

326 1206 444 1235 Ecclesia
465 1206 600 1234 emiserat
621 1205 696 1242 filios
718 1214 782 1235 suos
805 1215 871 1234 czinz.
895 1206 1014 1243 ploratu
1043 1210 1068 1233 et
1089 1205 1169 1234 luctu

325 1253 351 1281 in
374 1253 554 1289 Babylonem,
576 1253 603 1281 id
625 1257 665 1281 est
686 1253 711 1281 in
729 1253 843 1282 limbum
866 1253 1043 1281 obscuritatis
1057 1253 1091 1281 ab
1106 1252 1171 1281 Abel

325 1307 414 1336 usque
435 1300 467 1327 ad
491 1304 606 1328 mortem
629 1300 745 1333 Christi;
769 1300 816 1328 sed
838 1307 902 1328 cum
925 1299 1043 1328 reduxit
1056 1307 1102 1328 eos
1119 1299 1170 1327 Do-

325 1347 424 1375 minus
445 1346 633 1375 descendendo
655 1347 680 1374 in
705 1346 818 1375 limbum
835 1354 897 1375 cum
913 1346 1013 1383 gaudio
1031 1349 1058 1374 et
1072 1346 1170 1374 iucun-

325 1393 423 1427 ditate,
453 1393 617 1422 conferendo
649 1393 687 1422 eis
716 1393 928 1430 perpetuitatem
957 1392 1075 1429 gloriae3
1104 1396 1170 1421 tunc

327 1440 401 1468 venit
422 1440 471 1469 sibi
492 1440 638 1477 gaudium
666 1449 682 1468 a
704 1440 810 1469 Sancto
840 1443 1015 1473 sanctorum,
1044 1440 1169 1473 Christo,

324 1495 413 1523 saper
434 1487 655 1520 misericordia,
678 1495 710 1515 eo
739 1486 811 1523 quod
842 1487 948 1515 liberati
978 1486 1093 1515 fuerunt
1121 1494 1170 1523 per

324 1534 484 1562 effusionem
508 1534 611 1570 proprii
634 1534 775 1570 sanguinis
797 1533 909 1562 Christi.

402 1581 493 1609 Tertio
514 1581 679 1609 renuntiate
700 1581 845 1609 animabus
860 1581 1045 1609 existentibus
1067 1581 1093 1609 in
1110 1588 1170 1609 cor-

324 1627 410 1663 porali
432 1627 558 1661 miseria,
581 1628 647 1664 quia
668 1635 717 1664 ego
738 1635 817 1661 sum,
839 1627 886 1664 qui
908 1630 1045 1655 venturus
1060 1635 1121 1656 sum
1137 1627 1170 1655 ad

323 1673 455 1702 iudicium
484 1674 518 1702 ad
539 1674 781 1703 exterminandum
804 1674 914 1702 vincula
939 1674 1091 1710 corporalis
1120 1674 1170 1702 mi-

324 1720 412 1749 seriae
435 1728 482 1757 per
503 1721 652 1757 utriusque
675 1721 793 1749 hominis
814 1720 1049 1757 glorificationem.
1073 1721 1103 1749 Et
1119 1721 1170 1749 hoc

324 1768 376 1795 erit
400 1767 476 1796 vobis
491 1767 610 1804 signum,
629 1768 694 1805 quia
707 1768 820 1796 mortui
834 1772 1010 1805 resurgunt,
1023 1776 1170 1805 pauperes

322 1815 574 1852 evangelizantur.
598 1832 634 1834 —
657 1815 683 1843 ln
703 1819 878 1851 paupertate
899 1818 926 1843 et
947 1818 1038 1843 morte
1058 1818 1169 1843 notatur

323 1861 427 1898 duplex
442 1862 559 1895 miseria,
571 1869 621 1898 per
633 1870 715 1898 quam
731 1862 899 1898 opprimitur
914 1870 1001 1898 genus
1017 1862 1169 1890 humanum

322 1916 412 1945 usque
443 1908 476 1936 ad
504 1908 575 1937 diem
605 1909 741 1945 generalis
770 1909 998 1942 resurrectionis,
1024 1908 1057 1937 ad
1086 1916 1169 1945 quam

322 1955 460 1991 duplicem
483 1955 623 1983 miseriam
642 1955 731 1983 omnis
753 1955 805 1983 alia
820 1956 942 1991 poenalis
957 1955 1067 1984 miseria
1082 1958 1171 1992 potest

323 2001 427 2030 reduci.
450 2002 516 2029 Nam
539 2001 565 2029 in
584 2005 760 2038 paupertate
782 2002 945 2038 intelligitur
960 2002 1109 2039 indigentia
1124 2010 1171 2031 ne*

324 2048 517 2082 cessariorum,
531 2048 576 2077 sed
592 2049 618 2076 in
631 2053 721 2077 morte
733 2049 877 2077 tolerantia
892 2049 1027 2077 dolorum.
1040 2066 1078 2069 —
1094 2049 1123 2077 Et
1138 2049 1171 2077 de

324 2094 375 2123 isto
397 2094 516 2123 adventu
539 2095 640 2123 dicitur
661 2096 756 2132 Aggaei
773 2096 894 2124 secundo
909 2098 935 2123 ¹:
953 2094 1057 2124 Aclltuc
1076 2104 1169 2124 unum

324 2141 488 2175 modicum,
514 2145 538 2170 et
563 2150 612 2179 ego
634 2142 812 2171 commovebo
838 2142 951 2171 caelum
972 2146 996 2171 et
1015 2146 1125 2171 terram
1147 2146 1173 2171 et

323 2197 405 2217 mare
416 2193 441 2217 et
456 2189 586 2223 ariciam,
598 2193 622 2217 et
634 2189 747 2217 movebo
759 2198 856 2218 omnes
865 2193 969 2227 gentes.
986 2191 1018 2218 Et
1030 2190 1118 2218 veniet
1129 2191 1172 2219 nle-

322 2235 472 2263 sideratus
490 2236 602 2264 cunctis
615 2235 758 2273 gentibus,
774 2240 799 2264 et
812 2236 932 2273 implebo
948 2236 1066 2265 domum
1081 2237 1170 2265 istam

321 2281 437 2319 gloria,·
459 2282 533 2319 quod
554 2282 766 2319 adimplebitur,
789 2283 900 2320 quando
921 2292 1028 2320 corpus
1056 2283 1171 2312 bumili-

325 2329 393 2356 tatis
422 2332 553 2363 nostrae,
576 2329 648 2366 quod
671 2333 711 2358 est
739 2330 837 2358 domus
865 2330 926 2364 Dei,
958 2329 1170 2367 reformabitur

324 2376 358 2403 ab
379 2376 451 2403 omni
475 2376 586 2404 miseria
606 2384 656 2412 per
677 2376 922 2413 configurationem
945 2377 1092 2405 claritatis
1107 2385 1171 2405 eor-

321 2423 391 2459 pori
404 2423 414 2439 ⁵
437 2423 546 2451 Christi.
570 2423 646 2459 Quod
669 2424 747 2452 nobis
769 2427 909 2460 praestare
930 2424 1059 2461 dignetur
1081 2428 1131 2453 etc.

387 2585 394 2598 ¹
414 2585 489 2608 Verba
508 2592 554 2609 non
571 2582 687 2609 habebant
699 2593 804 2616 poenam
821 2591 863 2610 etc.
882 2588 904 2610 in
923 2589 973 2611 Vat.
991 2589 1081 2611 desunt.

386 2624 395 2637 ²
414 2626 478 2647 Vers.
496 2626 533 2648 22.
551 2632 600 2654 seq.

387 2664 395 2676 ³
414 2665 484 2692 Epist.
501 2665 516 2687 l.
534 2664 584 2687 Cor.
607 2665 640 2692 ¹0,
662 2666 695 2687 11.

387 2703 396 2715 ⁴
415 2704 479 2726 Vers.
496 2704 517 2726 7.
536 2710 585 2732 seq.

388 2742 395 2754 ⁵
414 2743 469 2765 Phil.
487 2743 508 2770 3,
527 2743 565 2765 21,

385 2780 394 2794 ⁶
412 2783 441 2804 Ex
459 2782 510 2804 eod.
528 2783 580 2805 cod.
598 2783 615 2805 A
635 2784 670 2805 tol.
689 2784 717 2805 22
736 2790 753 2806 r.

387 2820 395 2833 ⁷
413 2821 478 2843 Vers.
502 2821 536 2843 13.

386 2859 394 2872 ⁸
412 2861 515 2882 Enarrat.
534 2861 556 2882 in
574 2861 609 2883 ps.
631 2861 680 2883 134.
698 2868 719 2883 n.
738 2862 757 2884 5.
778 2862 885 2891 Sequitur
896 2862 1010 2891 Ambros,
1028 2864 1043 2886 1.
1061 2863 1090 2886 de
1107 2864 1168 2892 Fide,

324 2904 343 2920 c.
362 2899 381 2920 S.
400 2905 422 2920 n.
441 2899 462 2925 ὅ,
481 2898 519 2921 ubi
537 2900 614 2928 docet,
633 2899 737 2922 Verbum
761 2906 811 2923 esse
829 2901 972 2924 conditorem
990 2902 1110 2931 utriusque
1129 2903 1169 2924 Te-

324 2938 442 2965 stamenti,
459 2942 480 2960 et
505 2939 527 2961 in
554 2939 589 2961 Ps.
607 2939 660 2961 1118.
677 2945 746 2961 serm.
768 2940 800 2961 18.
819 2947 839 2962 n.
859 2941 894 2962 37.
912 2947 985 2969 seqq„
1003 2941 1042 2963 ubi
1065 2941 1168 2969 exponit,

1569 222 1660 250 Sannio
1682 222 1700 249 Il
1712 222 1731 249 ⁶.

1298 322 1426 348 Dominioa
1446 323 1552 348 secunda
1571 323 1599 348 de
1627 323 1752 348 Adventu.
1781 324 1865 349 Sermo
1885 324 1972 349 fratris
1991 325 2073 350 Bona-

1226 365 1346 390 venturae
1365 365 1446 390 editus
1465 365 1578 390 Pal-isius
1596 366 1621 390 in
1642 365 1771 391 Conventu
1784 366 1902 391 Fratrum
1916 367 2074 393 Praedicato-

1227 415 1282 433 rum
1301 415 1383 433 coram
1403 408 1574 433 Universitate
1593 408 1737 434 Parisiensi.

1307 502 1340 531 Si
1360 502 1458 530 inveni
1477 503 1609 540 gratiam
1631 502 1662 531 in
1683 506 1835 540 conspectu
1865 507 1930 538 tuo,
1959 504 2072 533 ostende

1227 548 1302 578 milii
1321 548 1429 586 faciem
1451 553 1544 583 tuam,
1568 549 1653 577 Exodi
1676 550 1816 586 trigesimo
1839 551 1919 579 tertio
1931 551 1950 579 ⁷.

1306 588 1439 624 Dominus
1461 599 1555 625 noster
1578 596 1652 625 Iesus
1673 596 1817 631 Christus,
1839 597 1886 634 qui
1909 601 1951 626 est
1971 598 2073 627 veritas

1228 647 1363 677 aeterna,
1386 647 1413 671 et
1434 642 1494 671 ideo
1516 643 1605 671 virtus
1627 643 1714 672 Patris
1735 647 1762 672 et
1783 644 1948 681 Angelorum
1970 648 1997 673 et
2028 644 2074 673 ho—

1229 690 1350 724 minum,
1384 689 1536 718 secundum
1569 690 1792 726 Augustinum⁸;
1822 691 1869 727 qui
1901 694 1942 720 est
1972 691 2074 720 veritas

1227 736 1326 773 plena,
1349 739 1376 765 et
1397 736 1457 765 ideo
1478 737 1616 765 emanatio
1641 736 1767 765 omnium
1789 738 1966 766 scientiarum
1989 741 2016 766 et
2037 738 2074 767 le-

1227 792 1303 821 gum,
1325 784 1478 813 secundum
1500 784 1690 818 Ambrosium;
1712 784 1759 821 qui
1775 788 1817 813 est
1831 785 1933 814 veritas
1954 785 2073 819 intima,

1227 835 1254 860 et
1275 831 1335 860 ideo
1357 839 1440 860 causa
1468 831 1591 859 omnium
1622 831 1776 860 bonitatum
1798 834 1825 860 et
1846 832 1990 868 speculum
2012 839 2074 861 san-

1228 879 1370 912 ctitatum,
1392 878 1545 907 secundum
1577 878 1757 915 Gregorium;
1780 878 1837 915 ipse
1859 879 2012 913 illuminet,
2034 879 2074 908 in-

1228 925 1363 959 flammet,
1386 925 1515 953 informet
1535 929 1562 953 et
1584 924 1712 954 fecundet
1733 933 1783 954 nos
1804 925 1837 954 ad
1858 925 1960 962 aliquid
1983 925 2075 955 dicen-

1227 972 1292 1000 dum
1316 976 1366 1001 etc.

1307 1019 1340 1048 Si
1360 1019 1458 1047 inveni
1483 1020 1616 1056 gratiani
1637 1022 1688 1048 etc.
1719 1019 1927 1056 Augustin11s⁹:
1953 1019 2000 1048 «Ο
2028 1019 2075 1049 de-

1227 1069 1290 1094 vota
1321 1066 1428 1100 anima,
1458 1069 1592 1103 quantum
1626 1066 1676 1094 fuit
1707 1066 1874 1094 desiderium
1908 1067 2072 1095 Sanctorum

1227 1113 1405 1149 antiquorum
1429 1113 1522 1141 videre
1543 1112 1639 1141 faciem
1661 1113 1763 1142 Christi
1786 1113 1812 1141 in
1836 1114 2007 1142 humanitate
2031 1121 2074 1142 as-

1227 1161 1352 1188 51110ῑᾶ111
1371 1159 1436 1188 Ecce
1458 1159 1547 1193 enim,
1567 1160 1680 1196 Moyses,
1700 1160 1918 1196 gratiosissimus
1939 1160 1965 1188 in
1988 1160 2075 1189 oculis

1227 1206 1291 1239 Dei,
1313 1206 1382 1234 nihil
1414 1206 1594 1243 principalius
1626 1207 1787 1243 requirebat
1807 1215 1822 1235 a
1854 1207 1918 1236 Dee.
1941 1207 1992 1243 Qui
2016 1208 2075 1236 vult

1227 1260 1293 1289 ergo
1314 1252 1342 1280 in
1357 1256 1481 1289 tempore
1496 1253 1631 1281 adventus
1645 1253 1750 1290 gratiae
1765 1253 1913 1282 Salvatoris
1933 1253 2074 1283 Christum

1228 1299 1352 1328 venerari
1375 1303 1402 1328 et
1424 1300 1603 1336 contemplari
1626 1300 1799 1329 incarnatum
1822 1304 1849 1329 et
1870 1300 1965 1329 faeiem
1987 1301 2074 1338 ipsius

1227 1346 1362 1382 speculari
1385 1345 1566 1374 desideratam
1589 1346 1624 1375 ab
1655 1347 1784 1375 omnibus
1812 1347 1906 1376 electis
1926 1347 1991 1382 Dei,
2017 1351 2075 1377 stu-

1226 1392 1288 1421 deat
1308 1392 1409 1421 habere
1430 1393 1545 1429 gratiam
1568 1393 1595 1421 in
1616 1394 1704 1422 oculis
1726 1394 1773 1422 Dei
1795 1397 1822 1422 et
1844 1402 1896 1422 non
1918 1394 2032 1429 mundi3
2049 1398 2076 1424 et

1227 1439 1265 1467 sic
1286 1439 1410 1467 ostendet
1432 1439 1455 1467 ei
1487 1439 1600 1473 faciem,
1633 1448 1704 1477 quae
1735 1443 1777 1468 est
1798 1440 1888 1477 imago
1919 1444 1946 1469 et
1973 1440 2076 1479 figura

1226 1485 1408 1514 substantiae
1421 1486 1443 1503 ¹⁰
1464 1486 1559 1514 Patris.

1307 1533 1448 1561 Invenitur
1471 1541 1536 1562 vero
1567 1534 1656 1570 gratia
1681 1534 1706 1562 in
1739 1535 1827 1563 oeulis
1858 1535 1905 1564 Dei
1936 1543 1984 1572 per
2006 1536 2074 1565 baec

1227 1583 1365 1616 quatuor,
1387 1580 1491 1609 scilicet
1513 1588 1562 1617 per
1589 1581 1779 1610 reuerentiam
1802 1586 1828 1610 et
1848 1582 1959 1611 cultum
1980 1583 2075 1611 divini

1227 1626 1372 1660 nominis‚·
1394 1627 1479 1655 Exodi
1502 1627 1643 1664 trigesimo
1675 1628 1756 1657 tertio
1769 1629 1808 1656 ¹¹:
1839 1629 1979 1658 Invenisti
1998 1630 2074 1659 enim

1226 1674 1360 1710 gratiam
1382 1682 1484 1702 coram
1506 1683 1566 1708 me,
1588 1678 1613 1702 et
1634 1678 1658 1703 te
1680 1675 1776 1712 ipsum
1799 1676 1868 1704 noui
1894 1685 1929 1705 ex
1949 1677 2073 1706 nomine.

1228 1720 1266 1749 Ita
1286 1720 1338 1749 fnit
1359 1721 1463 1749 dictum
1486 1722 1586 1757 Moysi,
1609 1730 1708 1759 magno
1729 1722 1828 1751 cultori
1852 1723 2015 1752 Divinitatis.
2037 1741 2077 1745 —

1229 1768 1277 1796 Per
1300 1776 1431 1796 amorem
1460 1769 1674 1797 sanctimoniae
1705 1770 1833 1798 mentalis
1859 1773 1886 1799 et
1907 1771 2074 1807 corporalis;

1228 1814 1441 1843 Proverbiorum
1458 1815 1589 1852 vigesimo
1604 1816 1725 1844 secundo
1739 1816 1776 1844 ¹²:
1795 1817 1853 1853 Qui
1866 1817 1961 1854 diligit
1976 1818 2074 1847 cordis

1228 1861 1408 1890 munditiam
1425 1866 1546 1899 propter
1565 1863 1699 1899 gratiam
1723 1863 1869 1892 [fabiorum
1891 1873 2026 1899 suorum,
2049 1865 2076 1894 id

1228 1912 1269 1937 est
1290 1908 1447 1937 intellectus
1467 1912 1494 1937 et
1515 1909 1630 1938 affectus
1652 1910 1735 1944 casti,
1758 1909 1871 1939 habebit
1885 1912 2016 1940 amicum
2031 1921 2075 1941 re-

1226 1964 1301 1993 gem,
1323 1955 1419 1984 Deum.
1444 1972 1479 1975 —-
1503 1956 1552 1984 Per
1573 1955 1767 1985 bumilitatem
1796 1958 1916 1986 innatae
1943 1967 2077 1987 mansue-

1229 2002 1359 2036 tuclinis,·
1382 2003 1560 2031 Ecclesiastici
1582 2004 1664 2032 tertio
1677 2004 1715 2031 ¹⁵:
1740 2004 1856 2040 Quanto
1883 2014 2012 2043 magnus
2036 2014 2075 2040 eS,

1228 2048 1354 2078 humilia
1377 2053 1401 2079 te
1422 2050 1452 2078 iu
1474 2050 1609 2078 omnibus
1630 2054 1654 2078 et
1676 2059 1777 2079 coram
1796 2051 1852 2080 Deo
1866 2052 1993 2080 invenie-s
2006 2060 2076 2089 gra-

1229 2096 1318 2129 tiam;
1331 2097 1419 2125 Lucae
1431 2096 1520 2133 primo
1534 2097 1569 2125 ¹¹:
1582 2097 1723 2126 Invenisti
1732 2098 1866 2135 gratiam
1878 2099 1960 2136 apud
1973 2099 2074 2133 Deum,

1228 2143 1331 2171 dictum
1364 2146 1405 2172 est
1436 2143 1540 2180 Virgini
1574 2144 1680 2172 humili.
1703 2161 1742 2164 —-
1763 2145 1813 2173 Per
1844 2145 1991 2174 dulcorem
2019 2146 2076 2175 sive

1228 2190 1355 2219 decorem
1387 2190 1454 2227 piae
1485 2191 1715 2219 conuersationis
1746 2196 1773 2220 et
1796 2193 1954 2230 religiosae;
1978 2193 2075 2222 Esther

1229 2237 1400 2265 secundom:
1424 2237 1535 2266 Invenit
1567 2238 1664 2267 Esther
1694 2239 1829 2276 gratiam
1861 2239 1892 2267 in
1923 2243 2076 2276 conspectu

1229 2283 1317 2320 regis,
1339 2292 1413 2321 quac
1434 2293 1491 2312 non
1513 2285 1657 2322 quaesivit
1678 2285 1847 2314 muliebrem
1869 2286 1990 2321 cultum,
2011 2291 2076 2315 erat

1228 2330 1305 2358 enim
1325 2329 1459 2367 formosa
1482 2331 1572 2360 valde.

1308 2378 1419 2406 Habenti
1443 2386 1508 2407 vero
1529 2378 1601 2407 dicta
1622 2382 1744 2416 quatuor
1766 2384 1793 2409 et
1816 2388 1864 2417 per
1886 2388 1918 2410 ea
1942 2381 2075 2409 obtinenti

1228 2425 1344 2461 gratiam
1363 2425 1408 2453 Dei
1425 2425 1580 2454 ostenditur
1595 2434 1610 2454 a
1625 2426 1704 2455 Patre
1718 2427 1871 2463 gratiarum
1886 2426 1979 2465 facies
1993 2427 2074 2456 Verbi

1228 2589 1343 2612 Christum
1356 2596 1406 2613 esse
1424 2590 1589 2618 plenitudinem
1602 2592 1670 2619 Legis
1682 2594 1704 2614 et
1721 2593 1842 2614 veritatem
1856 2592 1910 2614 novi
1927 2592 2076 2615 Testamenti.

1226 2629 1329 2658 Denique
1341 2630 1445 2657 Gregor.,
1464 2630 1484 2652 in
1503 2631 1606 2652 Prooem.
1624 2631 1645 2652 in
1665 2631 1699 2653 Ps.
1723 2632 1739 2653 Ι.
1758 2631 1843 2658 poenit.
1861 2634 1883 2653 et
1901 2632 1916 2654 Ι.
1933 2632 1991 2659 Reg.
2003 2631 2042 2654 lib.
2061 2632 2076 2654 1.

1228 2674 1246 2690 c.
1266 2668 1286 2690 3.
1304 2675 1326 2690 n.
1345 2669 1365 2690 6.
1383 2675 1448 2697 seqq.
1461 2669 1535 2697 docet,
1548 2669 1663 2692 Christum
1677 2676 1727 2692 esse
1739 2670 1878 2698 principium
1891 2670 2076 2693 sanctificationis

1227 2708 1369 2735 Angelorum
1387 2711 1408 2730 et
1425 2709 1555 2731 hominum.

1291 2745 1300 2758 ¹³
1317 2747 1391 2769 Serm.
1410 2746 1461 2769 370.
1480 2746 1545 2775 (alias
1563 2748 1600 2769 20.
1618 2748 1647 2770 de
1666 2748 1791 2777 Tempore)
1811 2754 1829 2770 c.
1848 2749 1870 2770 3.
1887 2755 1909 2771 n.
1928 2749 1950 2771 3.

1290 2784 1310 2797 ¹⁰
1327 2784 1395 2808 Hebr.
1419 2786 1434 2813 1,
1454 2786 1474 2808 3,
1918 2787 1936 2799 ¹¹
1956 2787 2020 2810 Vers.
2039 2787 2075 2810 17.

1290 2823 1309 2837 ¹²
1328 2825 1392 2847 Vers.
1415 2825 1448 2847 tt.

1290 2863 1309 2876 ¹³
1327 2865 1392 2887 Vers.
1410 2866 1447 2887 20Δ

1290 2902 1308 2917 ¹¹
1328 2904 1390 2926 Vers.
1409 2905 1446 2926 30.

1290 2941 1310 2954 ¹⁵
1327 2943 1392 2965 Vers.
1411 2943 1432 2965 9.
1454 2944 1488 2966 15.

2090 643 2168 663 Divisio.

2092 1017 2183 1037 Hor-tatio.

2092 1533 2128 1552 Per
2141 1534 2223 1560 quelque*

2091 1558 2182 1576 exercitia
2192 1562 2218 1576 m·

2102 1580 2177 1599 venitur
2181 1585 2219 1604 gra·

2092 2384 2156 2404 Faciet
2168 2383 2220 2403 Chi-i-
2236 2383 2237 2399 1

2104 2409 2130 2428 sti
2146 2408 2157 2426 4
2176 2413 2222 2432 pro·
2235 2404 2238 2431 l

2104 2432 2202 2456 prietates.
2236 2433 2238 2446 1
