2243 3348
22 1387 113 1412 1111001110.

11 1949 70 1971 tertio,
84 1949 107 1968 de

10 1974 107 1992 numento

12 1996 111 2016 «mactati.

568 184 609 211 DE
632 182 894 212 ANNUNTtATtONE
916 183 942 210 B.
965 182 1106 211 VlRGlNIS
1127 183 1254 211 MARlAE.
1278 183 1387 212 SERMO
1410 184 1449 212 lV.

136 262 218 290 Filius
240 262 358 290 hominis
376 269 428 289 non
447 261 604 290 venisset».
628 261 691 289 Vel:
713 261 744 289 in
765 260 979 294 misericordia,

137 309 162 338 id
184 312 225 337 est
246 309 272 336 in
295 309 374 337 beata
394 308 505 344 Virgine
527 308 626 341 Maria,
648 315 719 344 quae
747 312 788 336 est
810 308 903 344 regina
929 307 980 335 mi-

136 355 315 388 seric01·diae;
338 354 410 382 unde
423 354 579 382 Bernardus
594 353 619 381 ¹:
639 365 652 378 «ι
668 354 749 382 Sileat
765 353 978 382 misericordiam

136 404 221 435 tuam,
244 401 326 438 Virgo
342 401 433 434 beata,
448 401 469 429 si
492 401 555 437 quis
576 404 601 429 te
624 401 775 429 invocatam
793 401 817 429 in
835 401 980 429 necessita-

136 448 209 477 tibus
231 447 288 476 suis
310 448 359 476 sibi
383 447 537 476 meminerit
559 447 719 476 defuisse».
743 448 823 475 Recte
842 447 925 484 igitur
940 447 979 475 di-

135 495 223 523 citur:
241 493 480 530 Praeparabitar
495 494 525 521 in
540 494 745 522 misericordia
766 493 882 527 solium,
898 494 924 521 id
939 496 980 522 est

134 542 160 569 in
177 541 288 578 Virgine
309 541 406 573 Maria;
428 544 455 569 et
476 540 536 569 ideo
558 541 700 569 subditur:
723 545 748 568 et
768 540 873 569 sedebit
891 548 980 577 super

134 587 207 616 illud
227 587 259 615 in
280 586 467 615 tabernaculo
492 587 595 620 David,
619 587 643 615 id
665 591 705 616 est
727 587 753 615 in
770 587 893 623 Virgine,
909 594 980 623 quae

134 633 354 662 tabernaculum
377 632 438 670 suit
460 634 564 667 David,
587 634 642 662 veri
666 634 753 669 Regis,
772 633 798 661 id
814 636 855 661 est
869 633 978 661 Christi.

135 681 160 708 ln
183 688 215 708 ea
235 680 307 709 enim
331 680 464 708 Dominus
485 680 556 708 sedit
577 684 603 708 et
619 680 764 717 requievit,
786 683 817 707 ut
839 680 917 708 fieret
931 688 979 707 no-

133 731 189 756 ster
211 727 353 763 princeps,
376 726 449 755 unde
465 727 612 755 Ezechielis
628 726 768 763 trigesimo
783 729 898 762 quarto:
915 726 979 754 Ser-

132 783 187 802 vus
209 782 289 802 meus
313 774 417 807 David,
435 774 571 810 princeps
592 773 623 801 in
644 773 737 801 mettio
753 780 862 800 corum.
878 773 903 800 Si
922 773 979 800 Da—

132 820 198 854 vid,
218 820 372 857 princeps,
395 821 480 848 Mater
504 820 608 847 Domini
635 827 688 847 non
710 819 763 846 erit
784 817 910 851 aneilla,
932 818 978 846 sed

132 867 243 896 domina
258 871 284 896 et
299 867 408 904 regina,
424 867 536 895 domina
550 867 647 903 utique
662 866 795 899 omnium,
819 873 871 893 0011
888 865 977 893 5011101

132 914 325 947 terrestrium,
348 914 394 942 sed
416 917 443 942 et
464 913 632 945 caelestium,
654 912 687 940 ad
708 920 779 948 quae
801 920 829 940 se
854 908 979 940 extendit

132 961 219 998 ipsius
240 960 397 997 imperium.
415 960 445 987 Et
466 959 526 987 ideo
548 959 707 986 Anselmus:
735 970 747 982 α
762 957 784 986 O
806 958 905 986 femina
927 957 978 985 mi-

132 1007 256 1036 rabiliter
271 1006 419 1043 singularis
434 1010 460 1034 et
476 1005 653 1042 singulariter
665 1005 813 1033 mirabilis!
831 1012 879 1041 per
894 1012 977 1041 quam

132 1054 223 1082 omnia
255 1056 434 1086 renovantur,
468 1052 574 1081 inferna
605 1051 802 1085 remediantur,
831 1051 978 1079 daemones

131 1099 338 1133 conculcantur,
361 1099 486 1127 homiues
508 1099 658 1131 salvantur,
681 1098 772 1134 Angeli
789 1098 977 1134 redintegran-

131 1148 193 1175 turl
216 1146 271 1175 Cur
288 1147 394 1183 loquor,
418 1146 540 1179 Domina,
563 1145 701 1174 beneficiis
717 1146 771 1174 tuis
787 1146 896 1182 plenum
918 1152 978 1173 esse

132 1193 289 1222 mundum?
311 1193 418 1222 Inferna
438 1196 599 1229 penetrant,
629 1193 718 1221 caelos
746 1195 895 1229 superant;
927 1200 977 1229 per

131 1239 327 1277 plenitudinem
350 1240 422 1268 enim
451 1240 555 1276 gratiae
576 1243 639 1268 tuae
668 1243 694 1268 et
722 1247 793 1276 quae
822 1239 848 1267 10
871 1238 978 1267 inferno

130 1290 209 1315 erant
230 1294 258 1315 se
281 1287 417 1315 laetantur
440 1286 566 1318 liberata,
589 1289 616 1314 et
643 1293 713 1322 quae
735 1293 820 1321 super
843 1285 977 1313 mundum

131 1337 196 1362 sunt
217 1341 245 1362 se
272 1333 393 1370 gaudent
421 1336 617 1361 restaurata».
648 1332 678 1360 Et
706 1332 766 1360 ideo
795 1332 873 1360 beata
895 1332 977 1368 Virgo

130 1380 253 1409 omnium
269 1380 363 1416 regina
381 1379 451 1408 facta
465 1383 515 1408 est.
531 1396 567 1399 —
583 1379 685 1407 Omnes
700 1387 765 1416 ergo
781 1387 839 1407 eam
857 1379 976 1412 laudent,

130 1426 156 1455 in
172 1427 232 1455 eius
247 1427 378 1455 honorem
395 1434 476 1454 omne
488 1435 564 1463 yenu
578 1425 723 1462 flectatur,
735 1425 909 1459 caelestium,
923 1429 978 1453 ter-

129 1474 269 1502 restrium
284 1477 308 1501 et
320 1472 506 1510 infernorum
518 1474 539 1507 2,
552 1473 617 1509 quia
629 1473 760 1501 beneficia
771 1473 831 1501 eius
843 1473 869 1500 in
881 1480 976 1500 omnes

129 1521 293 1549 redundant.
324 1521 354 1548 Et
386 1520 445 1548 ideo
476 1520 656 1548 Bernardus³
690 1520 804 1556 loquens
835 1520 868 1548 de
900 1520 974 1556 ipsa:

134 1579 147 1592 «
163 1567 200 1596 De
222 1567 392 1604 plenitudine
414 1567 473 1595 eius
498 1570 664 1603 acceperunt
690 1567 827 1595 universi:
850 1567 975 1603 captivus

130 1614 356 1651 redemptionem,
368 1621 449 1651 aeger
462 1614 642 1648 curationem,
655 1613 741 1642 tristis
753 1614 975 1647 consolationem,

128 1664 254 1698 peccator
276 1661 399 1694 veniam,
427 1661 517 1689 iustus
547 1661 678 1697 gratiam,
707 1661 798 1697 Angeli
829 1661 973 1695 laetitiam,

127 1708 246 1745 denique
267 1711 323 1736 tota
344 1708 463 1736 Trinitas
493 1708 625 1744 gloriam,
657 1707 713 1735 Filii
736 1715 853 1744 persona
884 1708 975 1736 carnis

128 1755 264 1783 humanae
286 1755 480 1789 substantiam,
503 1757 534 1783 ut
555 1763 609 1783 non
625 1755 659 1783 sit
673 1755 725 1792 qui
737 1763 766 1782 se
781 1754 940 1783 abscondat
955 1763 974 1783 a

127 1801 223 1830 calore
244 1801 306 1830 eius
321 1813 347 1829 n.
370 1802 447 1830 Dicat
468 1809 534 1838 ergo
557 1801 639 1838 Virgo
660 1802 755 1830 Maria:
786 1802 844 1837 Qui
864 1802 975 1830 creavit

127 1856 171 1876 me
192 1848 331 1886 requievit
352 1849 382 1876 in
405 1848 593 1876 tabernaculo
614 1857 684 1876 meo.

207 1895 243 1923 De
265 1903 320 1932 quo
341 1895 471 1923 assumsit
492 1895 542 1923 sibi
566 1898 770 1923 ornamentum
784 1895 973 1929 sacerdotale,

127 1945 159 1971 ut
180 1950 242 1971 cum
266 1942 311 1970 illo
334 1942 460 1970 introiret
488 1942 514 1969 10
537 1942 649 1975 Sancta3
678 1942 751 1970 unde
777 1942 810 1970 ad
838 1942 974 1971 Hebraeos

128 1997 200 2017 nono
215 1990 241 2017 ¹¹:
265 1988 399 2017 Christus
421 1988 560 2016 assistens
578 1987 710 2025 pontifex
742 1992 835 2017 noster
856 1988 973 2025 futuro-

127 2045 196 2064 rum
218 2036 357 2064 bonorum
379 2044 432 2072 per
453 2035 582 2072 amptius
602 2039 626 2063 et
651 2035 811 2073 perfectius
838 2036 974 2065 taberna-

127 2083 224 2111 culum
251 2091 308 2111 non
330 2082 556 2119 manufactum,
578 2083 609 2110 itt
629 2087 668 2111 est
690 2091 746 2111 non
774 2082 864 2111 liuius
892 2091 972 2111 crea-

127 2130 223 2164 tionis,
245 2138 334 2168 neque
352 2138 406 2167 per
427 2130 601 2167 sanquinem
624 2128 774 2158 hircorum
797 2134 849 2158 aut
870 2130 973 2158 vitulo-

125 2185 211 2210 rum,
233 2177 282 2205 sed
303 2185 357 2213 per
382 2176 540 2214 proprium
569 2177 743 2213 sanquinem
772 2177 904 2205 introivit
931 2185 973 2205 se-

125 2223 181 2251 mel
199 2223 230 2252 in
252 2223 370 2252 Sancta.
392 2223 534 2257 Christus,
553 2222 686 2260 pontifex
708 2227 817 2257 noster,
839 2224 972 2252 introiens
999 2254 1000 2261 ἵ

125 2270 157 2298 in
179 2270 305 2304 Sancta,
334 2270 460 2299 transivit
485 2278 535 2307 per
556 2273 668 2298 uterum
697 2270 832 2307 Virginis,
859 2271 884 2299 in
916 2279 971 2307 quo

125 2317 230 2354 accepit
257 2317 439 2353 pontificalem
463 2318 576 2350 stolam,
598 2320 624 2345 et
650 2325 699 2354 per
728 2317 881 2354 patibulum
907 2325 971 2346 cru-

126 2364 180 2398 cis,
203 2364 229 2392 in
251 2372 305 2401 qua
320 2364 420 2393 obtulit
435 2365 632 2393 sanctissimam
649 2365 779 2398 hostiam,
801 2368 828 2393 et
849 2373 898 2401 per
920 2365 971 2393 hoc

126 2411 181 2439 Deo
202 2418 251 2439 nos
273 2411 482 2439 confoederavit.
505 2411 574 2440 Haec
595 2411 650 2440 duo
673 2412 757 2448 tangit
778 2412 922 2448 Apostolus
944 2412 970 2440 in

126 2457 194 2493 (illa)
209 2458 387 2486 auctoritate:
409 2461 544 2494 quantum
566 2458 598 2486 ad
620 2458 779 2495 dignitatem
800 2459 870 2487 uteri
888 2458 970 2495 virgi-

126 2504 194 2532 nalis
215 2504 294 2532 dicit:
313 2512 367 2540 per
381 2504 510 2540 amplius
525 2504 765 2537 {almi-naculum
780 2508 914 2541 quantum
937 2504 969 2533 ad

126 2551 314 2579 excellentiam
336 2551 481 2579 oblationis
509 2551 600 2579 crucis
627 2551 706 2580 dicit:
733 2560 787 2588 per
811 2551 967 2588 proprium

124 2596 307 2634 sanquinem.
330 2597 366 2625 lbi
388 2597 460 2625 enim
482 2598 676 2626 vestimentum
703 2598 847 2626 candidum
874 2601 900 2626 et
922 2606 969 2626 ru-

125 2643 292 2678 bicundum,
313 2644 387 2680 quod
408 2644 435 2672 in
457 2647 537 2672 utero
565 2644 685 2681 Virginis
706 2645 812 2673 sumsit.
838 2645 891 2673 Hoc
920 2652 969 2673 au-

187 2820 194 2833 ¹
212 2822 284 2843 Serm.
304 2822 324 2843 4.
342 2822 363 2843 10
381 2822 481 2844 Assumt.
500 2823 522 2844 Β.
542 2823 567 2844 V.
586 2823 612 2844 ill.
631 2829 653 2844 11.
667 2824 687 2844 G.
700 2836 730 2838 —
742 2824 874 2851 Sequuntur
887 2824 967 2844 Ezeeh.

125 2859 163 2886 34,
180 2859 216 2882 et.
233 2863 255 2881 et
272 2860 379 2887 Anselm.‚
397 2860 458 2883 Orat.
476 2860 513 2882 52.
531 2860 595 2889 (alins
613 2861 669 2890 51.).
790 2861 799 2873 ²
818 2862 871 2883 Phil.
890 2863 911 2888 2,
932 2862 965 2883 10.

187 2897 195 2910 ³
212 2899 284 2920 Serm.
301 2899 330 2921 de
348 2899 437 2921 Domin.
455 2900 511 2921 infra
529 2899 608 2922 Octav.
627 2901 727 2922 Assumt.
740 2901 765 2922 B.
777 2901 805 2922 V.
817 2901 844 2922 Μ.
856 2907 878 2922 0.
892 2902 912 2928 2,
927 2900 965 2922 ubi

124 2937 231 2959 alluditur
247 2937 274 2959 ad
295 2938 328 2959 Ps.
347 2938 383 2965 118,
400 2939 422 2960 7.

186 2976 195 2988 4
213 2976 276 2998 Vei-s.
299 2978 331 2999 ll.
348 2983 410 3005 seq.;
428 2980 556 3006 sequuntur
572 2984 592 3000 c.
609 2978 630 3005 6,
650 2978 685 3000 ⁴8.
703 2981 725 3001 el.
741 2979 796 3001 Lev.
814 2979 851 3005 26,
872 2979 905 3000 ll.

217 3022 243 3046 S.
254 3023 344 3046 Bonuv.
360 3036 390 3040 —
407 3025 476 3046 Tom.
493 3025 530 3047 lx.

1826 186 1880 213 6723

1037 263 1090 289 tem
1113 261 1305 290 vestimentum
1333 262 1417 290 voluit
1448 262 1579 290 Dominus
1607 270 1717 291 sumere
1743 264 1768 291 in
1792 263 1882 291 taber-

1037 308 1135 335 naculo
1156 308 1226 336 uteri
1250 308 1401 344 virginalis,
1415 311 1456 336 Δ111
1477 317 1529 337 0011
1552 309 1640 337 5011110
1664 309 1721 345 ipse
1743 312 1814 338 esset
1834 310 1881 337 ad-

1036 357 1157 387 vocatus,
1180 354 1227 383 sed
1247 355 1328 383 etiam
1350 355 1417 391 ipsa,
1440 359 1470 383 ut
1492 364 1540 392 per
1561 356 1630 384 duas
1652 364 1790 392 personas,
1812 365 1881 393 quas

1035 401 1202 437 impossibile
1223 405 1264 429 est
1279 402 1382 437 repelli,
1399 402 1494 430 Filium
1517 402 1619 430 scilicet
1634 406 1660 430 et
1675 403 1797 436 Matrem,
1819 402 1880 440 for-

1036 447 1181 475 tissimum
1203 447 1341 475 solatium
1363 447 1533 482 habeamus,
1556 449 1607 486 qui
1627 448 1815 486 confuyimus
1842 451 1881 478 tul

1036 494 1187 522 tenendum
1207 495 1389 531 propositam
1411 503 1500 531 spem,
1516 495 1549 523 ad
1564 495 1700 524 Hebraeos
1715 500 1803 524 sexto.
1821 497 1880 525 [deo

1035 540 1135 568 dicitur
1157 540 1266 568 Levitici
1290 541 1421 577 vigesimo
1447 545 1541 570 sexto:
1566 542 1677 570 Ponam
1708 542 1881 571 tabernacu-

1035 586 1095 614 lum
1118 595 1213 615 meum
1240 587 1270 615 in
1298 587 1391 616 mettio
1419 589 1523 622 vestri,
1552 592 1576 616 et
1604 598 1660 617 non
1689 589 1804 618 abiiciet
1830 598 1880 617 vos

1037 633 1109 661 ultra
1131 634 1233 661 anima
1248 642 1329 667 mea,
1351 635 1416 670 quia
1432 635 1510 663 beata
1525 635 1617 672 Virgo,
1632 639 1726 664 nostra
1740 636 1879 670 advocata,

1036 688 1088 708 non
1112 684 1200 716 potest
1215 688 1267 708 non
1284 681 1427 713 exaudiri;
1445 681 1517 709 unde
1532 682 1688 710 Bernardus
1703 683 1729 710 ⁵:
1757 695 1770 707 «
1785 683 1878 717 Filioli,

1036 727 1101 755 haec
1124 730 1164 755 est
1193 731 1368 763 peccatorum
1399 729 1486 761 scala,
1515 729 1582 757 haec
1608 732 1649 757 est
1677 737 1737 757 mea
1758 730 1878 758 maxima

1035 773 1150 807 fiducia,
1175 774 1240 801 haec.
1263 777 1318 801 tota
1340 774 1409 802 ratio
1425 775 1479 810 spei
1505 783 1587 803 meae.
1611 776 1681 811 Quid
1703 776 1798 804 enim?
1821 777 1879 804 Pot-

1034 823 1111 848 estne
1132 820 1215 848 Filius
1237 821 1371 856 repellere
1392 829 1465 854 eam,
1487 825 1535 849 aut
1556 822 1693 850 sustinere
1719 823 1879 858 repulsam?

1034 866 1167 893 Neutrum
1192 867 1278 902 plane.
1304 867 1442 894 Invenisti
1455 868 1541 900 enim,
1558 868 1647 904 inquit
1661 869 1794 905 Angelus,
1808 877 1879 905 ,qra-

1034 913 1105 940 tiam
1122 913 1204 949 apud
1218 913 1315 941 Deum.
1329 913 1465 941 Fehciter!
1482 914 1594 950 Semper
1608 915 1673 943 haec
1689 915 1808 943 inveniet
1822 924 1880 952 gra-

1034 959 1114 992 tiam;
1137 962 1163 987 et
1178 960 1235 987 sola
1249 963 1290 988 est
1311 960 1407 996 gratia,
1423 968 1477 996 qua
1499 968 1611 997 egemus
1626 973 1652 989 ».
1676 978 1710 981 —
1736 962 1795 990 ldoo
1816 971 1878 990 cum
1897 972 1981 990 ironico.

1033 1014 1131 1042 magna
1153 1006 1252 1034 fiducia
1274 1007 1436 1035 accedamus
1451 1007 1483 1035 ad
1501 1007 1655 1044 Virginem,
1678 1012 1704 1036 et
1727 1017 1824 1038 secure
1840 1010 1879 1037 in-

1034 1052 1176 1081 veniemus
1198 1061 1256 1081 eam
1273 1053 1299 1081 111
1322 1054 1423 1082 0051115
1438 1055 1663 1088 necessitatibus,
1685 1064 1748 1084 cum
1772 1056 1830 1092 ipsa
1845 1057 1879 1084 sit

1034 1102 1127 1127 nostra
1141 1099 1287 1133 advocata;
1303 1104 1330 1128 et
1346 1104 1492 1137 propterea
1507 1101 1663 1130 Bernardus
1677 1103 1688 1119 ⁶
1710 1103 1800 1131 adhuc
1816 1103 1879 1131 hor-

1033 1148 1124 1174 tatur:
1151 1157 1164 1171 «
1180 1146 1206 1174 ln
1231 1147 1369 1182 periculis,
1393 1148 1496 1184 inquit,
1519 1148 1545 1176 in
1567 1149 1716 1185 angustiis,
1740 1150 1765 1178 in
1795 1151 1879 1179 rebus

1033 1192 1124 1221 dubiis
1153 1193 1263 1221 Mariam
1293 1194 1396 1230 cogita,
1426 1194 1537 1222 illariam
1560 1195 1672 1229 invoca,
1694 1205 1747 1224 000
1771 1197 1879 1225 recedat

1033 1239 1067 1267 ab
1088 1247 1149 1273 ore,
1172 1247 1226 1268 non
1250 1240 1357 1268 recedat
1379 1249 1394 1268 a
1415 1241 1512 1274 corde3
1535 1244 1562 1269 et
1583 1245 1614 1270 ut
1635 1242 1765 1278 impetres
1779 1244 1878 1271 oratio-

1034 1286 1075 1314 nis
1090 1287 1150 1314 eius
1165 1286 1344 1323 suffragium,
1361 1295 1413 1315 non
1429 1287 1540 1316 deseras
1555 1289 1770 1318 conversationis
1785 1298 1879 1318 exem-

1032 1333 1118 1369 plum.
1143 1334 1228 1369 {psam
1251 1341 1369 1370 sequens
1390 1342 1443 1362 non
1466 1335 1573 1369 devias,
1596 1335 1681 1372 ipsam
1705 1344 1803 1373 rogans
1825 1345 1877 1365 non

1032 1380 1170 1416 desperas,
1193 1380 1278 1416 ipsam
1299 1381 1421 1417 cogitans
1436 1389 1489 1410 non
1505 1390 1591 1416 erras,
1614 1383 1672 1419 ipsa
1688 1385 1809 1417 tenente,
1825 1391 1877 1411 non

1032 1427 1155 1460 corruis,
1178 1427 1235 1463 ipsa
1258 1431 1430 1464 protegente,
1448 1436 1500 1456 non
1524 1429 1637 1462 metuis,
1654 1429 1712 1466 ipsa
1726 1430 1808 1463 duce,
1825 1438 1877 1458 non

1031 1474 1161 1510 fatigaris,
1177 1474 1235 1510 ipsa
1250 1474 1381 1511 propitia,
1397 1476 1524 1511 pervenis
1538 1487 1565 1503 ».
1582 1476 1661 1504 Recte
1677 1477 1760 1513 igitur
1776 1477 1828 1506 hoc
1843 1480 1879 1506 ta-

1031 1521 1211 1549 bernaculum
1228 1521 1416 1550 venerandum
1432 1525 1458 1550 et
1472 1522 1505 1550 ad
1521 1523 1572 1551 hoc
1595 1523 1802 1552 tabernaculum
1818 1532 1879 1553 000-

1031 1568 1201 1604 fugiendum,
1223 1568 1248 1596 in
1272 1576 1327 1605 quo
1342 1569 1475 1597 Dominus
1490 1569 1528 1597 sic
1544 1569 1714 1599 familiariter
1730 1572 1877 1608 requievit,

1031 1618 1061 1643 ut
1083 1615 1141 1651 ipsa
1162 1615 1245 1651 Virgo
1267 1615 1346 1643 beata
1366 1616 1457 1644 dicere
1480 1620 1570 1652 posset
1594 1618 1726 1646 veraciter
1749 1618 1781 1646 ad
1808 1619 1877 1647 litte-

1030 1669 1105 1689 ram:
1130 1662 1188 1697 Qui
1207 1662 1318 1690 creavit
1338 1670 1382 1690 me
1396 1663 1534 1700 requievit
1549 1663 1577 1691 in
1601 1664 1789 1693 tabernaculo
1807 1674 1876 1694 meo.

1031 1708 1061 1736 Et
1085 1709 1150 1737 haec
1172 1708 1290 1737 sufficiat
1311 1709 1415 1738 dixisse
1436 1709 1469 1738 de
1491 1710 1575 1739 verbo
1604 1711 1743 1747 proposito
1773 1712 1876 1741 littera-

1030 1756 1092 1784 liter
1114 1756 1259 1784 intellecto.

1110 1803 1136 1830 ll.
1160 1803 1316 1831 Secundum
1344 1803 1511 1832 intellectum
1538 1804 1726 1841 allecoricam
1751 1806 1877 1835 convenit
1893 1813 1938 1840 ears
1949 1813 1971 1832 11.
1987 1813 2014 1833 ne

1031 1850 1200 1886 praedictum
1215 1850 1330 1878 verbum
1344 1850 1483 1878 militanti
1495 1851 1646 1885 Ecclesiae,
1659 1852 1684 1880 in
1698 1861 1753 1889 qua
1764 1853 1876 1881 Creator
1899 1837 2005 1884 iiissssflffffl.

1029 1896 1153 1924 omnium
1178 1897 1414 1925 sacramentaliter
1437 1898 1599 1934 requiescit,
1622 1899 1773 1927 seeundum
1803 1900 1875 1936 quod

1031 1945 1104 1971 tenet
1125 1946 1152 1971 et
1174 1943 1312 1979 praedicat
1334 1947 1408 1972 recta
1430 1944 1505 1973 fides.
1530 1945 1559 1972 Et
1588 1945 1654 1973 illud
1684 1946 1752 1974 bene
1773 1947 1875 1983 signiti-

1029 1993 1121 2018 catum
1143 1993 1184 2018 est
1206 1990 1291 2018 Exodi
1314 1990 1444 2027 vigesimo
1472 1999 1543 2019 nono
1559 1992 1578 2025 ⁷,
1602 1992 1648 2020 ubi
1677 1992 1793 2021 dicitur:
1822 1993 1875 2021 Sa-

1030 2036 1176 2072 crificium
1198 2040 1237 2064 est
1260 2037 1382 2065 Domino
1404 2037 1545 2066 oblatione
1571 2043 1711 2075 perpetua
1739 2040 1770 2067 in
1793 2048 1876 2077 yene-

1029 2084 1157 2111 rationes
1179 2086 1307 2117 vestras,
1329 2084 1369 2111 ad
1390 2084 1495 2112 ostium
1519 2085 1702 2114 tabernaculi
1722 2086 1877 2114 testimonii

1029 2137 1131 2157 coram
1154 2129 1292 2163 Domino,
1315 2129 1366 2158 ubi
1386 2131 1578 2165 constituam,
1600 2135 1634 2159 ut
1654 2131 1759 2169 loquar
1780 2133 1820 2160 atl
1841 2136 1872 2160 te.

1029 2177 1082 2205 Hoc
1115 2176 1336 2204 tabernaculum
1367 2177 1537 2211 testimonii,
1568 2178 1593 2206 in
1622 2187 1678 2215 quo
1703 2179 1874 2207 sacrificatur

1028 2226 1055 2252 et
1076 2232 1129 2252 vox
1153 2224 1212 2252 eius
1237 2223 1358 2256 auditur,
1381 2226 1422 2252 est
1445 2224 1562 2253 Ecclesia
1588 2225 1720 2258 militans,
1743 2226 1821 2262 quia,
1843 2231 1874 2255 ut

1027 2270 1092 2299 dicit
1120 2270 1329 2307 Augustinusss,
1356 2279 1437 2299 «non
1467 2275 1508 2299 est
1540 2272 1615 2300 locus
1646 2272 1702 2300 veri
1731 2272 1875 2307 sacrificii

1027 2321 1109 2346 extra
1130 2318 1291 2346 catholicam
1314 2318 1500 2346 Ecclesiam».
1526 2318 1560 2347 lbi
1584 2319 1664 2347 etiam
1689 2319 1761 2348 Deus
1782 2320 1873 2357 loqui-

1028 2368 1088 2398 tur,
1111 2365 1174 2401 quia
1197 2364 1272 2392 nulla
1299 2364 1424 2392 doctrina
1445 2365 1612 2393 voluntatem
1640 2366 1686 2394 Dei
1719 2366 1873 2395 manifestat

1028 2411 1078 2439 nisi
1101 2419 1132 2439 ea
1153 2418 1224 2447 quae
1245 2413 1286 2439 est.
1308 2410 1367 2439 fidei
1388 2411 1561 2440 christianae.
1579 2412 1605 2440 10
1628 2413 1679 2441 1100
1695 2413 1872 2441 tabernaculo

1027 2457 1199 2486 sacrificatur
1222 2457 1336 2485 Domino
1365 2457 1505 2486 oblatione
1529 2463 1689 2495 perpetua,
1711 2460 1775 2496 quia
1804 2459 1870 2488 illud

1027 2504 1208 2537 sacrificium,
1230 2504 1257 2532 in
1279 2512 1335 2541 quo
1357 2504 1429 2533 Deus
1451 2506 1685 2534 sacramentaliter
1707 2506 1870 2543 requiescit,

1027 2559 1115 2587 usque
1136 2551 1168 2579 ad
1191 2551 1271 2579 finem
1295 2551 1395 2579 saeculi
1412 2552 1613 2588 perseverabit,
1629 2553 1780 2581 secundum
1803 2553 1870 2581 illud

1026 2598 1151 2625 Matthaei
1175 2597 1304 2634 vigesimo
1326 2600 1437 2626 octavo:
1461 2598 1539 2631 Ecce,
1561 2607 1610 2635 eye
1631 2599 1777 2628 vobiscum
1804 2608 1869 2627 sum

1025 2644 1159 2672 omnibus
1180 2644 1281 2672 (liebus
1294 2653 1385 2681 usque
1406 2645 1446 2673 ad
1459 2646 1735 2674 consummationem
1751 2646 1868 2674 saeculi.

1086 2821 1095 2834 ⁵
1112 2823 1185 2844 Serui.
1202 2822 1231 2844 de
1249 2822 1321 2844 Nativ.
1341 2823 1363 2844 Β.
1382 2823 1408 2844 V.
1427 2823 1453 2844 Μ.
1472 2830 1492 2845 u.
1510 2823 1532 2850 7,
1546 2822 1583 2845 ubi
1596 2823 1718 2851 respicitur
1730 2824 1783 2845 Luc.
1801 2825 1818 2850 l,
1831 2824 1867 2846 30.

1085 2859 1094 2872 Β
1112 2861 1193 2883 1101011.
1211 2862 1231 2883 2.
1249 2868 1319 2889 super
1338 2861 1424 2884 Missus
1441 2863 1481 2889 est,
1502 2868 1524 2883 n.
1546 2862 1578 2884 17.

1085 2899 1093 2911 ⁷
1112 2900 1175 2922 Vers.
1194 2900 1229 2922 42.

1084 2937 1093 2950 Β
1110 2938 1170 2961 Libr.
1184 2940 1283 2961 sentent.
1295 2940 1398 2967 Prospcri
1411 2946 1433 2961 11.
1450 2940 1488 2966 15;
1501 2939 1553 2962 Can.
1565 2940 1642 2963 Ea‘tru
1656 2940 1797 2963 catholicam
1810 2940 1865 2969 (71.)

1021 2978 1044 3001 C.
1067 2979 1084 3000 1,
1104 2984 1127 3006 q.
1149 2978 1169 3004 l;
1188 2978 1291 3006 sequitur
1310 2979 1384 3000 lllatth.
1404 2979 1440 3006 ⁶28,
1459 2979 1495 3001 20.

1741 3027 1769 3048 85
