2243 3348
210 1606 292 1626 uenatio
305 1606 329 1625 ad

207 1631 325 1654 sperandum.

220 2212 318 2231 Dissimilis

222 2241 314 2254 occursus.

224 2397 314 2421 Recepiio

217 2421 271 2443 plena
284 2421 324 2439 dul>

223 2444 288 2462 cedine
302 2447 320 2462 et

218 2468 322 2485 reverentia

223 2490 246 2508 ob
259 2490 319 2513 dupli-

217 2518 256 2531 cem
270 2516 324 2532 ralio-

248 2541 297 2555 nem.

349 179 406 207 694

348 255 481 287 deiformi.
505 255 570 283 Tota
591 252 726 290 siquidem
754 252 832 280 beata.
852 249 971 278 Trinitas
1000 252 1025 277 te
1045 247 1187 284 cognovit,

348 303 446 335 Maria,
467 308 604 338 sponsam
632 301 722 327 castae
752 296 920 329 dilectionis,
948 295 1051 324 aulam
1078 297 1188 323 sanctae

348 346 560 379 inhabitationis,
581 344 726 382 officinam
741 343 826 371 mirae
840 341 1015 378 operationis.
1031 340 1077 368 Vel
1092 339 1187 368 distin-

349 395 418 423 ctive
433 393 570 421 dicamus:
585 389 717 427 Cognovit
730 389 838 417 beatam
853 388 965 416 Mariam
980 387 1059 415 Pater
1072 385 1186 414 domum

349 448 414 469 suae
436 437 598 471 maiestatis;
621 436 703 465 isaiae
724 435 895 471 sexagesimo
910 433 935 461 ¹:
953 434 1076 462 Domum
1098 432 1189 460 maie-

348 486 431 515 statis
451 493 530 513 meac
548 482 735 520 9lorisicaIro;
751 480 908 517 recognovit
923 480 1005 508 Filius
1020 478 1186 515 principium

348 540 414 562 suae
435 530 611 560 humanitatis
632 529 688 557 sive
705 527 881 561 humilitatis3
897 525 1055 563 recognovit
1069 524 1188 561 Spiritus

348 581 459 607 sanctus
479 576 630 605 sacrarium
652 582 718 603 suae
740 574 883 607 bonitatis,
905 573 932 600 in
953 581 1009 609 quo
1031 571 1188 608 plenissime

348 629 374 654 et
395 624 498 660 absque
519 629 649 651 mensura
669 620 835 650 charismata
848 619 968 648 condidit
981 618 1145 655 gratiarum,
1160 617 1188 645 in

347 679 403 708 quo
423 670 525 699 scilicet
546 668 649 697 horreo
671 667 780 704 publico
801 668 828 695 et
848 665 996 694 universali
1012 664 1189 701 congregavit

346 717 484 746 frumenta
495 716 640 748 donorum,
652 717 684 743 ut
695 717 817 750 tempore
827 711 996 741 necessitatis
1007 711 1040 739 ad
1054 718 1188 747 pauperes

347 763 537 801 pervenirent;
560 761 632 791 uude
653 760 827 789 Canticorum
848 759 980 795 septimo:
1006 758 1104 786 Venter
1119 761 1190 785 luzis

346 811 421 839 sicut
441 817 563 838 acervus
585 808 683 836 tritici.
699 807 749 835 Sed
771 806 804 835 de
825 806 942 839 Christo,
958 805 1023 833 Filio
1044 805 1112 837 eius,
1128 812 1190 841 pro-

346 857 406 894 prie
426 855 588 892 intelligitur
603 854 676 891 quod
690 853 806 882 dicitur:
823 852 959 881 Surrexit
975 859 1026 879 rex
1041 851 1072 879 in
1087 859 1189 879 occur»-

346 911 414 931 sum
432 902 536 931 matris.
560 901 695 930 Exsiliens
714 900 786 928 enini
808 899 841 927 de
862 898 929 927 solio
950 906 1010 931 suo,
1033 901 1115 926 totam
1138 897 1188 926 im-

346 949 413 986 perii
437 948 590 977 machinam
606 948 632 975 10
647 946 740 975 Matris
754 945 917 982 obsequium
934 945 1026 973 movit.
1043 945 1101 981 lpse
1115 944 1187 973 enim

347 999 388 1024 est
408 995 546 1028 Salomon,
578 994 624 1030 qui
654 992 802 1022 commovit
829 992 967 1028 principes
998 994 1024 1020 et
1046 991 1188 1025 tribunos,

346 1042 430 1071 duces
451 1044 478 1070 et
498 1040 675 1077 magistratus
697 1039 780 1068 totius
795 1038 889 1072 lsrael,
911 1041 943 1067 ut
964 1038 1188 1066 introduceretur

345 1096 409 1117 arca
429 1087 545 1117 foederis
566 1086 672 1115 Domini
694 1086 721 1114 in
740 1086 837 1114 Sancta
855 1087 1029 1118 sanctorum,
1052 1085 1077 1113 id
1098 1088 1140 1113 est
1160 1084 1188 1113 in

346 1135 451 1164 caelum
472 1141 650 1170 empyreum,
672 1133 744 1161 tertii
774 1133 876 1169 Regum
905 1134 1001 1160 octavo
1016 1132 1035 1159 2.
1066 1131 1096 1159 Et
1124 1139 1188 1168 pro-

346 1185 439 1218 pterea
452 1181 517 1210 dicit
534 1181 631 1209 beatus
646 1179 801 1209 Bernardus
813 1179 833 1213 ³,
848 1178 1032 1215 comparando
1053 1178 1188 1207 ascensio-

345 1236 407 1257 nem
428 1227 528 1256 Christi
550 1230 577 1256 et
601 1226 786 1256 ascensionem
808 1225 909 1259 Matris,
931 1224 1004 1261 quod
1027 1224 1072 1253 illa
1093 1228 1188 1261 poten-

346 1275 399 1303 tior
427 1275 582 1307 maiestate,
605 1273 652 1302 sed
673 1273 724 1301 ista
745 1280 845 1309 pompa
862 1271 1009 1301 solemnior
1038 1271 1187 1305 invenitur,

346 1321 388 1349 his
411 1321 515 1349 verbis:
543 1319 679 1352 «Attolle,
702 1319 799 1355 inquit,
821 1318 915 1347 oculos
935 1318 969 1346 ad
990 1318 1188 1346 assumtionem

345 1368 464 1404 Virginis
485 1371 524 1400 et,
546 1367 620 1395 salva
641 1365 696 1394 Filii
719 1365 873 1398 maiestate,
897 1365 1018 1393 invenies
1039 1372 1187 1393 occursum

345 1414 428 1443 huius
443 1421 556 1450 pompae
577 1421 630 1441 non
647 1412 821 1441 mediocriter
835 1411 995 1448 digniorem.
1012 1411 1065 1439 Soli
1085 1411 1188 1447 quippe

344 1460 436 1496 Angeli
458 1459 629 1495 Redemptori
656 1466 804 1487 occurrere
826 1460 992 1494 potuerunt,
1015 1457 1093 1486 Matri
1123 1465 1188 1486 vero

344 1507 482 1535 caelorum
497 1505 595 1542 palatia
610 1505 763 1542 penetranti
778 1504 862 1533 Filius
878 1504 944 1541 ipse,
959 1512 1022 1532 cum
1040 1507 1095 1532 tota
1110 1505 1188 1533 curia

344 1557 398 1581 tam
415 1553 578 1589 Angelorum
594 1560 675 1589 quam
692 1552 828 1580 iustorum
850 1551 1008 1579 solemniter
1024 1558 1186 1585 occurrens,

344 1600 436 1629 evexit
449 1608 508 1628 eam
523 1599 556 1627 ad
571 1599 666 1627 beatae
681 1598 873 1627 consistorium
889 1598 1017 1627 sessionis
1027 1610 1054 1626 n.
1070 1614 1103 1618 —
1117 1598 1186 1632 ldeo,

344 1646 492 1679 carissimi,
514 1645 641 1682 quamvis
662 1653 758 1675 severe
779 1653 828 1673 nos
850 1647 949 1673 tractet
966 1645 1039 1674 Deus
1060 1648 1087 1673 et
1108 1645 1186 1681 quasi

343 1693 376 1721 ad
397 1693 499 1721 alienos
527 1692 626 1721 durius
647 1692 787 1729 loquatur,
809 1691 899 1720 veniet
931 1694 1054 1728 tempus,
1077 1691 1187 1728 quando

342 1742 416 1767 totus
437 1739 554 1768 blandus
573 1738 667 1767 amicis
681 1738 739 1767 suis
759 1740 904 1774 appareat,
926 1738 1036 1774 quando
1051 1738 1077 1765 in
1093 1745 1188 1766 occur-

343 1794 405 1815 sum
426 1786 530 1820 veniat,
554 1786 579 1814 in
601 1785 722 1814 brachiis
742 1785 851 1821 colligat
872 1788 898 1813 et
920 1784 1067 1813 transferat
1088 1784 1115 1812 in
1137 1792 1185 1813 ex*

343 1832 422 1861 celso.
445 1832 522 1868 Quod
538 1832 559 1860 si
581 1832 707 1866 dubitas,
730 1832 767 1860 ita
781 1839 855 1865 esse,
879 1831 981 1865 recole,
1003 1831 1069 1868 quid
1084 1831 1186 1859 scribat

342 1879 438 1908 beatus
458 1879 607 1916 Gregorius
621 1880 633 1897 4
653 1879 686 1907 de
708 1879 832 1913 servulo,
854 1878 921 1915 quid
938 1879 1073 1914 scriptum
1095 1878 1130 1907 sit
1152 1878 1186 1907 de

342 1926 465 1959 Martino,
487 1926 553 1962 quid
573 1926 608 1954 de
628 1925 778 1959 Ambrosio,
804 1925 870 1962 quid
891 1925 924 1953 de
945 1925 1043 1953 Ioanne
1065 1925 1185 1961 Evange-

342 1972 403 2001 lista
417 1972 437 2006 ⁵,
459 1972 527 2009 quid
546 1972 648 2001 nostris
663 1972 834 2009 temporibus
848 1972 881 2000 de
896 1972 975 2000 beata
989 1971 1067 2000 Clara
1078 1972 1099 2006 ⁶,
1114 1980 1185 2008 quae

342 2019 369 2047 in
390 2019 467 2048 obitu
482 2027 545 2053 suo,
561 2026 623 2047 cum
646 2018 830 2047 reverberatis
851 2018 938 2047 oculis
956 2018 1122 2052 intueretur,
1144 2018 1184 2047 10-

342 2069 489 2103 terrogata,
511 2066 579 2102 quid·
598 2065 712 2099 videret,
735 2065 890 2102 respondit,
912 2065 1061 2093 Dominum
1082 2065 1185 2101 gloriae

343 2121 370 2142 se
393 2113 499 2141 vidisse.
523 2113 561 2142 De
582 2112 625 2141 his
646 2112 858 2141 occursionibus
876 2111 977 2140 dicitur
1002 2112 1084 2140 Isaiae
1105 2119 1184 2140 sexa-

342 2160 444 2196 gesimo
459 2162 559 2196 quarto
574 2159 600 2187 ⁷:
619 2158 782 2187 Occu-rristi
796 2158 917 2187 laetaviti
929 2162 953 2186 et
967 2157 1088 2195 facienti
1101 2158 1184 2187 iusti-

343 2207 423 2235 tiam.
440 2221 475 2227 —
491 2206 513 2234 O
528 2214 609 2243 quam
625 2205 764 2234 dissimilis
779 2205 808 2234 fit
822 2213 956 2233 occursus
969 2205 1076 2233 animae
1091 2213 1186 2241 pecca*

344 2253 419 2281 trici!
442 2253 524 2281 Isaiae
545 2252 686 2289 trigesimo
707 2254 821 2288 quarto:
846 2252 1005 2280 Occurrent
1030 2252 1185 2280 daemonia

343 2300 556 2333 onocentauris,
571 2303 596 2327 et
615 2299 725 2336 pilosus
746 2298 883 2327 clamabit
905 2298 978 2327 alter
993 2299 1032 2327 acl
1050 2299 1184 2327 alterum.

421 2346 449 2374 11.
472 2346 613 2374 Secundus
634 2346 721 2374 honor
743 2346 794 2374 fuit
815 2346 840 2374 in
861 2345 906 2373 illa
919 2345 1078 2382 receptione
1098 2346 1184 2382 pleni-

344 2392 410 2420 tudo
430 2392 591 2420 dulcedinis
611 2396 639 2421 et
661 2392 851 2425 reverentiae,
874 2400 924 2429 pro
945 2400 1000 2429 qua
1021 2392 1137 2420 dicitur:
1159 2395 1185 2420 et

345 2438 481 2466 adoravit
500 2447 572 2466 eam.
595 2438 665 2475 Quid
686 2438 760 2472 facis,
776 2438 911 2466 Domine?
932 2439 972 2466 Tu
995 2446 1078 2467 verus
1093 2438 1184 2466 Domi-

345 2492 397 2512 nus
417 2484 451 2512 ab
472 2485 598 2513 omnibus
618 2485 774 2513 adorandus
789 2485 933 2513 mulierem
954 2485 1071 2513 adoras?
1086 2485 1183 2519 Adoro,

345 2530 443 2566 inquit,
458 2531 586 2567 quoniam
608 2532 690 2567 (eam)
712 2532 778 2560 mihi
801 2531 855 2560 duo
877 2532 980 2560 faciunt
1001 2531 1182 2566 adorandam,

346 2576 447 2604 scilicet
468 2576 536 2604 ratio
564 2577 760 2605 maternitatis
787 2580 814 2605 et
841 2578 970 2606 meritum
999 2576 1181 2605 humilitatis.

345 2622 410 2651 Nam
432 2625 458 2651 et
479 2624 650 2651 maternitas
671 2624 697 2652 in
720 2632 751 2653 ea
764 2624 816 2652 fuit
830 2625 977 2661 singularis
991 2628 1017 2653 et
1032 2623 1183 2653 humilitas

406 2794 413 2806 ¹
433 2795 496 2817 Vers.
513 2795 535 2817 7.
553 2796 611 2817 infra
627 2796 748 2824 respicitur
764 2797 820 2819 Gen.
838 2798 874 2824 41,
894 2798 932 2824 473
950 2798 1033 2821 deinde
1045 2798 1109 2821 Cant.
1125 2799 1147 2826 7,
1160 2799 1180 2820 2.

406 2832 414 2845 ²
433 2834 496 2855 Vers.
519 2835 535 2856 1.
552 2840 617 2862 seqq.

406 2871 414 2884 ³
433 2872 507 2895 Potius
524 2873 581 2895 Petr.
599 2874 709 2902 Omnian„
725 2880 794 2897 serm,
813 2875 849 2897 40.
867 2882 887 2897 n.
906 2876 926 2897 3,

406 2910 415 2922 ¹
432 2911 491 2933 Libr.
509 2912 545 2933 lV.
564 2912 648 2940 Dialog.
666 2919 686 2934 0.
707 2913 739 2935 14.

406 2949 415 2961 ⁵
432 2949 524 2977 Abdias,
543 2951 568 2972 V.
586 2951 667 2973 llistor.
683 2951 780 2974 Certum.
798 2956 871 2980 apost.

933 171 1105 201 SERMONES
1125 171 1169 198 DE
1190 170 1217 198 B.
1240 169 1372 198 VtRGtNE
1393 169 1500 197 MARtA.

1244 246 1473 283 incomparabilis.
1495 261 1533 266 —
1554 245 1693 282 quuid,
1715 245 1736 273 si
1759 245 1832 274 tilius
1854 248 1968 274 matrem
1984 245 2088 280 adorat,
2105 253 2183 280 Ratio-ie
2196 259 2243 273 ma.

1244 295 1340 321 contra
1361 292 1423 320 iura
1445 292 1526 321 facit?
1548 292 1615 326 Non,
1630 292 1695 328 quia
1710 292 1756 320 lex
1770 295 1883 321 aeterna
1903 292 2025 321 ordinem
2041 300 2089 321 na-
2113 277 2218 324 tiissi'i'fflss.
2241 310 2243 315 .

1245 338 1362 366 turalem
1383 338 1524 367 observari
1539 338 1625 371 iubet,
1646 345 1700 366 non
1722 337 1889 374 perturbari.
1904 337 2003 366 Aderat
2024 346 2089 375 ergo

1245 385 1319 413 lesus
1340 387 1456 413 matrem
1472 392 1524 412 non
1547 384 1788 421 qualemcumque,
1803 384 1850 413 sed
1865 387 1980 413 matrem
1996 384 2089 421 singu-

1244 431 1310 459 laris
1330 430 1530 468 sufficientiae,
1552 430 1700 467 singularis
1720 430 1970 467 maynificcntiae‚
1996 431 2090 468 singu-

1244 477 1310 505 laris
1332 477 1506 513 (lilim-ntiae.
1528 477 1598 511 Fuit,
1620 477 1749 513 inquam,
1771 477 1919 514 singularis
1946 477 2090 515 sufficien—

1245 523 1316 557 tiae,
1338 523 1403 560 quia
1424 523 1483 552 sine
1504 523 1590 552 virilis
1612 524 1724 552 seminis
1745 524 1878 553 mixtione
1899 524 1931 552 ad
1953 524 2006 553 11οο
2020 532 2090 561 opus

1244 570 1361 604 suffecit,
1383 570 1487 606 Spiritu
1509 573 1603 599 sancto
1623 570 1755 599 virtutem
1776 571 1962 607 conceptivam
1985 570 2008 599 ei
2038 570 2089 599 mi-

1245 616 1369 644 rabiliter
1391 616 1537 645 tribuente.
1567 617 1628 646 Fuit
1648 617 1749 645 iterum
1778 617 1926 653 singularis
1952 616 2089 654 1009111ίὶ-

1244 663 1369 696 ceutiae,
1392 663 1457 700 quia
1471 664 1548 692 nulla
1562 666 1650 692 mater
1665 664 1752 692 Deum
1768 664 1864 700 genuit
1879 666 1987 700 praeter
2002 664 2088 701 ipsam

1244 712 1272 739 et
1293 713 1353 746 post
1378 713 1488 746 partum
1512 711 1590 747 virgo
1618 710 1776 747 permansit.
1809 710 1869 739 Fuit
1889 711 1970 739 etiam
2002 714 2089 740 mater

1244 755 1392 792 singularis
1412 757 1579 794 diliyentiae
1599 760 1626 786 et
1640 765 1740 790 curae,
1756 757 1821 794 quia
1836 757 1912 786 nulla
1930 761 2018 786 mater
2034 761 2088 786 tam

1243 802 1341 831 dilexit
1362 806 1389 831 et
1409 803 1524 832 sollicita
1546 804 1604 832 fuit.
1620 821 1658 824 —
1673 803 1793 833 Ulterius
1807 804 1959 833 debebatur
1974 805 2019 833 hic
2040 804 2089 833 11ον
2102 812 2226 840 antiquata·
2242 814 2243 844 ;

1244 857 1295 877 001
1316 849 1416 878 merito
1437 849 1622 884 humilitatis,
1637 850 1671 879 de
1685 859 1741 887 qua
1761 851 1819 887 ipse
1835 851 1967 880 Dominus
1981 851 2047 880 dicit
2061 851 2088 879 8;
2118 836 2209 855 ''numu‘'

1246 896 1304 931 Qui
1323 905 1352 924 sc
1373 895 1510 925 humiliat
1531 897 1717 926 exaltabitur.
1740 897 1816 932 Vide,
1840 898 1979 935 quomodo
1999 898 2090 926 humi-

1244 942 1306 971 litas
1327 943 1426 971 Mariac
1441 951 1476 972 ex
1500 952 1554 972 una
1574 946 1665 980 parte,
1680 947 1707 973 et
1721 944 1813 973 divina
1829 944 1934 973 bonitas
1952 944 2090 973 contendit

1245 997 1281 1018 ex
1302 989 1403 1018 altera:
1426 990 1510 1020 Maria
1530 998 1559 1019 se
1581 991 1723 1025 humiliat,
1745 994 1772 1019 et
1794 991 1867 1020 Deus
1888 999 1947 1020 eam
1970 991 2088 1025 exaltat;

1245 1036 1328 1065 Maria
1349 1044 1403 1064 non
1425 1037 1515 1065 solum
1544 1045 1573 1066 se
1594 1037 1737 1072 humiliat,
1759 1038 1806 1066 sed
1827 1038 1854 1066 in
1880 1037 2034 1067 humilitate
2061 1046 2090 1067 se

1245 1082 1394 1120 profundat
1407 1086 1435 1112 et
1457 1083 1482 1111 10
1504 1083 1563 1120 ipsa
1578 1084 1763 1120 profunditate
1784 1092 1813 1113 se
1832 1085 1917 1113 inanit
1938 1085 2005 1113 etin
2021 1085 2090 1113 nihil

1245 1129 1359 1166 redigit,
1382 1133 1412 1158 ut
1433 1130 1466 1158 de
1481 1138 1510 1159 se
1531 1131 1598 1159 nihil
1621 1131 1720 1159 sentiat
1741 1134 1850 1168 praeter
1872 1132 1956 1165 nihil;
1975 1134 2002 1160 et
2016 1132 2090 1160 Deus

1244 1184 1299 1205 non
1320 1177 1408 1205 solum
1437 1177 1541 1205 exaltat
1568 1185 1627 1206 eam
1657 1178 1729 1206 inter
1750 1179 1862 1207 Sanctos
1883 1182 1910 1207 et
1935 1178 2091 1215 magnificat

1244 1231 1328 1260 super
1350 1223 1477 1257 Sanctos,
1499 1223 1547 1252 sed
1568 1224 1694 1252 ultimato
1709 1224 1814 1253 honore
1835 1225 2015 1261 corporaliter
2030 1232 2090 1254 eam

1244 1269 1348 1298 adorat.
1364 1287 1401 1289 —
1416 1270 1501 1306 Ergo,
1523 1270 1618 1304 frater,
1633 1279 1687 1299 non
1709 1271 1810 1300 sentias
1823 1271 1857 1300 de
1872 1274 1898 1300 te
1914 1279 2020 1308 magna,
2035 1279 2089 1300 non

1245 1316 1407 1350 mediocria,
1426 1325 1479 1345 1100
1495 1317 1576 1346 etiam
1593 1317 1712 1346 minima.
1729 1317 1850 1346 Refunde
1865 1318 1892 1346 in
1910 1318 1994 1347 Deum
2010 1318 2089 1355 quid-

1244 1362 1310 1399 quid
1333 1363 1418 1392 habes
1433 1364 1510 1397 boni,
1525 1367 1552 1392 et
1567 1368 1592 1392 te
1615 1364 1705 1401 ipsum
1727 1364 1754 1392 in
1777 1365 1894 1393 nihilum
1918 1364 2040 1402 redigas;
2062 1368 2089 1393 et

1244 1413 1310 1438 tuuc
1331 1410 1450 1438 divinam
1473 1418 1584 1439 manum
1607 1414 1752 1448 exspecta,
1775 1411 1854 1440 cuius
1876 1411 2020 1448 proprium
2049 1416 2090 1441 est

1244 1456 1277 1485 de
1298 1457 1385 1485 nihilo
1405 1457 1508 1494 aliquid
1530 1458 1647 1494 operari.
1671 1458 1746 1486 Sicut
1761 1458 1828 1487 haec
1843 1458 1932 1486 littera
1952 1459 2089 1487 adoravit

1244 1503 1414 1532 demonstrat
1424 1512 1555 1541 magnum
1568 1505 1709 1538 honorem,
1718 1505 1764 1541 qui
1776 1505 1893 1533 debetur
1904 1505 1985 1533 matri
1998 1513 2013 1533 a
2024 1505 2089 1539 filio,

1245 1550 1281 1578 ita
1304 1550 1395 1579 littera
1416 1551 1537 1587 losephi,
1560 1558 1631 1587 quae
1651 1551 1731 1579 dicit:
1747 1550 1932 1587 amplexatus
1953 1555 1993 1579 est
2014 1559 2088 1585 eam,

1243 1597 1362 1625 ostendit
1382 1605 1514 1631 amorem,
1530 1598 1576 1634 qui
1592 1597 1709 1626 debetur
1723 1605 1838 1634 sponsae
1852 1606 1868 1626 a
1889 1606 1996 1634 sponso.
2012 1599 2089 1627 Tunc

1244 1643 1315 1672 enim
1337 1643 1371 1672 de
1392 1644 1511 1672 triclinio
1525 1644 1700 1677 feminarum,
1716 1644 1741 1672 id
1757 1647 1798 1673 est
1814 1644 1932 1673 Ecclesia
1947 1645 2087 1679 militante,

1244 1690 1441 1718 traducebatur
1456 1690 1489 1718 ad
1504 1690 1665 1719 cubiculum
1680 1691 1788 1719 Assueri
1805 1691 1825 1725 ⁰,
1847 1691 1884 1719 ita
1905 1695 1937 1720 ut
1950 1692 1973 1720 ei
1989 1699 2088 1721 conve-

1243 1735 1300 1764 niat
1314 1736 1381 1764 illud
1397 1736 1509 1764 Psalmi:
1533 1737 1661 1764 J'enuz'stt
1675 1745 1798 1765 mmmm
1813 1738 1960 1766 dexteram
1975 1746 2087 1772 meanz,

1243 1786 1268 1811 ct
1289 1783 1320 1811 in
1340 1783 1485 1811 voluntate
1513 1786 1564 1811 tua
1592 1783 1741 1812 deduxisti
1771 1792 1813 1812 mc
1844 1787 1868 1812 ct
1894 1793 1961 1812 cum
1989 1784 2088 1822 =cloria

1242 1829 1397 1866 suscepisti
1416 1838 1467 1858 mc.
1491 1830 1527 1858 Ad
1549 1830 1622 1858 istud
1643 1830 1808 1859 cubiculum
1832 1831 2014 1860 traducentur
2029 1831 2087 1860 ani-

1243 1884 1302 1904 mae
1324 1879 1442 1910 nostrae,
1464 1877 1486 1905 si
1507 1876 1617 1905 Christo
1638 1877 1741 1906 fuerint
1765 1881 1839 1906 casto
1860 1885 1955 1906 amore
1976 1878 2088 1914 copula-

1244 1925 1293 1956 tae,
1315 1923 1337 1951 si
1359 1923 1439 1951 modo
1461 1923 1488 1951 in
1510 1923 1562 1952 hoc
1576 1927 1700 1960 tempore
1715 1924 1906 1952 custodiantur
1924 1924 1952 1953 in
1969 1924 2087 1953 triclinio

1241 1969 1417 2004 seminarum,
1440 1970 1466 1998 id
1494 1973 1535 1999 est
1556 1971 1582 1998 in
1604 1970 1748 1999 ordinibus
1769 1971 1923 1999 animarum
1949 1971 2085 2000 iustarum

1241 2016 1327 2045 solius
1347 2016 1447 2045 Christi
1468 2017 1645 2053 amplexibus
1666 2025 1695 2046 se
1716 2020 1866 2046 servantes.

1319 2063 1359 2091 111.
1374 2063 1492 2092 Positus
1501 2069 1540 2092 est
1553 2063 1675 2092 thronus
1686 2065 1778 2092 matri
1791 2065 1859 2093 eius.
1872 2064 1918 2093 Hic
1932 2068 1973 2093 est
1987 2065 2087 2094 tertius
2120 2073 2165 2092 vars
2175 2072 2215 2101 111..

1241 2110 1329 2138 honor
1350 2110 1524 2147 dignissimae
1546 2110 1816 2139 inthronizationis.
1831 2112 1940 2140 Etcum
1962 2110 2084 2140 thronus
2097 2095 2228 2143 ’ἓῖἓὲῗὲξῖἒὲῗ

1241 2157 1276 2185 511
1296 2160 1424 2186 aeternae
1446 2158 1544 2194 regalis
1573 2158 1757 2192 celsitudinis,
1780 2159 1848 2187 nihil
1875 2158 1950 2187 aliud
1977 2162 2018 2188 est
2045 2159 2085 2188 di-

1241 2211 1318 2232 cere:
1343 2204 1460 2232 Positus
1481 2208 1520 2232 est
1542 2204 1674 2238 thronus,
1690 2213 1789 2242 quam:
1809 2214 1861 2233 rex
1882 2206 1991 2242 accepit
2013 2214 2085 2234 uxo-

1241 2259 1303 2278 rem
1318 2255 1343 2279 ct
1359 2251 1448 2279 uoluit
1462 2260 1520 2279 esse
1535 2252 1669 2288 reyinam
1681 2252 1718 2285 ¹⁰,
1738 2256 1763 2280 et
1784 2253 1890 2281 merito.
1905 2253 1970 2281 Nam
1986 2261 2036 2281 nos
2050 2253 2085 2281 le-

1241 2297 1347 2334 gimus,
1369 2298 1443 2334 quod
1457 2298 1584 2327 Christus
1598 2299 1735 2335 promittit
1750 2307 1865 2335 regnum
1881 2300 2020 2328 caelorum
2036 2308 2084 2328 ca·
2119 2307 2210 2334 Promissa

1240 2344 1350 2378 stitati;
1365 2345 1491 2373 Matthaei
1513 2345 1618 2374 decimo
1633 2354 1718 2374 nono:
1743 2346 1816 2374 Sunt
1836 2345 1975 2380 eunuchi,
1990 2346 2042 2384 qui
2055 2354 2084 2374 se
2100 2331 2228 2373 auggg—rm-

1241 2391 1319 2428 ipsoe
1333 2395 1539 2420 castraverunt
1551 2395 1671 2429 propter
1686 2401 1808 2429 requam
1823 2393 1988 2427 caclorum.;
2006 2402 2083 2430 pau-

1237 2438 1356 2474 pertati,
1368 2438 1494 2467 Matthaei
1510 2439 1622 2475 quinto:
1636 2439 1728 2472 Beati,
1739 2447 1883 2476 pauperes
1893 2440 2002 2476 spiritu
2014 2443 2081 2474 etc.;
2127 2467 2131 2471 .

1240 2483 1418 2518 humilitati,
1441 2486 1566 2514 Matthaei
1592 2485 1698 2514 decimo
1726 2489 1837 2514 octavo:
1860 2486 1926 2515 Nisi
1952 2487 2085 2516 conversi

1239 2530 1357 2568 fueritis
1378 2535 1403 2559 ct
1423 2532 1592 2569 efficiamini
1612 2535 1662 2561 etc.
1679 2533 1749 2569 Quid
1770 2533 1854 2561 Maria
1874 2533 2001 2567 castius,
2017 2533 2082 2570 quid

1240 2578 1323 2606 Maria
1341 2579 1520 2615 pauperius,
1552 2579 1618 2615 quid
1639 2579 1723 2607 Maria
1747 2578 1909 2608 humilius?
1931 2580 1990 2609 Istis
2017 2588 2082 2617 ergo

1239 2624 1329 2652 tribus
1350 2624 1515 2658 virtutibus,
1537 2633 1607 2662 quae
1623 2625 1650 2653 in
1665 2625 1723 2662 ipsa
1737 2625 1901 2654 eminentius
1915 2626 2081 2660 floruerunt,

2106 1279 2190 1298 1110111110.

1300 2797 1309 2810 ⁵
1325 2798 1379 2820 Acta
1397 2799 1507 2825 Sanctae,
1525 2799 1571 2821 vita
1588 2800 1610 2821 S.
1628 2798 1706 2821 Clarae
1725 2799 1762 2825 (13
1781 2800 1857 2827 Augu),
1875 2805 1893 2822 c.
1912 2800 1932 2821 6,
1950 2806 1972 2821 n.
1990 2799 2028 2821 52.

1300 2836 1308 2849 ⁷
1326 2837 1391 2859 Vers.
1410 2837 1434 2865 5;
1452 2838 1555 2866 sequitur
1573 2838 1620 2860 lsai.
1639 2838 1681 2865 34,
1702 2838 1736 2860 14.

1300 2875 1309 2888 ⁸
1326 2877 1379 2898 Luc.
1401 2876 1493 2902 14,11.

1299 2914 1308 2927 ⁹
1325 2915 1454 2943 Respicitur
1472 2916 1549 2938 Esther
1567 2917 1588 2944 2,
1610 2916 1648 2944 163
1665 2916 1769 2944 sequitur
1787 2917 1820 2938 Ps.
1838 2916 1876 2943 72,
1893 2916 1930 2938 24.

1299 2953 1319 2966 ¹³
1336 2955 1416 2977 Esther
1432 2955 1465 2983 11,
1478 2955 1517 2983 10;
1529 2958 1657 2983 sequuntur
1669 2956 1744 2978 Matth.
1759 2956 1791 2983 19,
1802 2957 1842 2984 ‘¹23
1855 2962 1874 2978 0.
1885 2956 1906 2984 5,
1915 2956 1937 2978 3.
1947 2959 1969 2978 et
1981 2962 2000 2978 c.
2014 2956 2047 2984 18,
2057 2957 2078 2978 3.
