2243 3348
226 390 271 407 Pars
284 389 306 406 ll.
320 388 346 407 De

239 411 340 431 Salvatoris

228 436 350 454 virtuositate.

363 166 418 194 416

364 246 412 276 est,
428 243 474 279 qui
490 241 670 278 malignorum
693 238 840 275 spirituum
862 235 972 263 insidias
994 241 1046 261 11011
1069 238 1202 260 corruens

364 292 453 326 portet
468 300 493 316 ».

443 335 469 362 ll.
493 333 615 362 Secundo
637 334 746 359 notatur
765 328 912 357 salvatoris
928 325 1097 355 virtuositas
1113 324 1139 351 iu
1155 331 1202 351 00-

365 382 450 410 rando
473 388 520 417 per
541 379 642 415 eulpae
672 376 863 413 expiationem
896 374 926 401 in
954 372 1106 409 passione,
1139 377 1200 398 cum

365 428 469 457 subdit:
491 425 609 454 sanauit
636 432 709 451 eum.
736 422 805 458 Quia
832 420 970 457 quaelibet
1001 417 1101 446 Christi
1133 415 1203 444 actio

365 478 457 502 nostra
478 476 518 501 est
539 470 682 499 instructio
695 470 713 502 ¹,
736 468 795 496 ideo
817 474 865 503 per
887 465 1042 494 curationes
1059 463 1203 491 infirmita-

365 526 421 550 tum
445 525 591 555 corporum
612 525 627 544 a
649 515 757 543 Christo
778 514 861 542 factas
887 511 1053 540 instruimur
1075 509 1204 546 spiritua-

364 568 424 596 liter
446 565 596 601 intelligere
617 562 772 591 curationes
793 560 922 588 vitiorum
945 557 1103 594 spirituum.
1129 555 1204 584 Unde

364 614 383 642 si
407 612 534 640 volumus
555 608 729 638 scientialiter
752 606 916 643 procedere,
945 604 1034 641 primo
1063 602 1204 631 videamus

364 667 433 697 quae
454 657 580 686 accidunt
602 655 643 684 isti
666 654 762 682 morbo
790 651 929 689 hydropisi
958 649 1111 687 corporali,
1140 648 1204 685 quia

362 714 410 743 per
432 706 483 733 1100
503 703 664 732 devenimus
686 702 710 729 111
733 700 914 737 coguitionem
944 696 1099 733 hydropisis
1124 695 1204 732 spiri-

363 752 458 784 tualis,
480 750 506 779 id
528 753 569 778 est
591 748 708 785 peccati;
730 750 756 775 et
778 746 829 780 sic,
851 745 959 781 cognito
982 743 1078 772 morbo
1100 742 1204 770 utrius-

338 789 341 792 *
362 806 416 835 que
437 796 607 834 hydropisis,
629 795 727 823 melius
758 792 959 829 explicabimus
990 789 1147 819 curationes
1178 792 1205 817 et

231 1270 343 1289 Subdivisio.

240 1925 322 1951 Sanatur.
330 1929 341 1942 a

233 1950 305 1967 tumore
318 1953 345 1966 111-

247 1971 333 1990 nationis.

233 2251 305 2270 Dictum
319 2253 350 2271 tri-

267 2276 315 2299 plex.

363 844 482 873 remedia
503 842 626 872 exhibita
647 850 662 870 a
683 840 803 873 Christe,
820 839 924 867 medico
939 844 1087 874 corporum
1106 838 1133 864 et
1147 835 1202 863 aui-

363 899 479 920 marum.
502 889 631 926 Quamvis
652 888 724 916 enim
746 887 833 915 multa
854 885 976 914 accidant
992 883 1088 912 morbo
1103 882 1205 918 hydro-

363 938 443 974 pisis,
466 936 652 973 principaliter
675 938 763 963 tamen
786 933 838 961 tria
859 935 924 960 suut
955 931 1014 959 eius
1045 929 1203 958 accidentia.

364 985 394 1012 Et
416 984 534 1020 primum
563 985 603 1011 est
631 980 762 1018 corporis
793 984 888 1007 tumor
919 978 976 1007 sive
1007 976 1126 1009 inflatio,
1157 983 1205 1012 per

364 1031 436 1068 quod
458 1030 617 1066 intelligitur
639 1028 784 1064 superbia;
807 1026 971 1059 secundum,
987 1023 1132 1052 anhelitus
1146 1022 1204 1060 foe-

364 1082 408 1106 tor
429 1077 485 1106 sive
506 1075 686 1108 abominatio,
709 1082 757 1110 per
779 1072 851 1110 quod
885 1071 1045 1108 intelligitur
1075 1069 1204 1102 luxuria;

363 1124 475 1152 tertium
498 1127 538 1152 est
559 1122 623 1150 sitis
644 1122 736 1150 ardor
758 1123 784 1149 et
805 1119 951 1152 anhelatio,
974 1126 1022 1155 per
1038 1116 1206 1154 0001110101-

364 1171 456 1207 ligitur
478 1169 599 1198 avaritia.
622 1168 696 1197 Unde
719 1171 783 1196 tunc
809 1166 941 1195 Dominus
970 1165 1075 1194 sanavit
1104 1164 1205 1201 hydro-

363 1218 454 1254 picum
476 1225 528 1245 non
551 1216 639 1244 solum
662 1214 851 1251 corporaliter,
874 1213 920 1241 sed
946 1212 1026 1241 etiam
1055 1210 1207 1248 spirituali-

363 1268 414 1298 ter,
436 1263 544 1300 quando
566 1262 670 1291 sanavit
699 1261 787 1298 primo
813 1264 954 1289 tumerent
976 1258 1139 1295 inflationis
1163 1266 1206 1286 511-

364 1311 474 1348 perbiae
494 1318 543 1347 per
566 1310 691 1337 timorem
714 1307 891 1340 humilitatis3
913 1306 1047 1339 secundo,
1068 1304 1205 1343 foetorem

364 1357 588 1386 abominationis
612 1355 739 1384 luxuriae
761 1363 810 1391 per
831 1354 957 1383 decorem
980 1353 1127 1386 castitatis;
1151 1355 1205 1380 ter-

363 1405 409 1438 tio,
431 1404 566 1432 ardorem
588 1403 706 1431 exitialis
727 1401 874 1430 auaritiae
889 1408 937 1437 per
951 1407 1073 1428 amorem
1091 1407 1206 1436 pauper-

363 1452 439 1483 tatis;
462 1454 493 1479 ut
514 1451 550 1479 sic
572 1450 662 1478 anima
683 1449 842 1477 deordinata
864 1452 890 1476 et
911 1455 1008 1476 aversa
1029 1455 1044 1475 a
1073 1446 1206 1475 Trinitate

362 1505 556 1535 personarum,
580 1496 703 1525 videlicet
723 1504 739 1524 a
761 1495 847 1523 Patris
869 1494 989 1531 potentia
1004 1502 1053 1531 per
1070 1497 1205 1522 tumorem

362 1544 516 1581 superbiae,
536 1552 551 1572 a
572 1543 627 1571 Filii
651 1543 782 1579 sapientia
804 1550 852 1579 per
876 1542 1006 1570 foetorem
1031 1541 1160 1569 luxuriae
1179 1543 1206 1568 et

362 1599 376 1619 a
398 1591 515 1628 Spiritus
536 1590 620 1619 sancti
653 1589 796 1619 clementia
827 1596 876 1625 per
898 1588 1025 1617 ardorem
1058 1587 1219 1620 avaritiae,-

362 1637 503 1666 ordiuetur
525 1640 551 1665 et
572 1640 749 1665 convertatur
771 1636 803 1664 ad
826 1636 933 1664 Patrem
949 1643 997 1671 per
1013 1635 1139 1663 timorem
1156 1634 1206 1663 hu-

362 1684 491 1718 militatis,
513 1684 546 1712 ad
567 1684 663 1712 Filium
686 1691 734 1720 per
755 1683 881 1711 decorem
905 1682 1037 1711 castitatis
1058 1681 1133 1710 etad
1148 1681 1207 1718 Spi-

364 1731 446 1759 ritum
476 1734 599 1760 sanctum
630 1739 678 1767 per
705 1738 827 1759 amorem
850 1729 1034 1766 paupertatis3
1057 1732 1083 1758 et
1104 1729 1157 1763 sic,
1179 1728 1205 1756 in

363 1786 417 1815 quo
438 1778 528 1807 suerat
550 1778 651 1814 peccati
675 1778 715 1806 vel
737 1777 835 1806 diaboli
859 1776 1014 1814 vestigium,
1037 1776 1158 1805 reluceat
1180 1775 1205 1803 in

363 1833 394 1853 eo
416 1825 559 1861 vestigium
582 1824 730 1853 Trinitatis.

442 1872 530 1900 Primo
552 1875 629 1901 sanat
655 1872 788 1900 Dominus
817 1871 996 1908 spiritualiter
1024 1871 1206 1907 hydropicum

363 1928 378 1947 a
400 1923 511 1947 tumore
532 1918 694 1955 inflationis
715 1918 861 1955 superbiae
882 1926 930 1954 per
953 1918 1080 1946 timorem
1095 1917 1207 1946 humili-

365 1966 441 1999 tatis,
464 1969 490 1994 et
511 1966 544 1994 de
566 1966 616 1994 hoc
639 1968 727 2002 potest
747 1965 847 2001 exponi
871 1964 937 1993 illud
952 1965 1040 1993 Lucae
1055 1964 1206 2001 septim02:

367 2013 501 2046 Domine,
523 2021 581 2041 non
601 2021 667 2040 suin
688 2012 812 2049 (ἅρπας,
837 2015 866 2040 ul
893 2012 947 2040 ¹sub
976 2016 1080 2040 tectum
1111 2020 1208 2040 meum

366 2058 471 2092 intres;
492 2062 610 2095 propter
631 2058 707 2096 quod
728 2062 753 2086 et
776 2067 820 2086 nte
852 2058 949 2095 ipsum
980 2067 1037 2086 non
1068 2067 1135 2087 suin
1164 2058 1208 2087 cli-

363 2114 453 2142 quum
477 2104 656 2139 arbitratu&
678 2109 708 2133 ut
732 2105 855 2133 uenirent
876 2105 916 2133 cul
931 2109 972 2138 te;
987 2105 1037 2134 secl
1051 2105 1097 2134 ‹tz’c
1112 2104 1206 2139 verbo,

365 2156 389 2180 et
402 2152 559 2180 sanabitur
567 2161 642 2189 puer
653 2161 749 2185 nzeus;
767 2155 794 2181 et
808 2152 947 2189 sequitur:
961 2153 1208 2181 [0000010103ον-

366 2208 434 2227 own
455 2199 506 2236 qui
527 2198 681 2236 languerat
702 2208 818 2227 sanum.
841 2216 878 2219 -—
901 2199 992 2227 Primo
1013 2199 1057 2227 ille
1073 2199 1207 2232 centurio,

367 2245 562 2274 considerando
578 2246 684 2274 divinae
700 2246 844 2275 Maiestatis
859 2246 1041 2280 altitudinem,
1056 2246 1136 2275 dicit:
1154 2246 1208 2274 Do-

369 2292 452 2326 mine,
476 2301 531 2320 non
546 2301 612 2320 sum
627 2293 749 2329 cliynus,
765 2296 796 2321 ut
810 2293 863 2321 sub
880 2296 981 2321 tectum
997 2302 1092 2321 meum
1109 2293 1207 2321 intres.

368 2339 505 2373 Secundo,
528 2339 745 2376 recognoscendo
774 2340 901 2376 propriae
926 2340 1093 2368 infirmitatis
1120 2340 1209 2368 vilita-

368 2388 435 2419 tem,
458 2386 564 2414 subdit:
584 2390 703 2423 propter
723 2387 799 2424 quod
819 2395 863 2414 nze
884 2387 980 2423 ipsum
998 2395 1057 2415 non
1077 2395 1144 2414 suni
1166 2386 1209 2415 cli-

366 2440 455 2468 ynam
477 2432 652 2467 arbitratu&
674 2437 707 2461 ut
726 2433 853 2461 vcozircnz
875 2434 915 2461 acl
936 2437 977 2467 te;
999 2442 1051 2462 000
1074 2434 1146 2462 00110
1169 2434 1209 2461 10-

368 2477 504 2514 dignitatis
526 2479 614 2508 vilitas
635 2487 698 2508 eum
722 2480 820 2508 latebat
836 2487 884 2516 per
900 2480 1067 2516 superbiam,
1084 2480 1129 2509 sed
1146 2484 1210 2509 nota

369 2528 426 2552 erat
448 2533 495 2561 per
518 2526 699 2554 humilitatem
720 2527 904 2563 praecipuam.
928 2527 1034 2561 Tertio,
1056 2527 1209 2563 profitendo

369 2570 475 2599 divinae
498 2572 606 2600 virtutis
627 2572 796 2606 facilitatem,
818 2573 907 2601 addit:
929 2574 977 2601 secl
999 2574 1045 2602 (lio
1067 2574 1163 2607 verbo,
1186 2577 1210 2601 et

369 2616 525 2645 sanabitur
543 2626 617 2654 puer
638 2627 733 2652 nicus,
762 2619 840 2655 quasi
872 2620 958 2648 dicat:
988 2628 1050 2648 cum
1083 2616 1165 2656 apud
1186 2624 1210 2648 te

370 2671 427 2690 non
447 2663 484 2691 sit
505 2664 678 2700 impossibile
699 2674 779 2693 omne
801 2666 951 2700 oerbztntss,
974 2675 1025 2695 000
1055 2667 1145 2696 diflert
1170 2668 1209 2696 di—

433 2827 440 2839 ¹
460 2828 516 2851 Vide
534 2835 602 2857 supra
621 2836 673 2857 pag.
696 2831 743 2857 183,
761 2834 838 2853 uotam
855 2831 877 2853 7.
984 2831 992 2844 ²
1011 2833 1075 2855 Vei-s.
1094 2834 1115 2855 6.
1133 2833 1155 2855 7.
1176 2834 1210 2854 ll).

434 2865 442 2878 ³
460 2867 513 2889 Luc.
534 2868 551 2895 l,
570 2868 611 2893 37;
629 2872 756 2897 sequuntur
773 2870 832 2892 loan.
854 2871 871 2897 l,
891 2872 910 2892 3.
930 2874 951 2893 01
968 2871 1037 2893 Hebr.
1056 2872 1080 2897 t,
1102 2873 1136 2894 1-2.

433 2903 442 2916 ⁴
460 2906 531 2928 Eccle.
542 2907 561 2933 8,
573 2906 598 2933 li;
608 2906 639 2929 ibi
648 2908 725 2929 Glossa
737 2908 895 2931 interlinearis
905 2910 966 2937 apud
976 2910 1104 2937 Lyranum:
1119 2919 1128 2931 <t
1137 2911 1209 2933 Suum

372 2942 447 2964 dicere
459 2947 491 2965 est
504 2950 570 2966 suum
585 2946 657 2967 tacere
667 2954 688 2968 1».
701 2958 732 2962 —
744 2947 875 2974 Sequuntur
886 2948 939 2975 Sap.
952 2948 985 2977 16,
1000 2949 1032 2971 12,
1046 2952 1068 2970 01
1081 2950 1114 2971 ps.
1124 2950 1160 2977 33,
1175 2949 1209 2971 19.

1238 2658 1240 2674 1

1022 154 1193 184 SERMONES
1214 153 1256 181 DE
1279 150 1442 180 TEMPORE.

1259 236 1321 257 cere
1343 232 1370 256 et
1390 227 1493 260 facere,
1515 225 1580 262 quia
1602 229 1632 253 tu
1653 232 1682 252 es
1704 224 1770 252 illud
1799 224 1934 257 Verbum,
1953 232 2006 261 per
2027 224 2104 262 quod

1259 275 1342 312 facta
1363 277 1432 301 sam
1452 272 1569 305 onznia,
1591 274 1618 300 et
1639 271 1684 299 1110
1704 278 1799 299 serino
1821 271 1905 298 vivus
1933 274 1957 299 et
1984 271 2103 308 efficaae,

1259 324 1394 358 potestate
1415 320 1516 356 plenus
1527 319 1549 352 ⁴¹,
1571 317 1623 356 qui
1642 321 1730 346 sanat
1752 318 1859 345 omnia.
1883 317 1913 346 Et
1934 318 1999 354 quia
2019 318 2105 346 ulmea

1260 371 1299 396 est
1323 367 1464 395 Dominus
1487 365 1531 395 lits
1553 365 1605 402 qui
1626 364 1764 393 tribulato
1785 369 1853 393 sunt
1882 364 1980 398 eorde,
2002 368 2027 392 et
2052 364 2104 392 ltu-

1261 413 1341 442 miles
1362 413 1471 450 spiritu
1492 411 1619 440 salvabit
1627 422 1637 445 ,·
1660 411 1719 440 ideo
1737 411 1909 440 subinfertur
1925 414 2024 448 quarto
2046 418 2105 440 cae-

1261 461 1336 489 lestis
1357 459 1460 497 gratiae
1481 458 1728 496 appropinquatio,
1758 458 1814 486 sive
1845 458 1968 494 operatio
1998 458 2106 486 divinae

1262 507 1370 544 pietatis
1391 507 1424 535 ad
1445 506 1558 535 domum
1580 505 1684 542 aegroti
1717 513 1765 542 per
1798 505 1885 533 morbi
1918 505 2105 539 curationem,

1262 561 1324 582 cum
1348 553 1490 590 sequitur:
1514 553 1689 580 Invenerunt
1719 560 1837 580 servunt
1869 551 1920 589 qui
1951 551 2106 588 langyuerat

1261 608 1378 628 sanum.
1402 599 1480 627 Prius
1501 598 1627 635 pervenit
1648 598 1759 627 virtutis
1780 598 1903 635 operatio
1928 606 2010 635 quam
2039 606 2107 627 nun-

1263 646 1364 674 tiorum
1388 646 1525 678 1·eversi0;
1548 647 1575 674 et
1596 645 1648 673 hoc
1669 648 1718 679 est,
1740 645 1805 682 quia
1827 645 1943 674 libenter
1958 645 2032 674 Deus
2046 652 2107 674 con-

1261 692 1401 721 descendit
1423 692 1583 720 humilibus.
1606 691 1681 720 Unde
1701 692 1908 728 Augustinus5:
1935 703 1949 717 «
1964 692 2040 720 Altus
2067 694 2108 720 est

1263 740 1345 773 Deus,
1368 739 1497 768 humilias
1519 742 1554 773 te,
1577 743 1604 768 et
1625 739 1699 768 venit
1720 738 1752 767 ad
1777 742 1817 773 te;
1839 739 1945 767 exaltas
1967 743 2002 773 te,
2017 742 2044 768 et
2065 738 2107 768 fu-

1262 786 1300 822 git
1321 794 1337 814 a
1358 789 1384 814 te
1399 797 1424 813 ».
1450 785 1479 813 Et
1500 785 1627 822 quamvis
1641 785 1721 814 aliter
1737 785 1896 814 humiliaret
1911 793 1940 814 se
1955 786 2107 820 Zachaeus,

1262 833 1341 861 aliter
1364 832 1502 865 centurio,
1525 832 1589 869 quia
1612 832 1752 861 Zachaeus
1773 832 1960 869 suscipiendo,
1981 832 2108 861 centurio

1262 879 1403 916 suscipere
1425 887 1478 908 non
1500 879 1639 913 audendo,
1661 882 1751 907 tamen
1775 882 1895 916 utroque
1915 879 1996 908 modo
2018 879 2048 907 fit
2068 879 2108 908 di-

1263 927 1326 955 viua
1347 926 1510 955 reverentia.
1540 926 1615 955 Unde
1646 926 1775 962 exemplo
1804 926 1920 954 istorum
1949 926 2018 955 bene
2046 926 2109 955 facit

1263 973 1309 1009 qui
1333 981 1383 1010 pro
1404 973 1560 1002 reverentia
1581 980 1683 1009 corpus
1704 972 1872 1001 dominicum
1898 972 2059 1010 frequenter
2080 973 2106 1001 in

1263 1020 1439 1049 Sacramento
1460 1020 1587 1056 suscipit,
1604 1023 1629 1048 01
1645 1020 1691 1056 qui
1708 1019 1864 1049 reverentia
1878 1023 1980 1054 cessat;
1996 1019 2109 1056 utrique

1263 1067 1334 1096 enim
1357 1068 1431 1096 salus
1452 1067 1534 1096 datur
1556 1067 1627 1096 sicut
1648 1067 1818 1096 centurionis
1839 1075 1919 1096 servo
1940 1070 1966 1096 et
1988 1067 2038 1104 ipsi
2061 1067 2109 1095 Za·

1263 1115 1356 1143 chaeo.
1379 1113 1453 1142 Unde
1476 1113 1594 1142 Ecclesia
1615 1114 1640 1142 in
1668 1114 1842 1150 susceptione
1870 1113 1994 1150 corporis
2022 1113 2109 1142 domi-

1263 1161 1315 1189 nici
1339 1161 1521 1190 reverentiam
1544 1161 1713 1190 centurionis
1735 1164 1923 1198 repraesentat
1942 1161 1968 1189 in
1983 1160 2068 1195 dieto,
2083 1163 2110 1189 et

1262 1208 1434 1237 devotionem
1458 1208 1572 1237 Zachaei
1594 1208 1620 1236 in
1644 1208 1727 1242 facto,
1743 1216 1775 1236 eo
1790 1207 1863 1245 quod
1878 1215 1980 1244 corpus
1994 1207 2110 1236 domini-

1263 1262 1326 1283 cum
1349 1254 1429 1283 debet
1461 1254 1562 1291 suscipi
1596 1254 1785 1283 centurionica
1817 1254 1973 1283 reverentia
2003 1257 2030 1283 et
2061 1254 2109 1282 Za-

1263 1301 1374 1330 chaeica
1395 1301 1548 1330 devotione.

1342 1348 1467 1377 Secundo
1488 1352 1566 1377 sanat
1587 1349 1720 1377 Dominus
1749 1348 1931 1385 hydropicum
1961 1348 2110 1386 spirituali-

1264 1398 1305 1424 ter
1326 1403 1342 1424 a
1362 1394 1470 1432 foetore
1492 1395 1720 1424 abominationis
1749 1396 1879 1424 luxuriae
1907 1403 1956 1433 per
1981 1396 2108 1425 decorem

1263 1443 1410 1477 castitatis3
1434 1446 1460 1471 et
1481 1443 1514 1471 de
1530 1443 1581 1471 hoc
1596 1445 1686 1480 potest
1700 1443 1785 1479 accipi
1802 1442 1868 1472 illud
1886 1443 1982 1472 Psalmi
1994 1443 2020 1471 6;
2038 1443 2110 1479 Quo-

1263 1489 1345 1518 niam
1369 1489 1460 1518 lumbi
1479 1490 1537 1518 mei
1557 1490 1666 1527 impleti
1685 1493 1755 1518 sunt
1776 1489 1979 1524 illusionibus,
2007 1494 2032 1518 et
2052 1499 2111 1519 non

1263 1540 1304 1565 est
1324 1537 1439 1565 sanitas
1461 1537 1492 1565 in
1513 1545 1602 1565 earne
1623 1545 1706 1570 nzea;
1727 1536 1857 1574 afflictus
1877 1545 1945 1565 sum
1965 1540 1991 1565 et
2015 1536 2111 1566 humi-

1264 1584 1353 1612 liatus
1367 1592 1435 1612 suni
1449 1584 1547 1613 nimis.
1562 1601 1601 1605 —
1620 1596 1634 1609 «
1645 1584 1758 1613 Nomine
1770 1584 1946 1618 lumborum,
1958 1584 2110 1613 secundum

1264 1630 1441 1668 Gregorium,
1464 1631 1579 1660 luxuria
1600 1631 1800 1668 designatur»,
1821 1639 1892 1668 quae
1913 1634 2062 1668 generatur
2083 1633 2110 1660 et

1264 1678 1363 1712 oritur,
1386 1686 1449 1707 cum
1472 1679 1559 1707 lumbi
1592 1678 1748 1716 implentur
1779 1677 1981 1713 illttsionibztS,
2013 1677 2039 1706 id
2071 1682 2112 1707 est

1267 1725 1395 1762 turpibus
1417 1725 1566 1754 mulierum
1589 1725 1845 1762 imaginationibus,
1868 1724 2018 1753 immundis
2039 1724 2111 1761 cogi-

1266 1772 1414 1801 tationibus
1436 1776 1462 1801 et
1483 1772 1590 1801 foetidis
1611 1772 1810 1801 affectionibus.
1833 1772 1908 1801 Unde
1933 1771 2111 1809 quemadmo-

1264 1819 1341 1853 dum,
1364 1820 1473 1857 quando
1495 1819 1637 1848 abundant
1658 1819 1736 1848 multi
1760 1819 1883 1856 corrupti
1907 1823 1934 1848 et
1955 1819 2111 1848 melancho-

1265 1867 1307 1896 lici
1331 1868 1463 1896 humores
1485 1868 1510 1895 in
1534 1874 1663 1903 corpore,
1685 1870 1818 1904 generant
1839 1866 1958 1895 scabiem
1973 1865 2110 1903 quandam

1265 1917 1291 1943 et
1313 1914 1498 1951 impetiginem
1521 1917 1548 1942 et
1579 1913 1726 1950 aliquando
1758 1913 1878 1950 lepram,
1910 1921 1981 1950 quae
2013 1912 2113 1941 tollunt

1266 1961 1429 1990 munditiam
1452 1961 1591 1997 corporis;
1614 1961 1668 1994 sic,
1690 1960 1800 1997 quaudo
1822 1960 1963 1989 abundant
1990 1960 2113 1989 immun-

1264 2009 1315 2038 dae
1336 2009 1526 2046 cogitationes,
1548 2007 1719 2036 inordinatae
1739 2007 1911 2042 affectiones,
1934 2010 2030 2045 turpes
2053 2002 2114 2036 010-

1266 2057 1366 2085 1101001
1390 2055 1599 2092 imaginationes
1620 2058 1647 2084 et
1669 2055 1810 2084 illusiones
1832 2055 1857 2083 10
1874 2054 1965 2089 corde,
1980 2057 2112 2092 generant

1265 2104 1398 2141 quosdam
1420 2103 1552 2132 humores
1573 2105 1721 2139 corruptos
1741 2105 1768 2131 et
1796 2102 1951 2131 inordinata
1977 2101 2112 2131 desideria

1266 2152 1291 2180 111
1314 2159 1405 2180 carne.
1430 2150 1460 2178 Et
1480 2150 1546 2187 quia
1563 2150 1629 2178 haec
1644 2157 1746 2186 corpus
1761 2149 1948 2178 contaminant
1962 2148 2112 2178 auferendo

1266 2199 1409 2228 sanitatem
1432 2201 1459 2226 01
1480 2197 1643 2225 munditiam
1666 2197 1808 2231 castitatis,
1830 2196 1890 2225 ideo
1904 2196 1984 2225 dicit:
1999 2204 2058 2224 non
2071 2199 2111 2224 est

1265 2246 1380 2274 sanitas
1401 2245 1432 2273 in
1453 2253 1543 2273 carne
1563 2252 1636 2272 ineu.
1661 2244 1772 2280 Quare?
1789 2244 1935 2279 Quoniam
1951 2242 2043 2272 lumbi
2056 2242 2113 2272 mei

1267 2292 1376 2329 impleti
1395 2295 1463 2320 sunt
1485 2290 1678 2320 illusionibus
1702 2290 1781 2319 Certe
1802 2298 1912 2319 summo
1927 2289 2018 2319 studio
2032 2289 2113 2318 debet

1266 2339 1350 2367 honio
1371 2346 1500 2367 amovere
1521 2346 1537 2366 a
1558 2337 1641 2366 corde
1662 2337 1727 2366 istas
1749 2336 1904 2371 illusiones,
1926 2337 1991 2373 quia
2012 2344 2048 2365 ex
2070 2335 2114 2364 his

1267 2385 1381 2414 luxuria
1403 2384 1591 2422 principaliter
1612 2387 1762 2421 generatur
1783 2383 1810 2412 in
1832 2383 1915 2412 corde
1935 2386 1962 2412 et
1980 2391 2016 2412 ex
2031 2382 2113 2412 corde

1267 2433 1403 2462 redundat
1418 2433 1444 2461 in
1460 2440 1581 2467 carnem,
1597 2431 1748 2461 secundum
1762 2431 1829 2460 illud
1841 2430 1967 2460 Matthaei
1980 2430 2076 2467 quinto
2089 2430 2111 2458 ⁷:

1269 2480 1386 2513 Omnis,
1409 2480 1461 2517 qui
1483 2479 1586 2507 uiderit
1614 2478 1764 2507 mulierem
1784 2478 1824 2506 acl
1852 2477 2113 2515 concupiscendum

1266 2536 1341 2561 eum,
1364 2527 1425 2555 iani
1448 2525 1613 2554 moechatus
1634 2529 1674 2554 est
1695 2534 1759 2554 eam
1782 2525 1813 2553 in
1834 2525 1919 2554 corde
1939 2533 2002 2553 suo.
2025 2524 2063 2553 lta
2077 2532 2113 2553 ex

1267 2574 1413 2602 contrariis
1441 2573 1551 2602 castitas
1582 2576 1731 2610 generatur
1761 2572 1948 2609 principaliter
1976 2571 2002 2599 10
2032 2570 2113 2600 corde

1267 2624 1293 2649 et
1314 2621 1347 2649 de
1369 2620 1451 2649 corde
1473 2619 1610 2648 redundat
1630 2619 1656 2647 in
1680 2627 1789 2656 corpus.
1813 2619 1843 2646 Et
1864 2621 1977 2655 propter
1999 2618 2051 2646 hoc
2072 2625 2113 2646 se-

1268 2668 1379 2704 quitur:
1403 2667 1538 2704 Affliclus
1559 2675 1626 2695 sunt
1648 2670 1672 2694 et
1704 2665 1877 2694 humiliatus
1908 2674 1973 2694 suni
2007 2665 2111 2698 nimis,

1330 2832 1338 2845 ⁵
1357 2834 1429 2855 Serui.
1452 2833 1501 2855 177.
1520 2834 1540 2855 in
1563 2833 1691 2861 appendice
1710 2833 1773 2861 (alias
1795 2832 1844 2854 175.
1862 2832 1890 2854 de
1909 2831 2034 2860 Tempore)
2052 2837 2073 2853 n.
2092 2832 2112 2853 2.

1331 2870 1440 2893 ’31)501111.
1457 2872 1494 2899 37,
1513 2873 1534 2894 8.
1552 2878 1600 2901 seq.
1623 2885 1653 2889 -
1677 2872 1784 2900 Sequitur
1809 2872 1916 2899 Gregon,
1942 2871 1956 2892 l.
1982 2870 2065 2893 Homil.
2091 2870 2112 2891 in

1267 2911 1354 2937 Evang.
1372 2911 1450 2933 homil.
1471 2912 1504 2933 13.
1523 2918 1544 2933 0.
1566 2912 1585 2933 l.

1329 2948 1336 2961 ⁷
1357 2950 1420 2972 Vei-s.
1439 2950 1481 2978 283
1499 2951 1602 2979 sequitur
1620 2951 1655 2972 Ps.
1674 2950 1710 2977 37,
1729 2950 1750 2972 9.
1769 2956 1818 2978 seq.

2127 1351 2179 1373 item,
2191 1355 2202 1370 a
2213 1351 2229 1370 ru
2237 1357 2243 1366 ⁴⁴

2133 1376 2172 1394 tore
2184 1367 2242 1393 alswit*

2132 1397 2216 1417 nationis.
2237 1399 2240 1408 ¹
