2243 3348
13 456 16 465 ι

13 470 43 532 3Πο
52 501 126 523 clericis.

17 1260 129 1288 Delsseligio-

2 1306 3 1309 Ἴ
35 1290 64 1304 sis.

50 1682 94 1701 Pars
105 1682 126 1700 11.

703 137 861 166 DOMlNlCA
883 139 900 166 Ι.
922 139 1105 168 ADVENTUS.
1128 140 1237 169 SERMO
1258 141 1321 169 XIII.

141 217 260 247 secundo
277 218 301 245 ¹:
315 216 362 246 Sol
373 217 546 245 illuminans
554 225 608 253 per
623 215 723 244 omnia
737 215 871 252 respexit,
887 219 911 243 et
924 215 984 252 ylo-

140 265 191 294 ria
213 264 331 292 Domini
347 263 467 300 plenum
488 267 530 291 est
550 271 623 299 opus
637 262 718 294 eius,-
740 262 917 290 Ecclesiastae
932 262 986 298 pri-

140 320 186 340 mo
200 312 227 339 2:
252 310 357 339 Oritur
376 310 420 338 sol
440 313 465 338 et
485 309 589 338 occidit
610 312 636 337 et
656 309 696 337 ad
717 308 810 336 locum
831 317 918 336 suum
941 317 986 336 re-

140 358 281 390 vertitur;
303 357 375 386 tertii
400 357 499 385 Esdrae
521 359 621 393 quarto
636 355 661 383 ³:
692 355 774 383 Velox
795 363 903 383 cursus
917 354 986 383 solis

141 405 279 434 convertit
291 404 323 432 in
335 412 411 441 pyro
426 403 537 432 caeluni
554 403 585 431 in
600 402 693 431 locum
705 410 794 430 suum
809 402 840 429 in
854 410 916 429 una
931 401 984 429 die.

219 450 421 487 Comparantur
446 458 511 479 vero
533 448 688 487 inferiores
707 448 838 485 praelati
857 447 914 476 sive
935 448 986 476 cle-

141 498 190 527 rici
206 501 234 526 et
247 497 373 526 doctores
388 497 485 530 lunae,
501 496 566 533 quia
587 496 658 525 sicut
673 496 738 524 luna
753 498 818 524 sunt
832 503 986 523 mensura-

142 549 216 574 tores
238 545 370 581 temporis
391 548 418 572 et
440 544 580 572 varietatis
594 543 750 571 indicium4
771 550 820 579 per
842 542 985 570 universa-

141 593 193 621 lem
209 592 402 620 discretionem
417 594 444 619 et
458 590 672 627 providentiam,
688 589 840 618 secundum
859 588 924 617 illud
943 588 986 616 Ec-

141 638 283 668 clesiastici
312 637 522 674 quadragesimo
544 636 625 665 tertio
640 636 671 664 ⁵:
694 636 779 664 Luna
801 635 831 663 in
853 634 986 663 omnibus

141 685 172 714 in
194 689 317 721 tempore
331 693 385 712 suo
400 684 521 712 ostensio
537 683 674 720 temporis
688 686 713 711 et
726 683 845 719 sigynum
861 681 932 710 aevi.
949 698 986 701 -—

141 732 345 761 Dominatores
372 731 468 759 maris
496 734 520 758 et
546 729 731 758 humiditatis
756 729 909 757 dominium
932 736 986 756 uon

141 787 190 816 per
205 778 376 807 auctoritatis
390 777 607 806 iurisdictionem
622 780 649 805 et
669 776 837 804 familiarum
853 776 910 804 sive
925 775 988 803 sul)-

141 826 261 855 ditorum
285 825 508 854 reformationem
527 828 554 853 et
569 824 802 857 conciliationem,
824 823 904 851 iuxta
919 822 986 850 illud

142 873 239 902 Psalmi
255 873 282 900 ⁶:
311 871 445 900 Thronus
466 871 528 899 eius
542 871 617 899 sicut
638 870 681 899 sol
701 871 731 898 in
753 873 905 906 conspectu
926 877 987 897 meo

142 925 166 949 et
185 920 262 949 sicul
284 919 357 948 luna
382 918 513 956 perfecta
542 918 572 946 in
594 922 753 946 aeternum.
776 933 815 937 ——
835 916 987 944 Ministra-

142 972 217 996 tores
245 967 324 995 roris
355 970 380 995 et
410 965 575 994 serenitatis
601 964 774 1001 praesagium
808 972 857 1000 per
886 963 988 992 henefi-

142 1015 247 1042 ciorum
269 1012 478 1042 subventionem
500 1015 527 1040 et
558 1011 776 1040 consolationum
801 1011 987 1047 spiritualium

142 1060 425 1090 subministrationem
448 1059 629 1092 viscerosam,
652 1058 732 1086 iuxta
753 1058 821 1086 illud
850 1057 923 1094 qnod
948 1057 988 1085 di-

142 1108 214 1137 citur
236 1106 414 1136 Ecclesiastici
438 1106 649 1143 quadragesimo
664 1105 746 1133 tertio
761 1105 787 1132 ⁷:
811 1106 833 1132 A
858 1105 931 1132 luna
949 1104 989 1132 si-

142 1163 234 1192 qnum
255 1154 312 1182 diei
332 1153 406 1191 festi.

221 1201 423 1237 Comparantur
445 1199 555 1228 tandem
577 1198 713 1235 Reliyiosi
734 1199 790 1226 sive
811 1198 855 1226 alii
878 1198 989 1226 inferio-

144 1256 190 1277 res
210 1247 297 1276 stellis
320 1250 433 1284 propter
459 1246 623 1274 claritatem
651 1245 797 1274 luminum
824 1245 989 1281 sapientiae;

147 1295 253 1324 Barucli
270 1294 351 1323 tertio
363 1294 390 1322 ³:
413 1293 515 1322 Stellae
536 1293 676 1321 dederunt
692 1292 788 1320 liunen
803 1292 834 1320 in
849 1291 990 1320 custodiis

144 1342 216 1371 suis.
239 1359 277 1362 —
299 1342 412 1377 Propter
433 1340 602 1376 firmitatem
618 1338 773 1367 habituum
787 1339 922 1372 iustitiae3
939 1339 990 1367 Da-

145 1389 222 1418 nielis
243 1388 405 1417 duodecimo
421 1387 446 1415 ⁹:
471 1387 565 1423 Quasi
590 1386 687 1415 stellae
709 1386 740 1414 in
764 1389 922 1423 perpetuas
943 1394 990 1414 ae-

144 1436 299 1465 ternitates.
320 1452 359 1455 —
374 1435 488 1471 Propter
510 1434 707 1471 exemplorum
729 1433 806 1461 vitae
820 1432 990 1470 formosita-

144 1486 212 1516 tem;
225 1482 403 1511 Ecclesiastici
418 1481 628 1518 quadragesimo
640 1481 721 1509 tertio
733 1481 771 1508 ¹⁰:
785 1480 897 1517 Species
908 1479 990 1514 caeli,

144 1530 170 1559 id
192 1533 233 1559 est
254 1529 402 1563 Ecclesiae,
423 1528 522 1566 yloria
542 1527 711 1561 stellarum,
734 1527 760 1556 id
782 1530 824 1556 est
846 1528 934 1555 honor
964 1531 990 1555 et

144 1578 228 1606 decus
249 1577 336 1610 vitae,
359 1576 554 1612 exemplorum
576 1583 653 1603 amor
668 1576 699 1602 ¹¹.

223 1625 251 1652 ll.
281 1623 332 1652 Sed
361 1623 432 1660 proh
463 1622 556 1651 dolor!
594 1623 621 1650 in
653 1622 708 1650 fine
737 1624 909 1658 temporum,
942 1621 990 1658 qui

145 1671 233 1708 coepit
264 1671 333 1704 iam,
366 1670 392 1698 in
414 1669 554 1706 aliquibus
575 1677 626 1706 pro
655 1669 774 1705 peccatis
803 1668 904 1697 nostris
926 1671 992 1697 sunt

144 1722 171 1747 et
192 1721 277 1746 erunt
302 1717 423 1746 maxime
444 1717 532 1754 signa
553 1716 580 1744 in
602 1716 658 1744 sole
680 1719 707 1744 et
728 1716 794 1744 luna
814 1718 841 1744 et
856 1715 882 1743 in
904 1714 991 1743 omni-

144 1765 197 1794 bus
222 1765 308 1794 stellis
333 1767 360 1792 et
381 1764 407 1792 in
430 1763 559 1792 omnibus
584 1762 716 1800 gradihus
745 1762 878 1791 Ecclesiae
906 1769 992 1798 supra

146 1812 233 1841 dictis.
257 1811 402 1839 Patiuntur
424 1810 497 1839 enim
519 1813 546 1839 et
566 1810 688 1838 maxime
716 1809 872 1846 patientur,
894 1817 992 1838 secun-

145 1859 211 1888 dum
234 1858 340 1887 Domini
363 1857 542 1891 sententiam,
565 1857 598 1885 ad
620 1857 707 1885 instar
724 1856 903 1885 luminarium
925 1856 990 1885 caeli

144 1905 267 1934 consueti
296 1905 410 1933 itineris
441 1903 689 1932 inordinationem
717 1911 767 1940 per
798 1903 990 1939 negligentiam

145 1952 274 1985 nimiam;
297 1951 471 1988 Apocalypsis
492 1953 589 1979 octavo
604 1950 643 1978 ¹²:
672 1951 706 1978 Et
723 1958 868 1987 percussa
882 1953 922 1978 est
938 1953 993 1977 ter-

145 1999 187 2028 tia
205 2007 280 2036 pars
301 1998 370 2026 solis
391 2001 415 2026 et
444 1998 529 2026 tertia
549 2006 623 2034 pars
644 1997 732 2025 lunae
757 2000 781 2025 et
813 1996 899 2025 tertia
919 2004 993 2033 pars

143 2046 306 2078 stellarum,
328 2045 369 2073 ita
392 2049 424 2073 ut
449 2044 660 2073 obscuraretur
682 2044 767 2072 tertia
787 2052 861 2080 pars
882 2051 991 2071 eorum.

144 2110 183 2114 -—
214 2093 346 2121 Maeuiae
374 2091 552 2129 infusionem
584 2099 633 2128 per
666 2091 802 2119 licentiam
834 2091 992 2123 abusivam3

146 2140 295 2169 Ezechielis
326 2139 467 2176 trigesimo
492 2138 613 2167 secundo
630 2138 667 2165 ¹3:
691 2139 726 2166 Et
753 2138 916 2175 nigrescere
946 2136 993 2174 fa-

147 2188 223 2216 ciam
243 2186 340 2215 stellas
363 2187 436 2220 eius,
456 2186 543 2214 solem
568 2185 642 2214 nube
668 2189 772 2222 teyam,
794 2189 819 2213 et
843 2185 915 2213 luna
937 2193 993 2213 non

146 2234 227 2262 dabit
255 2234 352 2262 lumen
378 2241 475 2261 suum.
501 2232 607 2261 Omnia
633 2232 799 2260 luminaria
827 2232 900 2260 caeli
919 2240 993 2260 moe-

146 2289 210 2309 rere
230 2279 342 2317 faciam
371 2288 460 2317 super
489 2284 513 2308 te
533 2284 558 2308 et
579 2279 653 2308 dabo
676 2279 807 2307 tenebras
827 2288 917 2316 super
939 2283 993 2307 ter-

146 2336 214 2356 ram
236 2331 327 2361 tuam,
349 2327 420 2355 dicit
443 2326 584 2355 Dominus
606 2327 690 2355 Deus.
713 2343 748 2346 ——
772 2326 934 2363 Sanpuinis
949 2326 993 2355 in-

145 2373 292 2412 fusionem
323 2382 372 2410 per
401 2374 562 2402 iniustitiam
597 2373 787 2407 excessivam;
819 2373 993 2410 Apocalypsis

147 2425 227 2450 sexto
243 2422 281 2449 ¹4:
305 2421 353 2450 Sol
373 2420 472 2458 fctctus
487 2424 528 2449 est
541 2420 625 2458 niyer
646 2424 789 2458 tanquam
806 2428 912 2449 saccus
932 2420 993 2449 cili-

147 2469 242 2502 einus,
264 2473 288 2497 et
311 2468 383 2496 luna
406 2471 464 2496 tota
484 2466 567 2504 facta
589 2471 630 2496 est
643 2467 721 2496 sicut
734 2467 869 2504 sanffltt'S,
891 2472 917 2496 et
930 2468 994 2496 stel-

211 2624 218 2636 ¹
239 2625 305 2647 Vers.
326 2625 362 2647 ⁴6.

211 2663 219 2676 ³
239 2664 304 2686 Vers.
322 2663 360 2686 34.

211 2701 220 2714 ⁴
238 2703 261 2724 ln
279 2703 358 2725 codice
376 2702 473 2725 habetur
490 2703 627 2730 incongrum
641 2702 781 2725 vocabulum
794 2702 892 2726 verbum
904 2706 926 2726 et
936 2704 995 2726 infra

148 2744 200 2770 post
217 2741 364 2765 humiditatis
381 2742 473 2764 videtur
491 2742 614 2770 legendum
632 2741 773 2765 dominium.

861 2624 870 2639 ²
890 2625 956 2648 Vers.
975 2625 997 2647 5.

211 2779 221 2792 ⁶
239 2781 305 2803 Vers.
323 2782 344 2803 ὃ,
771 2780 781 2794 ⁸
799 2782 880 2804 Psalni.
899 2783 941 2809 88,
958 2783 995 2804 38.

212 2819 220 2832 ⁷
240 2820 303 2842 Vers.
320 2820 343 2842 7.
846 2820 856 2833 Β
874 2821 940 2844 Vers.
957 2821 995 2843 34.

212 2858 222 2871 ⁹
240 2860 306 2881 Vers.
323 2860 343 2881 3.
837 2859 857 2873 ¹⁰
874 2861 940 2882 Vei-s.
959 2861 994 2882 110.

213 2897 232 2911 ²¹
249 2900 272 2921 ln
291 2898 376 2921 ultimis
394 2898 462 2921 huius
473 2904 538 2921 nuru.
551 2898 630 2921 verbis
646 2898 739 2921 videtur
756 2905 807 2921 esse
824 2899 939 2927 detectus,
958 2900 994 2921 vel

150 2938 276 2966 corruptio.

1844 148 1879 177 37

1042 216 1086 245 lae
1108 217 1141 245 (Ie
1161 218 1238 246 caelo
1260 219 1424 248 ceciderunt
1443 229 1531 257 super
1553 226 1680 256 terram,
1706 224 1781 252 sicut
1807 224 1881 261 ficus

1042 263 1143 291 emittit
1156 273 1274 300 pressos
1295 274 1374 299 suos,
1396 275 1463 294 cum
1485 276 1503 295 a
1526 272 1605 296 vento
1620 278 1727 306 mayno
1742 275 1880 299 movetur.

1356 366 1447 396 Samio
1468 368 1522 396 Xlll
1535 369 1567 396 ¹5.

1113 461 1186 491 Item,
1206 469 1285 488 sermo
1304 463 1391 488 fratris
1410 465 1598 491 Bonaventurae
1618 468 1698 492 editus
1712 469 1791 499 prima
1804 469 1884 494 Domi-

1042 504 1098 528 nica
1116 504 1145 528 de
1164 504 1295 534 Adventu,
1319 513 1373 530 cum
1399 508 1464 532 esset
1488 509 1634 539 cardinalis,
1661 512 1789 541 praesente
1815 512 1884 543 Papa

1043 546 1161 577 Gregorio
1174 547 1203 573 X.
1222 548 1247 572 et
1259 549 1346 573 multis
1359 550 1526 576 cardinalibus
1540 553 1564 576 et
1576 553 1630 578 tota
1643 554 1710 578 curia
1729 554 1759 578 ad
1772 555 1884 580 Missam.

1124 636 1265 664 Dominus
1286 637 1367 666 dabit
1389 638 1599 676 benignitatem,
1628 646 1653 670 ct
1674 646 1754 671 terra
1782 648 1884 673 nostra

1043 683 1125 711 dabit
1145 682 1276 720 finctum
1299 693 1403 719 suum,
1426 686 1549 716 psalmus
1566 681 1610 715 ¹⁶.⁰

1123 730 1238 758 Sanctus
1266 734 1294 759 et
1314 739 1391 760 sacer
1413 732 1507 766 David,
1529 735 1637 770 spiritu
1658 744 1764 773 mayuo
1786 738 1885 765 videns

1044 776 1150 805 ultima
1162 777 1185 793 ¹⁷
1200 777 1352 806 dominicae
1365 778 1559 809 incarnationis
1571 781 1627 810 sive
1639 782 1784 811 adventum
1797 784 1886 812 incar-

1044 823 1136 857 nandi,
1151 831 1234 860 quem
1250 824 1330 852 modo
1345 825 1434 854 colere
1456 827 1611 862 coepimus,
1634 828 1685 856 tria
1706 829 1844 865 eleganter
1859 831 1885 858 in

1044 871 1137 899 verbis
1159 871 1201 899 his
1229 871 1293 899 facit
1320 871 1380 900 sive>
1398 872 1537 909 designat,
1559 882 1678 910 quorum
1700 876 1820 911 primum
1847 880 1888 905 est

1047 918 1098 945 Dei
1117 918 1236 954 potentis
1257 918 1398 947 influentis
1419 919 1548 955 mirifica
1567 920 1742 955 liberalitas,
1764 922 1816 950 ibi:
1833 923 1887 951 Do-

1044 965 1144 993 minus
1165 964 1247 993 dabit
1268 964 1490 1002 beniynitatem;
1512 967 1663 996 secundum
1692 972 1733 997 est
1760 969 1888 1006 Viryinis

1045 1012 1296 1048 supernaturaliter
1334 1012 1512 1048 concipientis
1549 1013 1678 1051 gloriosa
1708 1014 1888 1051 fecunditas,

1045 1059 1097 1087 ihi:
1119 1062 1143 1086 et
1176 1062 1256 1086 terra
1284 1063 1406 1092 nostra;
1435 1060 1547 1088 tertium
1577 1065 1617 1089 est
1645 1062 1888 1098 superbenedictae

1043 1105 1137 1142 prolis
1149 1105 1281 1143 gloriosa
1295 1106 1453 1140 nativitas,
1476 1107 1511 1135 ibi
1523 1118 1528 1135 :
1550 1108 1632 1136 dabit
1644 1107 1775 1144 fructum
1790 1118 1887 1138 suum.

1125 1152 1142 1180 l.
1165 1152 1244 1180 Circa
1265 1153 1385 1188 primum
1408 1153 1572 1183 notandum.
1594 1155 1667 1191 quod
1690 1156 1822 1185 Dominus
1842 1157 1888 1185 de-

1045 1200 1085 1228 dit
1108 1199 1210 1236 Virgini
1234 1200 1333 1228 Mariae
1365 1200 1527 1237 concipienti
1557 1201 1708 1230 triformem
1738 1202 1888 1240 benignita-

1046 1250 1115 1280 tem,
1137 1246 1240 1275 scilicet
1261 1246 1365 1283 gratiae
1384 1247 1597 1284 praevenientis
1618 1256 1667 1284 per
1689 1249 1805 1285 primam
1828 1258 1889 1278 san-

1047 1293 1239 1322 ctificationem
1261 1294 1287 1322 in
1311 1297 1407 1328 utero;
1423 1294 1456 1322 ad
1471 1295 1562 1322 Titum
1583 1295 1664 1323 tertio
1680 1295 1717 1323 ¹⁸:
1741 1297 1891 1333 Apparuit

1048 1340 1210 1377 beniynitas
1224 1343 1249 1368 et
1263 1339 1435 1369 humanitas
1451 1341 1615 1370 Salvatoris
1635 1343 1730 1370 nostri
1752 1343 1817 1377 Dei,
1833 1352 1890 1372 non

1047 1396 1081 1416 ex
1102 1387 1238 1424 operibus
1259 1388 1404 1421 iustitiae,
1427 1397 1501 1426 quae
1528 1388 1651 1425 fecimus
1679 1398 1748 1423 nos,
1773 1391 1823 1418 sed
1849 1400 1890 1419 se-

1047 1434 1178 1474 eundum
1199 1442 1287 1462 suam
1308 1434 1542 1463 miscricordiam
1564 1435 1661 1464 salvos
1681 1445 1733 1464 nos
1753 1435 1821 1473 fecit
1838 1446 1890 1474 per

1048 1480 1203 1509 lavacrum
1230 1481 1459 1518 regenerationis
1487 1486 1512 1510 et
1536 1483 1734 1512 renovationis
1762 1484 1890 1521 Spiritus

1047 1528 1150 1557 sancti.
1173 1545 1212 1548 —-
1232 1528 1341 1557 Gratiae
1362 1529 1516 1566 dirigentis
1538 1538 1586 1566 per
1608 1533 1728 1558 sanctam
1750 1539 1892 1559 conversa-

1047 1575 1149 1603 tionem
1166 1575 1192 1603 in
1207 1574 1325 1608 mundo;
1348 1575 1473 1604 Psalmus
1485 1575 1524 1603 ¹³:
1548 1576 1673 1613 Beniqne
1687 1576 1747 1614 fac,
1762 1577 1890 1611 Domine,

1047 1623 1079 1650 in
1101 1621 1176 1650 bona
1196 1622 1343 1650 voluntate
1364 1626 1417 1651 tua
1439 1622 1525 1657 Sion,
1548 1627 1579 1651 ut
1599 1623 1789 1660 aedificentur
1810 1624 1892 1653 muri

1048 1668 1208 1697 Ierusalem
1216 1679 1226 1701 ,·
1248 1668 1329 1702 Sion,
1351 1669 1431 1697 beata
1446 1669 1538 1698 Maria.
1555 1687 1591 1690 -—
1606 1670 1714 1699 Gratiae
1731 1670 1891 1708 fecundan-

1048 1716 1085 1744 tis
1106 1724 1155 1752 per
1176 1716 1275 1744 almam
1298 1716 1505 1753 conceptionem
1526 1716 1559 1745 de
1578 1717 1681 1753 Spiritu
1696 1720 1804 1752 sanct03
1820 1719 1891 1747 Psal-

1048 1771 1112 1791 mus
1127 1762 1165 1790 ²⁰:
1182 1763 1331 1791 Benediees
1349 1771 1473 1792 coronae
1487 1764 1561 1792 anni
1575 1763 1758 1802 benignitatis
1777 1768 1852 1799 tuae,
1868 1769 1893 1794 et

1048 1810 1147 1847 campi
1167 1810 1211 1838 tui
1232 1809 1420 1847 replebuntur
1439 1810 1582 1844 ubertate;
1602 1810 1743 1840 benedices
1758 1821 1891 1846 coronae,

1049 1857 1075 1886 id
1097 1860 1138 1886 est
1170 1857 1320 1894 integritati
1342 1857 1485 1894 virginali;
1508 1858 1583 1886 anm·
1605 1858 1788 1896 beniynitatis
1809 1863 1891 1893 tuae,

1049 1904 1153 1934 scilicet
1173 1908 1336 1941 conceptum
1359 1908 1386 1933 et
1406 1908 1499 1933 ortum
1522 1905 1632 1934 Christi.

1128 1952 1157 1980 Il.
1180 1952 1258 1981 Circa
1280 1952 1433 1981 secundum
1455 1956 1532 1986 nota,
1550 1953 1623 1989 quod
1638 1953 1717 1982 beata
1731 1954 1814 1982 Maria
1829 1962 1894 1982 con-

1049 1999 1153 2036 cipiens
1173 1999 1275 2027 dicitur
1297 2002 1395 2033 terra,
1425 1999 1490 2036 quia
1511 2000 1597 2029 instar
1624 2000 1711 2029 bonae
1739 2004 1765 2029 et
1792 2001 1893 2030 electae

1050 2049 1140 2075 terrae
1162 2046 1214 2074 fuit
1234 2046 1268 2074 ab
1299 2046 1428 2075 omnibus
1456 2046 1543 2075 millis
1570 2047 1716 2076 radicitus
1742 2052 1893 2085 seyreqata

1050 2101 1099 2130 per
1120 2093 1331 2122 exstinctionem
1348 2093 1470 2122 omnium
1484 2094 1627 2128 fomitum3
1647 2094 1769 2123 Psalmus
1782 2094 1819 2122 ²¹:
1843 2095 1893 2123 Be-

1049 2140 1199 2173 nediaeisti,
1224 2140 1359 2174 Domine,
1382 2144 1491 2169 terram
1515 2144 1611 2174 tuam,
1627 2142 1759 2169 avertisti
1772 2142 1894 2178 eaptivi-

1050 2191 1137 2215 tatem
1168 2187 1263 2215 Iacob.
1297 2204 1333 2207 —
1363 2188 1456 2225 Aquis
1477 2188 1660 2225 pluvialibus
1688 2189 1817 2225 irrigata
1845 2196 1893 2225 per

1049 2234 1210 2263 effusionem
1223 2234 1434 2263 multiformium
1448 2234 1623 2263 devotionum
1634 2246 1639 2269 ;
1652 2235 1762 2263 Genesis
1771 2235 1807 2262 22;
1816 2236 1894 2263 Fons

1050 2280 1223 2309 ascendebat
1235 2290 1249 2309 e
1264 2285 1361 2315 terra,
1378 2281 1512 2318 irriyans
1529 2282 1698 2310 uniuersam
1712 2282 1894 2319 superficiem

1050 2331 1155 2356 terrae.
1178 2345 1215 2347 —
1237 2328 1341 2356 Radiis
1362 2328 1510 2356 solaribus
1531 2328 1660 2365 opposita
1677 2336 1726 2365 per
1740 2328 1893 2357 inflamma—

1050 2374 1151 2403 tionem
1169 2374 1328 2403 caelestium
1343 2374 1558 2408 desideriorum;
1582 2375 1759 2404 Ecclesiastici
1775 2375 1895 2412 quadra-

1049 2421 1153 2458 gesimo
1174 2421 1256 2450 tertio
1270 2422 1309 2449 211;
1333 2422 1381 2450 Sol
1396 2422 1427 2450 in
1441 2422 1604 2450 meridiano
1622 2422 1720 2450 exurit
1735 2425 1855 2456 terram,
1870 2426 1895 2450 et

1051 2468 1082 2496 in
1103 2472 1254 2505 conspeetu
1275 2469 1396 2497 ardoris
1417 2469 1479 2497 eius
1500 2469 1565 2507 quis
1585 2469 1689 2505 poterit
1709 2468 1872 2497 sustinere?

1115 2625 1134 2640 ¹²
1153 2626 1218 2648 Vers.
1237 2626 1274 2647 112.

1115 2664 1135 2677 ¹⁴
1153 2665 1219 2687 Vers.
1237 2665 1273 2687 42.
1291 2670 1339 2693 seq.

1115 2703 1135 2716 ¹⁵
1152 2704 1182 2726 Ex
1199 2703 1282 2726 eodem
1300 2703 1380 2726 codice
1397 2704 1433 2725 tol.
1454 2703 1481 2724 10
1499 2709 1518 2725 r.
1668 2701 1687 2714 ¹⁶
1704 2702 1786 2724 psalm.
1804 2701 1840 2730 84,
1860 2702 1895 2724 13,

1116 2742 1134 2757 ¹⁷
1152 2743 1217 2765 Eecli.
1236 2743 1272 2771 48,
1290 2743 1327 2765 27.
1340 2743 1362 2764 ln
1380 2742 1459 2765 codice
1475 2741 1622 2769 subiungitur
1635 2741 1760 2768 incongrue
1772 2747 1816 2763 vox
1828 2746 1894 2763 cura.

1052 2782 1109 2804 infra
1127 2787 1169 2809 pro
1179 2781 1280 2811 potentis
1298 2782 1349 2809 lege
1362 2782 1477 2810 potenter.

1115 2819 1134 2832 ¹⁸
1152 2820 1216 2843 Vers.
1236 2820 1256 2847 4,
1274 2826 1323 2849 seq.
1340 2820 1448 2848 Vulgata:
1465 2819 1523 2843 Cum
1540 2821 1619 2842 aretem
1632 2818 1761 2848 bmzz'ynttas
1777 2820 1798 2841 et
1815 2818 1896 2841 huma-

1051 2859 1114 2882 nitas
1125 2859 1240 2888 apparuit
1257 2862 1298 2882 etc.
1666 2856 1686 2870 ¹⁹
1703 2857 1785 2880 Psalm.
1802 2857 1839 2886 50,
1857 2857 1895 2879 20.

1115 2897 1135 2910 ²⁰
1153 2899 1233 2920 Psalm.
1251 2898 1289 2926 64,
1311 2899 1345 2920 12.
1684 2895 1702 2909 ²¹
1721 2897 1802 2919 Psalm.
1820 2896 1857 2923 84,
1875 2897 1888 2918 2

1115 2936 1134 2950 ²²
1152 2937 1206 2965 Cap.
1225 2938 1247 2965 2,
1265 2938 1286 2959 6.
1690 2934 1710 2947 ²³
1728 2936 1791 2958 Vers.
1809 2936 1831 2958 2.
1847 2941 1897 2964 seq.

1689 2623 1708 2637 ¹³
1726 2624 1791 2647 Vers.
1808 2624 1830 2646 7.
1847 2630 1895 2653 seq.

1904 876 1983 896 Divisio.

1905 1156 1950 1175 Pars
1963 1156 1977 1175 1.

1910 1956 1961 1975 Pars,
1966 1955 1988 1974 ΙΙ.
