2243 3348
4 803 7 814 ¹
14 800 84 825 Triplex
96 804 128 824 ap-

39 754 84 773 Pars
96 753 126 771 Ill.

0 816 6 871 Ι
33 823 108 848 paritio.

0 876 20 960 l.

1 961 4 1062 l

0 1083 4 1248 l

0 1363 2 1382 l
21 1361 126 1382 Prothema.

518 152 676 180 DOMlNlCA
697 153 791 181 INFRA
812 153 967 183 OCTAVAM
990 155 1192 183 NATlVlTATlS
1214 155 1338 183 DOMlNl.
1360 155 1469 184 SERMO
1491 156 1508 183 l.

142 239 246 259 nomen
259 239 355 259 meu-m.
371 230 415 258 sot
428 230 567 263 iustitiae,
583 233 609 258 et
621 230 737 258 scenitas
752 230 783 258 in
795 231 899 267 penitis
916 232 986 260 eius.

143 277 241 306 Habuit
272 277 344 305 enim
376 276 503 305 Christus
534 279 616 304 natus
637 277 793 305 sanitatem
814 277 845 305 in
865 279 986 314 permis,

143 324 208 361 quia
229 324 255 352 in
277 324 320 352 ala
339 323 464 352 sii'zistra
485 323 583 351 hahuit
604 330 721 359 pennam
736 328 913 361 contemptus
932 329 988 353 ter-

142 371 277 399 renitatis
299 378 347 407 per
368 372 576 407 paupertatem,
600 377 715 405 pennam
742 374 919 407 contemptus
940 380 987 400 oo-

143 417 264 455 tttptcttis
284 425 334 454 per
355 417 561 456 austeritatem,
588 424 704 452 pennam
733 420 909 454 contemptus
936 426 986 446 ‘va-

141 464 244 492 nitatis
265 471 314 500 per
336 462 528 491 humilitatem.
547 462 572 490 ln
593 462 636 490 ala
649 466 741 491 autem
758 463 875 492 deaeterct
892 464 987 492 habuit

142 518 246 547 pennas
270 508 397 546 fervoris
425 509 578 542 caritatis,
600 509 732 537 exercitii
757 509 892 544 virtutis,
915 511 987 538 ctesi-

143 556 218 584 derii
230 556 417 584 aeternitatis
431 556 487 584 Non
501 555 539 583 sic
555 555 599 583 ille
611 555 761 589 Phaethon,
774 556 846 584 filius
859 556 957 585 Phoebi
969 558 987 591 1,

142 603 189 640 qui
211 603 275 632 fecit
295 603 346 631 sibi
368 610 453 631 novas
474 609 578 638 pennas
600 605 626 630 et
658 602 809 630 consumsit
839 603 932 631 orbem
962 607 989 632 et

142 649 320 686 semetipsum
344 648 542 686 praecipitavit.

223 697 260 724 lll.
284 696 422 733 Quantum
443 695 476 724 ad
496 696 608 724 tertium
625 698 700 729 nota,
716 696 802 732 quod,
818 700 849 724 ut
863 696 989 725 Christus

144 751 194 772 nos
208 743 241 772 ad
256 751 338 772 suum
353 750 475 771 amorem
492 742 663 775 accenderet,
678 743 821 779 apparuit
836 743 862 770 in
878 751 928 771 sua
942 752 989 772 na-

144 790 249 819 tivitate
264 790 343 818 nobis
357 790 383 817 in
403 789 568 817 sinceritate
588 788 751 817 mztmtz'ciae
772 789 910 818 ferventer
928 790 988 818 dili-

144 837 287 874 gentibus;
309 836 341 865 ad
363 836 454 864 Titum
477 835 635 864 secund02:
660 836 808 872 Apparuit
821 837 922 872 ¹qratia
940 837 991 865 Dei

1833 159 1884 187 1029

1045 232 1208 261 Salvatoris
1239 233 1334 261 izo-stri
1367 234 1500 262 omnibu-s
1536 234 1716 270 hominibus,
1751 237 1886 266 erudiens

1043 287 1096 307 'nos
1117 283 1167 307 etc.
1192 279 1250 315 Qtti
1268 280 1344 308 (ledit
1365 281 1548 317 semetipsum
1571 290 1627 318 pro
1655 282 1753 317 nobis,
1782 287 1813 312 ut
1833 292 1885 312 ηας

1043 325 1195 354 redimeret
1227 326 1263 354 ab
1295 327 1376 355 omui
1405 327 1557 365 iniquitate
1588 331 1638 357 etc.
1660 346 1698 349 ——
1721 330 1746 358 ln
1774 330 1885 358 leuitate

1044 372 1263 401 misericordiae
1284 374 1400 402 tirmiter
1421 374 1612 409 credentibus3
1634 376 1666 404 ad
1682 376 1772 404 Titum
1789 377 1884 405 tertio:

1045 419 1193 455 Apparuit
1215 419 1376 457 beniym'cas
1396 425 1422 449 et
1445 420 1616 450 lzunmnitas
1645 423 1808 451 Salvatoris
1835 432 1884 452 ito-

1043 465 1100 493 stri
1123 465 1188 499 Dei,
1210 474 1268 494 ⁴non
1290 475 1324 494 eac
1345 467 1480 503 operibus
1503 468 1645 502 iustitiae,
1668 478 1741 506 quae
1761 468 1883 506 fecimus

1043 520 1106 544 nos,
1127 512 1176 539 sed
1196 513 1355 541 secandum
1374 522 1461 542 suctm
1476 515 1709 543 miserieorctictm
1723 516 1819 544 „mimos
1833 525 1885 544 nos

1044 556 1111 594 fecit
1132 562 1182 587 etc.
1206 576 1241 579 -—
1263 560 1380 596 Apparet
1401 564 1491 589 autem
1524 561 1650 591 Christus
1682 566 1762 591 natus
1794 564 1881 592 solum

1045 605 1097 633 illis
1118 605 1165 641 qui
1188 606 1288 634 habent
1309 606 1501 636 humilitatem
1526 612 1730 643 venustantem,
1753 609 1883 638 luibitan-

1045 651 1121 679 tibus
1142 652 1243 681 scilicet
1265 653 1296 681 in
1314 654 1440 682 conculta
1461 655 1606 689 Mambre,-
1627 656 1674 693 qui
1697 656 1797 685 habent
1818 656 1884 684 odo-

1044 707 1105 726 rem
1118 701 1150 733 (¹2)
1166 699 1328 734 elevantem,
1344 701 1526 730 existentibus
1544 702 1645 731 scilicet
1660 703 1691 731 in
1705 703 1776 731 ostio
1792 703 1883 731 taber-

1044 745 1161 778 antemi,-
1183 746 1228 782 qui
1253 747 1354 775 habent
1373 747 1458 783 fidem
1480 740 1688 784 illuminantem,
1709 750 1884 786 vigilantibus

1045 792 1076 819 in
1096 791 1210 828 fervore
1238 793 1310 827 (liei,
1342 794 1412 822 sicut
1444 795 1543 831 legitur
1564 796 1724 832 apparuisse
1745 797 1883 830 Abrahae,

1045 838 1155 867 Genesis
1175 839 1280 868 decimo
1302 844 1397 869 octavo
1411 841 1430 869 ³.

606 957 764 986 DOMINICA
786 958 878 987 {NFRA
900 958 1054 987 OCTAVAM
1079 960 1281 989 NATlvl'l‘ATls
1303 962 1425 991 DOMlNl.

486 1073 577 1101 Sanno
600 1072 607 1100 l
623 1072 642 1099 4.

223 1166 340 1194 Posittts
355 1169 394 1194 est
409 1164 454 1194 lzz'o
476 1165 507 1193 in
524 1165 647 1193 ruinam
663 1169 688 1193 et
703 1165 733 1193 in
747 1166 988 1194 resurrectionem

118 1236 120 1239 ι
142 1213 303 1242 multorum
324 1213 355 1241 in
377 1212 471 1241 Israel
491 1216 517 1241 et
537 1213 568 1241 iii
588 1213 718 1250 siymtm,
740 1213 790 1241 cui
810 1213 988 1242 contradice—

22 1924 113 1944 invocatio

47 1948 89 1967 Dei.

50 2535 124 2555 Sermo.

142 1264 202 1295 tur,
223 1261 312 1289 Lucae
333 1260 453 1289 secundo
468 1260 488 1287 ⁵.

222 1307 383 1336 Prothema:
404 1306 542 1335 Surrexit
557 1306 637 1335 Elias
652 1306 800 1343 Propheta
820 1307 896 1335 sicut
913 1307 989 1344 tynis

144 1354 259 1383 ardens.
284 1354 311 1382 ln
333 1354 418 1382 verbo
439 1354 560 1382 secundo
582 1354 640 1382 loco
666 1354 821 1390 proposito,
844 1358 935 1382 sumto
956 1354 989 1383 de

143 1401 321 1430 Ecclesiastici
344 1401 555 1438 quadragesimo
576 1401 705 1433 octavo⁶‚
728 1401 883 1430 luculenter
898 1402 989 1438 expri-

142 1448 244 1483 mitur,
266 1448 356 1485 qualis
383 1448 481 1476 debeat
502 1455 561 1476 esse
582 1447 666 1476 divini
694 1447 769 1476 verbi
800 1448 987 1484 praedicator:

141 1495 207 1533 quia
228 1495 317 1532 primo
338 1495 419 1524 debet
440 1502 500 1524 esse
521 1494 671 1532 elongatus
689 1494 746 1523 sive
768 1498 959 1532 sequestratus
973 1504 989 1523 a

141 1542 237 1571 mundi
267 1542 442 1575 terrenitate:
471 1541 592 1570 secundo
613 1541 694 1570 debet
722 1549 781 1570 esse
803 1542 988 1570 illuminatus

143 1589 279 1626 Evangelii
302 1589 433 1623 veritate;
455 1589 537 1617 tertio
551 1589 632 1617 debet
647 1597 706 1617 esse
722 1588 924 1625 inflammatus
940 1589 987 1617 Dei

142 1640 168 1666 et
186 1637 306 1673 proximi
322 1637 443 1665 caritate.
461 1636 612 1673 Etonyatio
624 1644 690 1673 ergo
706 1636 860 1664 mundanae
876 1644 988 1673 prospe*

141 1684 231 1713 ritatis
251 1687 374 1718 notatur,
389 1692 452 1713 cum
474 1684 555 1712 dicit:
572 1683 710 1712 Surrexit
726 1683 823 1716 Etiam
839 1683 988 1711 illumina-

142 1731 180 1759 tio
201 1731 373 1768 evangelicae
394 1731 518 1759 veritatis
547 1734 674 1764 notatur,
698 1738 761 1759 cum
784 1730 891 1759 subdit:
916 1731 987 1758 Pro-

140 1777 243 1815 pheta;
264 1777 460 1814 inflammatio
482 1777 619 1806 fraternae
641 1777 763 1806 caritatis
784 1780 905 1811 notatur,
925 1786 986 1806 cum

142 1824 292 1854 subinfert:
315 1825 391 1853 sicut
412 1825 489 1862 ionis
510 1825 626 1853 ardeus.

220 1872 273 1901 Nos
294 1880 369 1909 ergo,
385 1872 528 1906 carissimi,
550 1872 578 1900 in
594 1872 729 1909 principio
744 1872 830 1900 nostri
853 1871 988 1900 sermonis

141 1921 205 1947 ante
225 1919 316 1947 omnia
331 1919 488 1948 misericors
504 1922 531 1947 et
545 1919 645 1947 fontale
661 1919 837 1956 principium,
859 1918 932 1955 quod
947 1922 988 1947 est

141 1966 263 2003 primum
286 1966 389 2000 lumen,
412 1966 553 1995 humiliter
574 1966 767 2003 imploremus,
789 1969 821 1994 ut
842 1974 892 1994 sua.
913 1965 988 1994 heni-

141 2021 194 2050 gna
215 2013 444 2042 condescensione
464 2017 578 2050 separet
598 2021 649 2042 nos
670 2013 704 2041 ab
718 2021 811 2041 amore
834 2013 987 2041 mundanae

141 2061 341 2098 prosperitatis,
357 2060 498 2089 illuminet
510 2060 656 2097 splendore
671 2060 728 2089 sive
739 2060 893 2096 cognitione
908 2068 988 2088 ovan-

141 2108 243 2145 gelicae
264 2108 402 2142 veritatis,
424 2110 451 2137 et
471 2107 633 2144 inflammet
652 2107 761 2136 fervore
782 2107 920 2135 fraternae
944 2115 987 2135 ca-

141 2155 248 2188 ritatis:
271 2158 303 2184 ut
324 2155 442 2189 tandem,
471 2155 598 2192 etongyctti
617 2155 652 2183 ab
679 2162 773 2183 amore
796 2154 900 2187 mundi,
924 2153 987 2181 ittu-

140 2203 246 2231 mincttz'
268 2202 413 2239 splendore
436 2203 573 2239 Evangelii
596 2205 623 2231 et
645 2202 824 2238 inflammati
844 2201 987 2229 dilectione

141 2250 189 2279 Dei
211 2253 238 2278 et
259 2249 389 2287 proximi,
406 2250 542 2286 possimus
557 2250 649 2286 aliqua
664 2249 788 2286 proferre
809 2249 834 2276 in
858 2247 987 2281 medium,

142 2305 213 2334 quae
235 2297 289 2326 sint
310 2297 343 2325 ad
365 2297 472 2325 laudem
506 2300 532 2325 et
554 2296 668 2333 gloriam
691 2296 732 2325 s‘ui
755 2295 840 2324 sancti
871 2294 988 2323 nominis

142 2344 276 2373 benedicti
299 2347 325 2372 et
346 2344 379 2372 ad
411 2344 526 2372 salutem
550 2347 576 2372 et
597 2343 809 2372 consolationem
831 2342 985 2370 animarum

142 2394 311 2420 nostrarum.
334 2391 425 2419 Amen.

224 2438 341 2467 Posittts
362 2442 403 2466 est
424 2436 470 2466 liic
490 2438 522 2466 iii
543 2438 667 2466 ricinum
688 2440 739 2466 etc.

223 2485 356 2521 Quoniam
386 2485 412 2513 in
440 2488 553 2521 aspectu
576 2484 640 2512 solis
662 2483 810 2512 materialis
838 2482 989 2511 secundum

143 2533 233 2562 varias
254 2532 445 2569 dispositiones
467 2532 633 2560 intuentium
656 2534 777 2568 oportet,
799 2530 866 2558 alios
888 2528 989 2557 contri-

143 2579 218 2614 stari,
240 2579 307 2607 alios
328 2586 395 2607 vero
415 2579 561 2611 delectari;
585 2579 648 2607 hinc
663 2581 712 2611 est,
728 2577 802 2614 quod
824 2579 935 2605 sanctus
950 2575 989 2603 Si-

206 2715 213 2728 ¹
232 2716 277 2740 Cl'r.
295 2709 375 2744 Ovid.,
393 2717 416 2739 ll.
434 2717 585 2744 Metamorph.
604 2723 624 2738 v.
644 2716 681 2738 30,
699 2722 764 2744 seqq.

205 2754 214 2767 ²
233 2756 297 2778 Vers.
320 2757 352 2778 11.
375 2757 407 2778 12.
427 2757 434 2777 l
443 2756 462 2778 li.
481 2759 503 2778 et
519 2756 603 2778 deinde
621 2763 640 2778 c.
658 2756 683 2782 3,
703 2755 722 2776 l.
741 2760 788 2783 seq.

205 2795 214 2807 ³
232 2796 298 2817 Vers.
319 2796 337 2817 l.

206 2834 214 2846 ⁴
232 2834 334 2857 Habetur
351 2835 374 2856 iu
392 2834 428 2857 ed.
447 2834 555 2856 Vaticana
573 2840 615 2861 pro
641 2834 683 2855 hac
701 2832 818 2855 Dominica
845 2835 866 2854 et
883 2834 916 2853 cst
939 2837 988 2853 cor-

142 2876 219 2896 rectus
235 2873 345 2896 subsidiis
361 2874 467 2896 codicum
486 2872 502 2895 C
513 2873 530 2895 D
541 2874 555 2894 Ε
566 2873 588 2894 F.
842 2870 851 2882 ⁵
870 2871 932 2892 Vers.
952 2869 987 2891 34,

205 2911 215 2924 ὓ
234 2913 298 2935 Vers.
319 2913 340 2941 1;
359 2913 468 2940 Vulgata:
491 2912 556 2940 quasi
576 2912 647 2939 ignis,
667 2913 689 2933 ct
706 2909 804 2932 verbum
828 2910 899 2937 ipsius
922 2908 988 2937 quasi

143 2953 216 2974 facula
234 2951 336 2974 ardebat.

237 2998 264 3021 S.
280 2998 373 3021 Bonae.
389 3010 419 3014 —
431 2998 501 3020 Toni.
516 2998 554 3019 lx.

1046 1081 1134 1107 meon,
1155 1074 1226 1102 dono
1248 1076 1406 1111 prophetiae
1429 1077 1594 1112 illustratus,
1615 1079 1722 1113 videns,
1737 1088 1771 1108 ex
1789 1081 1882 1109 veris⁷

1045 1121 1232 1155 sermonibus,
1256 1122 1376 1151 honestis
1397 1124 1531 1159 exemplis
1553 1128 1579 1153 et
1600 1125 1678 1154 honis
1699 1127 1829 1162 operibus
1857 1131 1882 1155 et

1046 1166 1151 1200 lucidis,
1173 1168 1383 1203 procedentibus
1397 1177 1412 1197 a
1426 1170 1482 1197 sole
1497 1170 1625 1199 iustitiae
1637 1172 1658 1205 ²³,
1680 1172 1796 1206 Christo,
1813 1173 1882 1201 mul—

1045 1216 1087 1241 tos
1108 1221 1157 1249 per
1178 1214 1333 1243 caecitatem
1356 1216 1473 1245 malitiae
1488 1225 1546 1245 esse
1561 1219 1763 1254 perturbandos
1785 1228 1816 1248 ac
1834 1228 1882 1256 per

1046 1260 1097 1288 hoc
1119 1260 1144 1288 in
1167 1262 1357 1298 praecipitium
1379 1263 1475 1299 culpae
1498 1272 1592 1297 ruere,
1614 1265 1680 1293 alios
1703 1273 1767 1293 vero
1783 1266 1882 1294 rectili-

1046 1307 1145 1335 candos
1166 1308 1198 1336 ad
1221 1308 1312 1337 lumen
1334 1309 1436 1345 gratiae
1458 1317 1612 1347 resurgere,
1628 1312 1798 1348 propositum
1822 1320 1882 1341 ver—

1045 1353 1110 1382 bum
1133 1354 1165 1383 de
1187 1354 1294 1383 Christo
1316 1356 1440 1391 protulit,
1462 1356 1567 1385 dicens:
1592 1358 1709 1386 Positus
1723 1362 1762 1386 est
1785 1358 1829 1387 liic
1851 1360 1880 1387 in

1045 1401 1175 1429 ruinam.
1206 1402 1231 1430 ln
1261 1411 1316 1439 quo
1344 1403 1452 1439 quidem
1484 1404 1566 1432 verbo
1595 1408 1724 1433 notantur
1746 1409 1881 1442 quatuor:

1046 1448 1133 1484 primo
1154 1452 1265 1477 notatur
1279 1451 1455 1485 perversitas
1469 1454 1595 1487 acceptae
1609 1452 1758 1481 occasionis
1773 1453 1799 1480 in
1819 1453 1880 1481 honi

1045 1495 1136 1531 operis
1166 1496 1350 1530 exhibitione,
1379 1504 1440 1524 cum
1469 1497 1549 1525 dicit:
1578 1498 1697 1526 Positus
1718 1502 1758 1527 est
1779 1498 1824 1527 liic
1851 1499 1880 1527 iu

1045 1542 1183 1573 ruinam:
1205 1543 1324 1571 seeundo
1345 1547 1456 1572 notatur
1472 1544 1632 1581 bemyrtitcts
1648 1545 1707 1581 piae
1725 1546 1881 1574 subventio-

1045 1589 1087 1617 nis
1108 1589 1134 1617 in
1156 1590 1284 1625 prostrati
1308 1590 1425 1618 hominis
1446 1591 1641 1625 sublevatione,
1664 1599 1727 1619 cum
1748 1592 1836 1620 addit:
1859 1597 1882 1620 et

1047 1635 1075 1663 in
1097 1636 1334 1664 reswrectionenz
1356 1637 1532 1669 muttorum;
1554 1638 1633 1665 tertio
1655 1641 1765 1666 notatur
1791 1647 1881 1666 exem—

1042 1682 1170 1719 plat-itas
1192 1683 1336 1711 imitandae
1357 1683 1513 1712 directionis
1542 1684 1566 1711 in
1598 1684 1683 1712 bonae
1704 1685 1818 1713 actionis
1839 1693 1882 1714 re-

1045 1729 1198 1766 gulatione,
1227 1737 1288 1757 cum
1316 1730 1395 1758 dicit:
1424 1731 1454 1758 in
1481 1731 1617 1767 sionim,-
1644 1734 1743 1767 quarto
1770 1735 1881 1760 notatur

1044 1775 1214 1813 malignitas
1234 1784 1333 1812 pravae
1361 1777 1572 1813 impugnationis
1600 1778 1627 1805 in
1655 1778 1763 1814 benigni
1787 1778 1882 1806 Docto—

1045 1823 1083 1851 ris
1095 1822 1105 1839 9
1120 1823 1340 1857 contradictione,
1356 1831 1418 1852 cum
1435 1824 1584 1852 subinfert:
1598 1824 1647 1852 cui
1657 1825 1879 1853 contradicetur.

1124 1870 1140 1898 I.
1164 1870 1232 1898 Dicit
1254 1878 1333 1907 ergo:
1358 1871 1474 1898 Positits
1494 1875 1534 1899 est
1555 1870 1600 1899 liic
1620 1871 1649 1899 in
1673 1871 1808 1904 ruinam,
1834 1872 1879 1900 ubi

1045 1920 1155 1945 notatur
1174 1917 1350 1954 peruersitas
1364 1921 1489 1953 acceptae
1504 1918 1652 1946 occasionis
1669 1918 1695 1945 in
1710 1918 1772 1946 honi
1792 1918 1882 1954 operis

1045 1964 1221 1993 exhibitione.
1246 1964 1313 1992 Vere
1336 1972 1432 2000 magna
1454 1964 1627 2000 perversitas,
1648 1964 1681 1992 de
1703 1964 1774 1992 bono
1795 1964 1882 1993 alieno

1044 2011 1133 2039 facere
1154 2011 1204 2039 sibi
1221 2010 1338 2044 malum;
1354 2010 1421 2038 nihil
1437 2010 1590 2047 malignius,
1605 2010 1672 2038 nihil
1688 2010 1812 2039 stolidius
1830 2011 1881 2039 sub

1045 2058 1126 2086 caelo.
1149 2057 1199 2086 Sed
1221 2057 1302 2090 ratio,
1324 2065 1409 2093 quare
1438 2057 1479 2085 isti
1502 2057 1623 2093 perversi
1653 2065 1688 2085 ex
1715 2057 1792 2085 bonis
1819 2065 1882 2094 ope-

1045 2105 1122 2133 ribus
1143 2104 1310 2140 accipiebant
1331 2104 1379 2132 sibi
1407 2104 1574 2132 occasionem
1605 2104 1701 2131 ruinae
1722 2107 1749 2132 et
1770 2104 1881 2138 mortis,

1045 2154 1085 2180 est
1106 2152 1164 2179 ista.
1187 2151 1351 2179 Naturaliter
1373 2151 1443 2179 enim
1466 2150 1599 2186 quidquid
1621 2150 1765 2186 proiicitur
1787 2150 1813 2178 in
1830 2159 1883 2178 mo-

1045 2198 1140 2226 dulum
1163 2197 1250 2225 induit
1271 2197 1385 2225 sormam
1413 2201 1440 2225 et
1469 2197 1584 2233 liguram
1615 2197 1732 2230 moduli,
1756 2205 1787 2225 eo
1808 2197 1880 2233 quod

1045 2248 1085 2273 est
1106 2245 1141 2273 ibi
1164 2252 1212 2281 per
1234 2244 1343 2272 modum
1366 2243 1521 2279 recipientis
1535 2247 1561 2272 et
1576 2252 1629 2271 non
1645 2244 1745 2279 recepti
1764 2244 1793 2271 ¹0.
1814 2243 1880 2279 Quia

1045 2300 1110 2328 ergo
1131 2291 1213 2319 corda
1240 2291 1350 2319 illorum
1379 2294 1455 2318 erant
1485 2298 1612 2326 perversa
1641 2294 1667 2318 et
1688 2290 1794 2326 iniqua,
1824 2290 1882 2318 ideo

1046 2338 1177 2375 quidquid
1201 2338 1261 2366 boni
1285 2337 1317 2365 de
1339 2337 1446 2365 Christo
1468 2337 1493 2364 in
1516 2337 1645 2365 cordibus
1670 2345 1764 2365 eorum
1794 2337 1882 2373 capie-

1046 2386 1140 2419 batur,
1156 2386 1211 2413 sola
1228 2385 1378 2413 temeritate
1399 2384 1489 2412 iudicii
1514 2392 1674 2420 perversum
1698 2384 1785 2411 tiebat.
1804 2384 1833 2411 lit
1848 2384 1882 2411 ob

1046 2434 1115 2461 hanc
1138 2432 1268 2460 rationem
1291 2439 1356 2459 suae
1379 2438 1523 2467 perversae
1552 2430 1726 2467 malignitatis
1752 2430 1800 2466 ipsi
1824 2430 1882 2457 sue-

1047 2483 1112 2508 runt
1126 2479 1175 2507 sibi
1192 2487 1271 2507 causa
1289 2478 1393 2509 ruinae,
1410 2477 1470 2505 licet
1487 2477 1654 2505 occasionem
1678 2477 1833 2512 acceperint
1847 2484 1880 2504 ex

1046 2526 1124 2555 bonis
1145 2525 1274 2562 operibus
1295 2524 1403 2552 Christi.
1425 2523 1550 2551 Christus
1572 2531 1690 2559 namque
1711 2526 1752 2551 cst
1774 2523 1882 2556 m'rtzts,

1046 2576 1087 2601 est
1099 2573 1221 2605 termis,
1236 2575 1276 2600 est
1297 2571 1378 2599 Stilus
1391 2572 1421 2598 ¹¹.
1439 2570 1539 2603 l'rimo,
1555 2570 1680 2598 Christus
1701 2570 1727 2597 in
1749 2573 1881 2605 quantum

1108 2710 1116 2723 ⁷
1135 2712 1175 2733 l'ro
1192 2717 1222 2733 ra:
1241 2709 1299 2732 reris
1319 2709 1424 2730 Vaticana
1445 2707 1512 2729 habet
1528 2706 1640 2729 arterias.

1107 2749 1115 2761 *³
1133 2749 1260 2777 hospicium<
1279 2748 1371 2770 llialach.
1390 2747 1410 2773 nl,
1428 2748 1449 2768 2,

1107 2788 1116 2800 ⁹
1134 2788 1240 2811 Vaticana
1266 2786 1332 2808 habet
1355 2785 1499 2812 tbmlitoris,
1517 2788 1535 2807 el
1561 2785 1615 2806 intra
1641 2783 1710 2806 solitu
1731 2783 1883 2812 prrrrrsslulr

1045 2834 1086 2856 pro
1103 2827 1152 2850 solu
1172 2826 1305 2849 trauvrttntc.

1107 2865 1125 2878 ¹⁰
1143 2867 1200 2888 iuxta
1221 2865 1296 2886 tritum
1316 2863 1505 2886 scholasticorum
1524 2862 1624 2884 axioma:
1642 2861 1756 2889 quidquid
1775 2860 1882 2888 recipitur

1044 2912 1085 2934 per
1103 2905 1197 2927 modum
1216 2903 1345 2931 recipientis
1363 2902 1479 2929 recipitur.

1108 2945 1123 2958 ¹1
1143 2943 1267 2971 l‘iopositio
1286 2941 1392 2964 Clo-istus
1411 2947 1511 2969 iutimlue
1528 2944 1568 2962 etc.
1587 2942 1660 2961 sumtu
1679 2942 1712 2961 ost
1729 2945 1755 2960 cx
1775 2939 1798 2960 l).

1764 2985 1787 3006 17

1901 1415 1977 1434 Divisio.

1900 1869 1944 1887 Pars
1956 1869 1970 1887 1.

1900 2522 2012 2540 subdivisio.
