2243 3348
13 278 15 291 l

13 292 15 308 l

13 355 15 378 l

13 385 15 395 l

29 371 67 391 Divi
70 371 103 390 sio.

12 558 15 578 l

13 579 15 589 Ι

10 616 15 656 l

0 658 5 678 ἱ
9 650 102 699 ἓῗὶειῖἰοῖἶ,

9 698 34 724 tis
42 699 101 716 aeter-

13 725 15 737 l
23 726 64 740 uae.

0 2149 13 2169 Β
20 2150 91 2170 alvisio.

2 2431 14 2478 *A

4 2528 22 2543 m
34 2526 75 2545 luce

6 2561 10 2567 .
19 2550 62 2568 idei.

855 193 896 221 DE
918 193 943 221 S.
967 192 1135 221 DOMlNlCO.

122 274 251 308 tanquam
274 271 300 299 in
323 270 400 299 stella
428 270 579 299 clarissima
606 271 785 305 effulserunt3
807 271 866 300 ideo
893 273 966 299 recte

121 317 292 355 propositum
309 317 424 346 verbum
446 317 478 345 ad
502 317 610 346 laudem
625 317 712 353 ipsius
732 321 886 347 assumtum
909 321 965 351 est,

120 365 148 393 in
169 372 225 401 quo
247 364 335 400 primo
358 363 485 392 laudatur
510 372 526 392 a
555 364 653 392 veraci
678 364 871 400 speculatione
892 363 966 392 lucis

121 414 264 443 aeternae,
290 417 354 439 cum
375 409 492 438 dicitur:
515 410 667 446 Sapientia
688 409 814 439 bominis
835 410 907 439 lacet
935 410 966 438 in

120 457 202 486 vultu-
223 457 300 491 eiam
322 456 451 490 secundm
473 464 488 484 a
509 456 592 485 virili
611 457 674 485 cius·
690 457 894 485 exercitatione
908 457 965 485 vir-

121 504 190 532 tutis
212 503 356 541 perfectae,
378 511 441 532 cum
464 503 608 532 subditur:
630 507 655 531 et
679 503 900 532 Potentissinms
917 502 965 540 sa.-

119 550 190 579 ciem
211 550 291 578 illins
312 549 508 578 commutabit.

199 597 215 625 l.
238 596 377 625 Laudatur
398 604 464 633 ergo
486 596 573 632 primo
599 604 614 624 a
636 597 724 625 veraci
753 597 814 625 eius
834 597 965 634 specula-

120 644 194 672 tione
214 643 288 672 lacis
314 647 464 676 aeternae,
493 650 556 671 cum
585 642 702 671 dicitur:
732 643 884 680 Sapientia
912 647 963 672 etc.

117 691 221 719 Lucere
249 690 321 719 enim
350 693 392 719 est
419 693 498 718 actus
528 689 611 723 lucis,
640 690 711 718 sicut
734 690 783 718 lux
811 690 964 726 corporalis

119 738 192 766 lucet
213 737 386 765 sensibiliter.
403 737 472 765 Haec
493 739 585 765 autem
602 736 652 765 lux
667 740 709 765 est
723 736 869 773 sapientia,
885 737 964 765 iuxta

118 783 186 812 illud
208 783 360 820 Sapientiae
382 783 499 820 septimo
512 784 536 811 ¹:
554 784 604 811 Est
619 783 693 811 enini
717 782 786 811 baec
807 784 964 820 speciosior

117 831 174 859 sole
195 834 219 859 el
239 839 329 867 saper
350 839 462 859 omnem
483 830 702 867 (lispositioi‘zem
719 830 882 863 stellarum,
905 830 965 859 laci

117 882 291 915 comparata
312 877 460 906 invenitur
480 878 573 914 prior.
603 878 785 914 Comparatur
813 877 885 906 enim
909 878 961 906 luci

118 927 171 953 tam
193 924 325 961 sapientia
346 924 479 952 increata
500 932 582 961 quam
605 928 723 957 creata,·
746 932 807 952 nam
830 924 963 952 increata

117 974 158 1000 est
186 971 235 999 lux
264 978 313 1007 per
342 970 503 1005 essentiam,
526 971 604 999 iuxta
628 971 694 999 illud
723 971 828 1007 primae
857 971 963 999 loannis

117 1018 221 1054 primo:
246 1018 321 1046 Dens
342 1017 394 1046 lux
415 1022 470 1051 est,
493 1021 519 1046 et
539 1017 670 1046 tenebrae
698 1018 727 1046 in
749 1026 779 1046 eo
807 1026 865 1046 nou
893 1021 962 1046 sant

116 1063 211 1097 ullae;
240 1064 344 1093 loannis
370 1064 473 1101 primo:
503 1065 574 1092 Erat
602 1064 654 1092 lna:
683 1072 752 1092 vera
774 1069 824 1093 etc.
856 1064 962 1092 Creata

115 1114 207 1139 autem
230 1114 270 1140 est
291 1111 342 1139 lux
368 1119 417 1148 per
445 1111 696 1147 participationem,
719 1111 871 1140 secundum
894 1110 962 1139 illud

116 1158 215 1187 Tobiae
236 1158 342 1187 decimo
364 1158 444 1187 tertio
459 1158 485 1187 2:
510 1159 583 1187 Lace
603 1158 757 1195 splendida
778 1157 920 1195 fulgebi&
935 1161 962 1186 et

114 1204 148 1233 ad
178 1205 363 1241 Philippenses
391 1205 527 1234 secundo:
550 1205 629 1233 [nter
658 1214 729 1243 quos
758 1205 857 1233 lacetis
885 1205 961 1233 sicat

115 1251 280 1280 luminaria
303 1252 332 1280 in
355 1252 463 1281 mundo
484 1256 535 1281 etc.
558 1252 795 1289 Quemadmodum
825 1252 874 1280 lux
898 1252 960 1280 visi-

114 1297 177 1326 bilis
204 1301 261 1327 tres
290 1298 374 1327 habet
393 1299 581 1335 operationes,
608 1299 711 1327 scilicet
738 1297 868 1336 effugare
888 1302 961 1327 lenc-

114 1343 195 1378 bras,
216 1343 408 1381 manifestare
422 1344 551 1382 formas,
574 1345 732 1382 laetificare
751 1346 894 1382 potentias
916 1354 961 1374 co-

112 1391 310 1429 gnoscitivcts;
331 1392 370 1420 sic
397 1395 424 1420 et
447 1392 495 1420 lux
525 1392 677 1429 spiritualis
697 1393 812 1421 lucendo
831 1397 960 1430 ραι-ραι,

115 1438 262 1467 illuminat
283 1442 310 1468 et
331 1444 522 1468 consummat.
547 1440 576 1468 Et
599 1440 648 1469 isle
663 1443 741 1469 actus
756 1440 905 1476 sapientiae
920 1442 962 1469 est

114 1489 167 1514 tam
191 1486 216 1514 in
244 1486 401 1515 hierarchia
422 1487 617 1523 supercaelesti
640 1495 722 1524 quani
744 1487 853 1516 caelesti
876 1496 958 1524 quam

113 1533 194 1561 etiam
216 1533 394 1567 subcaelesti;
417 1534 483 1562 haec
504 1537 556 1562 tam
579 1534 662 1562 estin
684 1534 739 1562 Deo
761 1543 843 1571 quam
861 1534 887 1562 in
909 1536 960 1562 An-

113 1579 173 1616 gelo
188 1588 271 1616 quam
289 1580 314 1608 in
330 1580 441 1609 homine
457 1584 576 1609 terreno.
594 1581 623 1608 Et
639 1581 736 1609 merito
748 1581 849 1609 dicitur
865 1580 959 1615 homo,

113 1626 232 1663 quando,
255 1627 407 1655 secundum
431 1627 565 1656 rationem
592 1627 702 1661 vivens,
730 1628 801 1665 gerit
823 1628 849 1656 in
879 1636 907 1657 se
930 1628 960 1656 il-

113 1673 166 1702 lius
186 1677 314 1703 aeternae
336 1674 405 1703 lucis
434 1683 486 1703 non
510 1675 598 1703 solum
622 1675 780 1712 imaginem
809 1683 858 1712 per
880 1678 960 1703 natu-

113 1728 171 1748 ram
194 1720 323 1755 inditam,
345 1729 441 1750 verum
471 1721 551 1750 etiam
574 1721 794 1750 similitudinem
818 1730 866 1758 per
897 1730 959 1759 gra-

114 1767 176 1795 tiam
199 1767 411 1804 superinfusam.
435 1768 509 1797 Unde
531 1772 605 1797 recte
626 1768 659 1797 de
682 1769 742 1797 lnce
762 1769 893 1804 (creatae)
916 1777 958 1798 sa-

112 1813 229 1850 pientiae
249 1814 413 1851 intelligitur
435 1815 500 1843 illud
518 1815 669 1852 Sapientiae
692 1816 822 1852 septimo:
841 1816 958 1845 Candor

111 1864 151 1889 est
172 1861 246 1890 lucis
267 1866 418 1895 aeternae,
448 1862 473 1890 in
497 1865 631 1899 quantum
656 1863 802 1900 purgativa
830 1871 879 1900 per
908 1872 958 1892 ex-

111 1908 264 1945 pulsionem
294 1909 488 1943 tenebrarum;
510 1909 660 1947 specillum
688 1910 750 1938 sine
772 1910 907 1944 macula,
930 1911 957 1939 in

111 1958 245 1992 quantum
263 1956 445 1985 illuminativa
460 1965 509 1993 pet·
525 1957 769 1986 manifestationem
786 1958 955 1993 formarum3

111 2002 209 2040 imago
231 2002 378 2036 bonitatis,
400 2003 427 2031 in
457 2007 591 2040 quantum
616 2004 765 2040 perfectiva
786 2013 835 2041 per
860 2005 955 2033 laetifi-

110 2049 244 2078 catiouem
277 2050 411 2079 virtutum
449 2051 706 2087 cognoscitivarum.
740 2052 770 2080 Et
800 2052 833 2080 ad
869 2052 955 2081 instar

110 2095 196 2132 ipsius
210 2096 279 2125 lucis
301 2100 408 2126 creatae
430 2098 513 2126 habet
535 2098 584 2126 lux
606 2098 755 2134 sapientiae
776 2099 802 2126 in
819 2099 897 2127 vultu
913 2107 954 2127 sa-

109 2143 208 2179 pientis
231 2143 348 2172 bominis
370 2144 495 2173 relucere
518 2145 678 2181 tripliciter:
706 2149 736 2173 ut
759 2145 807 2173 lux
830 2145 955 2174 creduli-

109 2190 178 2218 tatis
207 2190 338 2226 vivificae
359 2199 408 2228 per
436 2192 534 2225 fidem,
560 2200 631 2229 quae
660 2196 700 2221 est
729 2193 779 2221 lux
809 2193 954 2230 purgativa

109 2244 158 2273 per
173 2237 363 2273 expulsionem
380 2238 575 2273 tenebrarum;
598 2243 629 2267 ut
652 2239 702 2267 lux
718 2239 955 2268 ratiocinationis

106 2283 298 2319 praeclarae,
319 2292 390 2321 quae
411 2288 452 2313 est
469 2286 516 2314 lux
533 2286 713 2314 illuminativa
728 2294 777 2323 per
800 2286 954 2315 manifesta-

109 2330 209 2359 tionem
224 2330 394 2366 formarum;
417 2335 448 2361 ut
468 2332 517 2361 lux
533 2333 781 2369 contemplationis
796 2333 953 2367 incundae,

108 2385 179 2413 quae
199 2381 240 2406 est
262 2378 312 2406 lux
334 2378 482 2415 perfectiva
514 2387 562 2416 per
584 2379 788 2408 laetificationes
817 2380 952 2408 virtutum

108 2424 363 2460 cognoscitivarum.

186 2471 276 2500 Primo
299 2472 380 2501 babet
411 2473 461 2501 lux
492 2474 640 2510 sapientiae
669 2474 695 2502 in
725 2474 804 2503 vultu
835 2474 953 2503 hominis

108 2518 233 2547 relucere
264 2521 295 2547 ut
327 2519 376 2548 lux
405 2520 587 2549 credulitatis
617 2520 750 2557 vivificae
778 2529 827 2557 per
855 2521 952 2555 fidem,

107 2571 178 2600 quae
192 2568 233 2594 est
249 2565 298 2593 lux
313 2566 475 2603 parqcitioa
491 2575 540 2603 per
552 2568 743 2604 expulsionem
760 2568 952 2601 tenebrarum;

1811 195 1866 224 563

1022 271 1158 300 secundae
1179 271 1212 300 ad
1234 271 1390 301 Corinthios
1411 274 1534 310 quart0³
1556 274 1673 303 dicitur:
1697 275 1755 311 Qui
1775 276 1866 311 discit,

1022 317 1055 345 cle
1077 317 1199 345 tenebris
1221 318 1312 346 lacem
1333 319 1536 355 splendescere,
1559 320 1655 350 illaaeit
1678 322 1708 351 in
1729 324 1866 352 cordibus

1022 364 1131 392 nostris
1152 365 1192 393 acl
1206 365 1450 395 illuminationem
1471 367 1609 396 scientiae
1630 369 1776 399 claritatis
1800 372 1865 405 Dei,

1022 411 1052 439 in
1073 410 1151 448 facie
1167 410 1277 440 Christi
1295 412 1360 440 Iesu
1371 414 1392 441 4.
1410 414 1448 442 De
1462 418 1503 443 est
1518 414 1552 443 ibi
1570 415 1711 449 ordinale,
1727 425 1780 446 non
1796 427 1866 446 caa-

1021 457 1097 491 sale,
1119 458 1177 487 sive
1199 459 1339 488 materiale
1353 460 1381 493 ⁵,
1404 460 1476 489 sicut
1496 461 1605 490 dicitur.
1628 463 1667 492 De
1688 463 1773 492 nihilo
1798 465 1865 494 nihil

1022 504 1081 532 fieri
1104 507 1145 533 est
1175 513 1270 533 verum
1299 506 1471 541 cansa-liter,
1501 508 1546 536 sed
1576 509 1674 538 salsum
1700 513 1741 539 est
1768 511 1865 540 intelli-

1021 550 1109 587 gendo
1130 551 1315 585 ordinaliter,
1338 552 1421 581 immo
1444 554 1526 582 totius
1549 556 1697 592 sapientiae
1726 558 1866 586 subversi-

1021 605 1096 629 vum,
1118 597 1193 634 quia,
1215 598 1235 626 si
1254 599 1326 627 Deus
1342 602 1407 628 tunc
1423 601 1535 629 materia
1551 602 1685 639 indigeret
1707 604 1731 632 in
1751 605 1864 641 agendo,

1020 647 1092 673 esset
1114 644 1384 681 imperfectissimus3
1407 650 1433 675 et
1454 648 1474 676 si
1492 649 1605 677 materia
1626 658 1641 678 a
1663 659 1691 679 se
1713 652 1770 688 ipsa
1785 655 1864 686 esset,

1019 694 1091 719 esset
1114 691 1324 727 perfectissima,
1346 694 1419 729 quod
1442 698 1482 722 est
1504 695 1732 726 absurdissimum
1756 699 1782 727 in
1812 699 1865 728 line

1021 737 1104 765 totius
1125 738 1312 768 absurditatis.
1334 740 1397 768 Vult
1412 741 1496 777 igitur
1511 743 1654 778 Apostolus
1675 744 1775 778 dicere,
1791 746 1863 783 quod

1020 784 1099 818 sicut,
1123 785 1243 814 tenebris
1264 787 1449 816 existentibus
1469 796 1554 825 super
1570 790 1663 818 faciem
1679 792 1779 828 abyssi,
1794 793 1865 822 dixit

1021 830 1093 859 Deus
1107 831 1134 859 ⁶:
1158 832 1224 860 Fiat
1247 832 1308 865 lux,
1323 837 1350 861 et
1363 833 1445 870 facta
1460 838 1501 862 est
1522 835 1589 869 lux,-
1610 837 1657 870 sie,
1681 839 1800 867 tenebris
1821 848 1864 868 er-

1020 877 1092 905 roris
1119 878 1304 906 existentibus
1331 879 1358 907 in
1388 884 1478 909 mente
1506 882 1612 911 animae
1642 884 1772 918 infidelis,
1794 886 1865 914 dixit

1022 923 1109 951 Deus:
1133 924 1200 952 Fiat
1221 924 1282 958 lux,
1306 925 1377 959 fidei,
1393 927 1458 963 quia
1471 927 1542 963 fides
1561 937 1595 956 cm
1610 930 1726 963 audita,
1743 932 1864 960 (inditas

1018 974 1114 998 (tillem
1135 979 1189 1007 per
1209 972 1327 1000 verbnm
1346 972 1464 1007 Christi,
1486 975 1519 1003 ad
1541 976 1675 1005 Romanos
1696 978 1816 1013 decimo;
1838 983 1864 1008 et

1018 1017 1051 1046 tle
1072 1018 1125 1046 hoc
1146 1018 1229 1047 Isaiae
1251 1027 1337 1048 nono:
1362 1020 1502 1057 Populus,
1519 1023 1570 1060 qni
1584 1024 1755 1053 ambulabat
1776 1026 1806 1054 in
1828 1030 1864 1054 le-

1017 1064 1125 1099 ncbrz's,
1142 1066 1212 1094 vellit
1227 1066 1317 1094 lacent
1333 1076 1482 1105 magnam.
1498 1086 1533 1090 —
1547 1070 1614 1099 Haec
1629 1074 1720 1100 autem
1738 1073 1786 1101 lux
1804 1073 1863 1102 fidei

1017 1119 1071 1140 non
1094 1112 1183 1140 solum
1206 1116 1247 1141 est
1263 1114 1440 1143 tenebrarum
1456 1117 1618 1153 expulsiva,
1634 1118 1679 1146 sed
1702 1119 1782 1147 etiam
1799 1121 1864 1148 nni—

1018 1158 1088 1192 tiva‚
1110 1159 1175 1195 quia
1196 1160 1258 1187 unit
1278 1168 1327 1189 nos
1348 1161 1414 1190 fonti
1439 1163 1517 1197 vitae,
1539 1164 1663 1199 Christ03
1685 1166 1717 1194 ad
1736 1166 1864 1202 Ephesios

1018 1205 1099 1234 tertio
1114 1206 1140 1233 ⁷:
1166 1205 1313 1235 Clu-istum
1339 1206 1473 1237 babitare
1490 1218 1544 1246 per
1564 1210 1649 1246 sideni.
1675 1213 1705 1240 in
1727 1213 1864 1242 cordibus

1017 1252 1129 1280 vestris.
1153 1252 1213 1281 Ideo
1235 1257 1326 1282 autem
1349 1255 1425 1289 unit,
1448 1257 1512 1293 quia
1538 1258 1598 1286 unit
1621 1259 1731 1288 Veritati
1763 1268 1810 1297 per
1836 1269 1863 1290 se

1017 1302 1044 1328 et
1065 1299 1178 1328 Veritati
1208 1301 1277 1329 lucis
1302 1301 1511 1337 inaccessibilis,
1534 1305 1614 1341 quia,
1641 1307 1740 1334 «sicut
1767 1308 1864 1336 oculus

1018 1347 1219 1382 vespertilionis
1234 1356 1262 1376 se
1285 1349 1367 1377 habet
1388 1350 1422 1377 ad
1445 1350 1550 1385 lucem,
1574 1352 1610 1380 ita
1631 1361 1660 1381 se
1684 1354 1764 1382 habet
1786 1355 1863 1383 intel-

1018 1394 1104 1422 lectus
1128 1397 1219 1423 noster
1241 1395 1273 1423 ad
1291 1396 1512 1426 manifestissima
1534 1402 1649 1427 naturae
1664 1412 1691 1433 »‚
1714 1401 1784 1429 sicut
1799 1402 1861 1430 dicit

1017 1440 1199 1477 Philosophus
1214 1442 1335 1471 secundo
1351 1443 1599 1480 tiletaphysicorum
1613 1446 1632 1473 ⁸.
1649 1447 1723 1475 Unde
1734 1447 1799 1476 dicit
1811 1450 1863 1477 Au·

1016 1488 1144 1523 gustinus
1160 1488 1248 1524 primo
1263 1489 1296 1517 de
1312 1490 1444 1519 Trinitate
1457 1491 1482 1517 ⁹:
1503 1504 1516 1516 «
1530 1492 1625 1520 Mentis
1641 1493 1777 1523 humanae
1792 1495 1862 1524 aries

1017 1534 1134 1562 invalida
1156 1535 1181 1562 in
1207 1539 1258 1563 tam
1281 1537 1425 1565 excellenti
1451 1538 1510 1566 luce
1534 1547 1585 1567 non
1608 1540 1711 1576 ligitur,
1734 1541 1784 1569 nisi
1814 1550 1862 1578 per

1017 1580 1147 1609 iustitiam
1172 1582 1231 1610 [idei
1255 1586 1438 1619 vegetetur».
1462 1584 1596 1620 Quoniam
1622 1586 1705 1622 igitur
1727 1587 1794 1616 fides
1822 1592 1861 1616 est

1017 1627 1107 1663 prima
1128 1628 1304 1657 conformitas
1320 1629 1353 1657 ad
1376 1630 1464 1658 lucem
1487 1631 1571 1665 illam,
1594 1640 1664 1668 quae
1686 1636 1727 1661 est
1742 1633 1802 1662 sous
1824 1634 1861 1662 vi-

1018 1678 1074 1707 tae;
1097 1675 1156 1704 ideo
1179 1675 1261 1704 habet
1283 1676 1412 1705 virtutem
1435 1678 1583 1713 generandi
1612 1678 1688 1714 lilios
1709 1680 1798 1714 lueis,
1821 1689 1861 1710 se-

1015 1721 1137 1750 cundum
1160 1722 1226 1750 illud
1250 1723 1355 1751 loannis
1376 1723 1553 1752 duodecimo:
1578 1726 1651 1754 Dicin
1669 1726 1759 1755 lacent
1781 1727 1861 1757 liabe-

1015 1769 1061 1802 ti-s',
1084 1769 1189 1797 credite
1210 1770 1242 1797 in
1263 1769 1364 1803 lucent,
1382 1774 1412 1798 ul
1427 1770 1483 1807 filii
1497 1771 1570 1799 lucis
1584 1773 1656 1800 silis:
1673 1790 1711 1794 —-
1727 1774 1795 1803 Haec
1812 1775 1859 1803 lux
1879 1781 1897 1798 s.
1913 1780 1996 1799 Domint

1015 1815 1090 1844 fulsit
1113 1816 1139 1843 in
1165 1816 1243 1844 vultu
1266 1816 1336 1845 beati
1353 1817 1501 1851 Dominici;
1524 1827 1585 1847 nam
1609 1820 1699 1856 ipsum
1718 1823 1860 1858 generavit
1917 1809 1956 1822 Μ’

1013 1862 1107 1898 silium
1130 1862 1203 1891 laci-5
1234 1867 1261 1892 et
1292 1872 1341 1900 per
1363 1864 1452 1901 ipsum
1484 1874 1612 1895 errorum
1640 1868 1766 1896 tenebras
1792 1869 1858 1897 effu-

1013 1909 1094 1945 gavit.
1119 1909 1179 1938 ldeo
1200 1910 1252 1938 sub
1267 1910 1368 1947 duplici
1385 1911 1563 1941 similitudine
1584 1915 1712 1950 apparuit
1734 1915 1793 1944 eius
1814 1924 1858 1944 or-

1015 1959 1067 1990 tus,
1089 1957 1191 1985 scilicet
1212 1957 1308 1985 stellae
1329 1961 1355 1986 et
1376 1957 1511 1995 fitculae:
1533 1960 1643 1994 stellae,
1666 1965 1696 1989 ut
1719 1961 1744 1989 iu
1767 1970 1795 1991 se
1817 1963 1858 1991 lu-

1013 2004 1114 2037 centis;
1135 2002 1264 2041 faculae,
1288 2007 1319 2032 ut
1339 2005 1407 2033 alios
1428 2005 1631 2035 inflammantis.

1091 2051 1215 2079 Secundo
1238 2051 1319 2080 habet
1341 2052 1465 2081 relucere
1495 2057 1526 2081 ut
1553 2054 1600 2081 lux
1624 2055 1858 2084 ratiocinationis
1876 2061 1993 2089 Damoeta-

1008 2097 1184 2134 praeclarue
1197 2098 1235 2131 ¹⁰,
1257 2106 1328 2134 quae
1344 2102 1384 2127 est
1399 2099 1581 2128 illuminativa
1599 2109 1648 2137 per
1664 2102 1857 2131 mauil‘estatio-
1869 2087 2001 2104 mmmm*

1012 2152 1073 2173 nem
1094 2143 1265 2181 formarum
1287 2148 1314 2173 et
1334 2146 1512 2182 apertionem
1534 2147 1725 2182 scientiaru1u3
1748 2149 1781 2177 de
1803 2158 1854 2186 qua

1013 2192 1087 2225 luce,
1111 2192 1228 2220 Danielis
1250 2192 1370 2220 secundo
1387 2194 1425 2220 ¹¹:
1450 2194 1512 2230 lpse
1533 2194 1638 2222 revelat
1657 2195 1811 2231 prositmla
1832 2201 1855 2225 ct

1011 2238 1181 2267 abscondita
1202 2242 1226 2266 ct
1248 2239 1328 2267 novit
1348 2239 1378 2267 in
1407 2239 1529 2268 tenebris
1553 2241 1725 2276 constituta,
1752 2247 1776 2270 el
1804 2243 1855 2271 luat

1010 2294 1076 2313 cani
1099 2294 1128 2313 eo
1150 2289 1198 2313 est.
1214 2285 1281 2313 Cum
1298 2286 1370 2314 enim
1386 2286 1489 2322 duplex
1506 2287 1540 2315 sil
1558 2296 1645 2324 genus
1666 2296 1780 2324 operum
1799 2289 1854 2323 Dei,
1873 2296 1943 2320 vnvm
1957 2302 1987 2320 ee*

1010 2332 1075 2369 quia
1096 2332 1229 2369 quaedam
1253 2336 1317 2360 sunt
1345 2340 1429 2368 opera
1449 2334 1621 2367 creationiS,
1653 2335 1786 2371 quaedam
1811 2345 1853 2363 re·
1868 2325 1991 2362 ⁰⁸¹⁵t‘331efum

1011 2379 1184 2412 crean'onts;
1205 2379 1238 2407 de
1261 2379 1356 2415 primis
1384 2383 1424 2408 est
1454 2380 1640 2417 philosophia,
1669 2381 1702 2410 de
1728 2383 1854 2411 secundis

1011 2426 1161 2463 theologia;
1184 2426 1273 2462 prima
1294 2429 1419 2463 spectant
1443 2427 1475 2455 ad
1498 2431 1643 2461 naturam;
1663 2429 1793 2463 secunda,
1821 2430 1853 2458 ad

1010 2474 1142 2510 gratiam3
1165 2474 1254 2510 prima
1282 2477 1346 2502 sunt
1371 2473 1544 2511 profunda,-
1570 2475 1705 2509 serunda,
1734 2476 1853 2505 abscon-

1010 2521 1090 2553 aita;
1108 2523 1227 2557 utraque
1247 2520 1349 2549 revelat
1370 2520 1461 2549 divina
1477 2521 1627 2557 Sapientia,
1644 2522 1690 2550 setl
1707 2523 1793 2559 prima
1810 2531 1853 2552 re·
1895 2531 1967 2558 ramo„

1011 2567 1081 2595 velat
1093 2575 1141 2603 per
1152 2575 1333 2595 commanent
1349 2567 1602 2602 illnniinationcm,
1618 2569 1769 2597 secundum
1786 2570 1852 2598 illud
1869 2559 1985 2596 iicl‘ss‘iin'i'ffl‘ii'g.

1893 1078 1932 1096 Duo
1947 1078 1990 1097 lidei

1896 1102 1978 1120 effeetus.

170 2757 177 2769 ¹
196 2758 260 2780 Vers.
279 2759 320 2785 :293
338 2762 466 2787 sequuntur
484 2760 497 2781 1.
517 2760 576 2782 loan.
598 2761 615 2787 1,
633 2761 653 2782 5.
672 2764 693 2783 et
711 2762 770 2783 loun.
791 2762 810 2788 t,
827 2762 849 2784 9.

169 2795 178 2808 ²
196 2796 261 2819 Vers.
284 2797 321 2825 133
338 2801 468 2825 sequuntur
485 2798 541 2820 Phil.
559 2799 581 2826 ⁴2,
603 2799 637 2821 15.
654 2803 676 2821 et
694 2800 745 2827 Sap.
763 2801 785 2827 7,
803 2801 839 2822 26.

169 2834 178 2847 ³
196 2835 261 2857 Vers.
279 2836 300 2857 6.

169 2873 178 2885 ⁴¹
196 2874 236 2895 llic
254 2874 332 2901 incipit
350 2875 402 2897 cod.
420 2875 445 2897 U.

156 2912 178 2925 '⁵
195 2913 240 2935 Csr.
258 2914 280 2935 11.
299 2914 359 2935 Sent.
378 2914 401 2935 (1.
423 2915 441 2935 1.
458 2920 481 2942 p.
499 2915 513 2936 l.
530 2921 551 2936 a.
573 2915 590 2937 l.
607 2921 630 2943 q.
654 2917 671 2936 1.
688 2916 717 2938 ad
736 2916 758 2938 6.

169 2951 178 2963 ‘⁵
195 2953 249 2974 (jeu.
273 2953 290 2979 l,
308 2953 334 2979 33
352 2956 479 2981 sequuntur
497 2954 563 2975 Rom.
585 2954 618 2981 10,
642 2954 674 2976 17.
692 2958 713 2976 et
729 2955 777 2977 lsai.
795 2956 816 2982 9,
836 2956 855 2977 Ξ.

169 2989 177 3003 ⁷
196 2992 258 3013 Vers.
281 2991 313 3013 17.

1071 2760 1080 2772 ⁵
1098 2762 1160 2783 Text.
1183 2762 1201 2783 l.
1220 2761 1320 2788 brevior,
1338 2769 1358 2783 c.
1382 2763 1397 2783 1.

1071 2798 1080 2811 9
1097 2800 1152 2827 Cap.
1171 2801 1192 2821 ·2.
1211 2806 1231 2821 n.
1251 2800 1276 2825 l:
1295 2802 1334 2822 cfr.
1352 2801 1446 2827 Bonan,
1464 2804 1518 2822 tom.
1540 2801 1552 2822 l.
1577 2807 1629 2828 pag.
1654 2801 1689 2828 46.
1712 2805 1765 2822 nota
1784 2802 1805 2823 2.
1823 2814 1852 2817 —

1009 2839 1116 2867 Sequitur
1134 2840 1194 2860 ioan.
1216 2839 1248 2865 1-2,
1267 2839 1303 2861 36.

1072 2877 1090 2889 ¹⁰
1109 2878 1139 2899 De
1157 2878 1267 2904 doctrina,
1285 2884 1345 2906 quae
1368 2878 1478 2906 sequitur,
1500 2879 1539 2899 cfr.
1563 2878 1686 2905 praecipue
1711 2877 1733 2899 in
1752 2881 1806 2900 toni.
1827 2879 1851 2901 V.

1009 2918 1101 2939 Sermo:
1120 2916 1228 2939 Christus
1252 2922 1313 2939 unus
1337 2916 1443 2939 omniurn
1463 2916 1582 2945 Mayisler.
1607 2923 1658 2944 pag.
1678 2917 1722 2938 568
1749 2923 1770 2939 u.
1788 2918 1851 2944 2-10,

1010 2954 1047 2976 ubi
1066 2955 1132 2976 ctiam
1151 2961 1215 2983 seqq.
1234 2954 1276 2976 lot-i
1294 2955 1412 2982 Augustini
1431 2958 1561 2982 oet-urrant,
1579 2958 1601 2977 et
1619 2961 1672 2983 pag.
1690 2955 1742 2980 570,
1761 2959 1812 2977 uota
1830 2956 1851 2983 7,

1010 2993 1048 3015 ubi
1067 2994 1103 3015 alii
1122 2994 1296 3015 Bouaxenturae
1314 2994 1355 3015 loci
1375 2994 1477 3016 citantur.
1694 2994 1711 3006 ¹¹
1733 2995 1796 3017 Vers.
1814 2996 1850 3017 22.
