2243 3348
282 512 309 531 De
321 516 385 530 conce-

304 535 368 559 paone

299 559 370 582 quarm.

271 930 298 948 De
310 928 389 948 accidia.

277 1069 304 1088 De
317 1069 388 1092 quinta.

269 1489 296 1507 De
308 1488 392 1507 avaritia.

290 1768 317 1787 De
330 1770 388 1787 sexta.

305 2467 331 2485 De
345 2468 393 2490 gula.

408 196 463 224 666

407 280 478 310 quae
497 270 633 307 «impedit
647 269 780 302 animum,
794 275 829 296 ne
844 267 929 304 possit
949 272 1063 294 cernere
1085 271 1182 293 verum
1194 264 1201 280 ¹
1214 273 1245 297 »3

407 319 440 348 de
455 325 509 355 qua
522 316 623 345 dicitur
634 315 661 343 in
675 314 795 343 Psalmo:
811 314 889 346 Eece,
899 311 1044 349 parturiit
1058 309 1246 342 iniustitiam,

408 364 533 401 ecmeepit
553 362 679 391 dolorem
703 364 728 389 et
752 361 862 397 peperit
884 358 1073 396 iniquitatem.
1099 356 1185 385 Dolor
1206 359 1247 384 est

408 410 561 440 communis
576 409 632 437 irae
647 412 672 436 et
689 407 813 440 invidiae,
828 406 874 435 sed
890 405 990 433 invidia
1008 406 1158 441 generatur
1172 402 1247 439 prin-

407 457 529 494 cipaliter
544 456 570 484 in
590 455 700 491 (bonis),
716 454 755 482 ira
775 461 811 481 ex
832 453 924 489 aliqua
944 451 1046 480 iniuria
1066 450 1107 479 vel
1129 449 1246 482 offensa,

407 508 525 540 utraque
537 506 626 531 tamen
642 500 795 529 ostenditur
806 503 887 528 extra
897 499 917 526 2.
930 514 966 519 —
978 498 1083 533 Quarto
1096 495 1247 533 spiritualis

408 552 497 580 anima
518 548 635 585 concipit
648 548 750 575 donum
765 545 960 583 fertilitati-nic,
976 544 1048 581 quod
1064 543 1246 580 significatum

407 600 448 626 est
462 597 488 624 in
504 602 593 624 uxore
604 594 709 622 illa-nuc
723 592 818 625 sterili,
830 592 863 620 de
878 599 932 628 qua
946 591 1047 619 dicitur
1063 589 1185 617 ludicum
1201 588 1247 616 de-

406 644 476 672 cimo
497 642 577 671 tertio
588 641 615 669 ³:
633 641 687 669 Cui
700 639 844 676 apparuit
860 637 987 675 Anyelus
1004 636 1120 665 Domini
1134 639 1159 663 et
1173 634 1247 663 ‹ttaett

406 690 445 718 att
465 696 545 717 eam:
565 687 677 716 Sterilis
697 694 725 714 es
746 689 772 713 et
792 684 899 722 absque
913 683 1029 715 liberis,-
1042 682 1091 710 sect
1105 680 1247 717 concipies

406 740 431 764 et
448 735 549 772 par-tes
569 733 681 770 fitium,-
702 735 729 760 et
751 734 843 768 postea
864 730 1006 767 sequitur,
1028 728 1101 765 quod
1123 726 1247 762 concepit

406 786 433 811 et.
450 781 560 819 peperit
580 780 674 817 filium
696 778 862 816 vocavitque
886 785 987 805 nomen
1013 776 1076 804 eius
1105 775 1245 806 Samson,

405 830 432 857 in
454 837 509 866 (1110
530 828 635 856 ratione
656 834 722 855 suae
736 824 904 853 fortitudinis
919 823 996 852 valde
1010 823 1148 859 eleganter
1164 819 1247 857 signi-

406 876 504 904 ficatur
526 875 627 903 donum
643 871 819 905 fortitudinis,
835 870 907 907 quod
930 869 1063 898 habemus
1078 876 1113 896 ex
1130 868 1192 895 Deo.
1211 883 1247 886 ——

406 922 473 951 Huic
494 920 642 958 opponitur
663 918 803 954 conceptio
825 917 937 954 spiritus
960 915 1100 948 accidiae,
1123 914 1166 942 cui
1182 915 1247 942 sunt

406 969 496 997 omnia
518 967 667 1000 laboriosa;
688 966 722 994 de
743 973 798 1002 qua
820 964 902 993 Isaiae
915 962 1144 1000 quinquagesimo
1159 968 1246 989 nono:

410 1016 605 1052 Coueeperunt
626 1013 752 1041 laborem
773 1016 797 1040 et
811 1014 983 1048 pepererunt
998 1009 1179 1046 iniquitatem
1195 1010 1246 1036 etc.

406 1080 443 1084 —
458 1062 558 1098 Quinto
576 1061 666 1089 anima
681 1059 798 1095 concipit
812 1058 914 1086 donum
937 1056 1060 1089 consilii,
1076 1055 1148 1092 quod
1164 1053 1247 1091 signi-

407 1109 504 1137 ficatur
525 1107 551 1135 iu
574 1105 749 1142 conceptione
772 1106 884 1137 Amzae,
907 1103 987 1140 primi
1004 1103 1105 1139 Regum
1122 1100 1246 1138 primo⁴z

408 1154 538 1191 Concepit
560 1155 648 1181 Arma
668 1155 692 1179 et
710 1151 820 1188 peperit
841 1150 935 1187 silium
957 1149 1124 1186 vocavitque
1145 1156 1246 1176 nomen

405 1202 467 1230 eius
489 1200 622 1233 Samuel,
644 1208 674 1227 eo
696 1199 772 1236 quod
793 1206 812 1226 a
836 1197 956 1225 Domino
977 1195 1150 1233 postulasset
1171 1202 1246 1222 eum.

406 1250 455 1277 Per
468 1247 594 1280 Samuel,
609 1247 669 1284 qui,
686 1255 704 1274 a
721 1245 842 1273 Domino
857 1244 1030 1281 postulatus,
1048 1243 1161 1270 Domino
1175 1241 1247 1270 ohla-

406 1300 465 1329 tus‚
488 1295 610 1323 Domino
631 1292 818 1322 ministrabat
839 1295 865 1320 et
887 1300 936 1328 pro
957 1290 1030 1319 omni
1055 1290 1133 1318 lsrael
1157 1290 1245 1325 ipsum

406 1342 573 1375 consulebat,
597 1344 668 1369 recte
691 1339 851 1376 intelligitur
872 1339 974 1366 donum
997 1337 1114 1370 consilii,
1130 1336 1203 1373 (111011
1220 1336 1246 1364 111

406 1389 519 1417 Domino
530 1388 609 1416 debet
621 1386 755 1418 collocari.
768 1385 917 1414 secundum
931 1384 997 1412 illud
1007 1384 1106 1412 Tobiae
1115 1386 1214 1419 quarto
1222 1383 1246 1410 5:

405 1436 472 1464 Pete
493 1435 528 1463 ab
550 1443 590 1467 eo,
613 1437 643 1461 ut
664 1433 729 1461 vitas
751 1436 818 1460 tuas
833 1432 955 1468 diriyat,
971 1434 995 1459 et
1010 1431 1109 1458 omnia
1124 1429 1247 1458 consilia

406 1487 458 1511 tua
474 1482 502 1510 in
518 1482 579 1518 ipso
596 1483 793 1517 permaneant.
809 1495 846 1498 —
862 1478 928 1506 Huic
942 1478 1090 1514 opponitur
1106 1476 1247 1513 conceptio

405 1529 518 1566 spiritus
539 1527 698 1560 ctettritiae,
720 1533 790 1562 quae
811 1525 910 1553 divinis
931 1524 1051 1553 consiliis
1072 1523 1246 1557 contradicit,

404 1576 436 1604 de
458 1583 512 1612 qua
533 1577 620 1611 potest
642 1573 754 1609 intelligi
778 1572 844 1600 illud
872 1572 953 1600 isaiae
982 1571 1120 1608 trigesimo
1149 1570 1245 1599 tertio:

406 1621 575 1658 Concipiens
597 1620 743 1652 ardorem,
765 1619 867 1647 scilicet
892 1618 1031 1652 avaritiae,
1050 1617 1175 1654 parietis
1196 1616 1247 1645 sti-

404 1668 521 1705 pulam,
544 1667 682 1704 pecuniae.

482 1716 565 1743 Sexto
587 1713 736 1750 spiritualis
757 1713 847 1741 anima
868 1713 986 1748 concipit
1013 1712 1116 1740 donum
1142 1711 1247 1740 intelte-

405 1766 483 1795 ctus,
505 1761 578 1798 quod
593 1760 763 1797 significatur
780 1760 804 1787 in
821 1760 995 1796 conceptione
1011 1758 1135 1787 mulieris
1150 1759 1246 1787 Suna-

406 1809 532 1842 mitidis,
554 1808 587 1836 de
608 1815 663 1844 qua
676 1807 777 1835 dicitur
792 1807 882 1843 quarti
899 1807 1001 1843 Regum
1017 1809 1117 1842 quarto
1128 1806 1154 1833 ‘¹2
1175 1805 1246 1834 Con-

407 1856 477 1893 cepit
498 1855 603 1883 mulier
631 1859 655 1882 et
684 1854 792 1890 peperit
823 1853 915 1889 silium
948 1854 974 1881 in
1009 1857 1133 1890 tempore
1164 1856 1187 1881 et
1216 1853 1247 1880 in

407 1901 477 1930 hora
501 1901 609 1934 eadem,
631 1909 691 1938 (lua
711 1900 827 1928 dixerat
852 1900 969 1928 Eliseus.
992 1900 1025 1928 Ut
1046 1899 1157 1936 plurimi
1174 1907 1246 1928 asse-

406 1952 480 1981 runt,
502 1948 575 1976 lilius
596 1948 669 1975 1111113
691 1947 814 1975 mulieris
835 1946 886 1974 fuit
908 1947 996 1980 lonas⁷
1018 1947 1064 1983 qui
1088 1946 1185 1975 habuit
1206 1946 1248 1974 in-

406 1996 544 2024 tellectum
577 1999 706 2031 tanquam
730 1994 864 2030 Propheta
888 1997 914 2022 et
936 1993 1107 2030 praedicator
1128 2002 1181 2021 non
1205 2002 1247 2022 so-

406 2042 463 2070 lum
486 2042 657 2074 ludaeorum,
679 2041 725 2069 sed
747 2041 827 2069 etiam
849 2041 991 2077 gentilium
1013 2044 1039 2069 et
1054 2041 1247 2074 Ninivitarum,

406 2089 453 2125 (101
475 2088 507 2116 ad
530 2088 589 2117 eius
611 2088 838 2124 praedicationem
860 2087 892 2116 ad
912 2088 998 2116 Deum
1026 2088 1151 2116 conversi
1173 2091 1246 2116 30111.

408 2136 438 2163 Et
459 2135 598 2172 signanter
620 2135 720 2171 legitur
742 2135 794 2168 ibi,
816 2134 888 2171 quod
912 2135 1011 2163 mulier
1032 2135 1156 2171 concepit
1185 2143 1247 2171 pro-

407 2185 467 2218 pter
489 2182 713 2218 hospitalitatem,
734 2189 816 2217 quain
833 2181 1000 2209 exhibuerat
1016 2181 1110 2215 Eliseo,
1126 2182 1200 2218 quia,
1218 2184 1247 2209 ut

406 2228 471 2256 dicit
491 2228 639 2264 Gregorius
650 2228 670 2261 ⁷,
693 2235 741 2264 per
763 2228 865 2256 bonum
881 2228 1045 2256 exercitium
1064 2228 1170 2264 pietatis
1186 2236 1247 2264 per-

407 2275 516 2303 venitur
537 2275 569 2303 ad
592 2275 758 2303 intellectum
781 2275 917 2308 veritatis3
944 2275 1063 2311 alioquin
1094 2275 1248 2303 intellectus

408 2322 464 2350 sine
485 2322 641 2358 operatione
666 2325 707 2350 est
738 2322 869 2350 talentum
902 2322 1056 2358 singulare,
1089 2323 1160 2358 quod
1193 2331 1246 2350 non

408 2368 614 2404 multiplicatur,
630 2369 675 2396 sed
691 2376 726 2396 ex
742 2369 801 2396 eius
815 2368 956 2396 occasione
976 2369 1121 2397 damnatur
1137 2369 1181 2398 ille
1203 2370 1246 2397 cui

409 2414 597 2448 committitur,
613 2414 683 2442 sicut
697 2414 798 2442 dicitur
813 2414 939 2442 Matthaei
956 2415 1085 2451 vigesimo
1100 2415 1197 2451 quinto
1214 2415 1248 2443 de

410 2468 488 2488 servo
511 2461 594 2497 pigro.
611 2478 647 2481 —
663 2461 729 2489 Huic
744 2461 891 2497 opponitur
907 2461 1046 2497 conceptio
1067 2461 1180 2498 spiritus
1193 2470 1247 2499 yu-

410 2506 462 2540 1110,
484 2506 516 2534 de
537 2515 591 2543 qua
606 2510 694 2543 potest
709 2507 819 2543 intelligi
837 2507 901 2535 illud
919 2507 963 2535 lob
979 2508 1108 2544 vigesimo
1123 2509 1246 2544 111-101οἣ

411 2553 466 2580 Bos
487 2553 612 2588 concepit
632 2557 655 2581 et
677 2562 734 2581 non
755 2553 901 2586 abortivit,
926 2554 975 2581 hoc
998 2557 1070 2582 recte
1087 2555 1247 2591 intelligitur

472 2700 478 2712 ¹
499 2701 555 2722 Vide
573 2707 641 2728 supra
661 2707 712 2728 pag.
731 2701 788 2728 5211,
806 2705 881 2723 notum
901 2702 924 2728 ·‘i;
944 2703 1046 2730 sequitur
1065 2704 1097 2726 Ps.
1115 2704 1137 2730 7,
1160 2705 1193 2726 15.

471 2738 479 2750 ²
498 2739 553 2761 tjotl.
570 2740 663 2761 Ttulcrt.
681 2739 739 2761 henc-
763 2741 828 2768 legit:
850 2740 951 2769 effluxu.
970 2743 1046 2764 tamen
1068 2742 1157 2765 molunt
1181 2743 1250 2772 offert

409 2777 552 2806 eremplum.

472 2816 480 2829 ³
500 2818 562 2839 Yers.
580 2818 599 2839 3.
618 2822 639 2840 01
657 2818 708 2840 dein
727 2825 749 2840 v.
767 2818 808 2845 ‘243
826 2820 929 2847 sequitur
947 2820 994 2841 lsai.
1012 2820 1052 2847 59,
1075 2820 1091 2842 t.

470 2856 479 2867 ‘¹
499 2857 562 2878 Vei-s.
580 2858 621 2883 -20;
639 2857 691 2879 (10111
709 2858 861 2885 respiciuntur
876 2865 897 2880 v,
911 2859 947 2885 225,
964 2865 983 2881 e.
996 2859 1021 2886 3,
1038 2860 1054 2880 1.
1068 2863 1086 2881 et
1107 2860 1127 2886 8,
1145 2860 1182 2881 21.
1200 2866 1247 2888 seq.

471 2894 480 2906 ⁵
498 2895 561 2917 Versu
580 2897 621 2922 '203
639 2896 741 2924 sequitui·
759 2897 808 2918 1301.
825 2897 865 2923 33,
888 2898 920 2919 11.

471 2933 480 2945 ⁰
498 2934 562 2956 Vers.
584 2935 621 2959 l7;
638 2935 689 2957 ‹leiu
708 2936 828 2963 respicitur
847 2937 911 2958 lonae
929 2938 954 2963 3.
973 2937 993 2959 4.
1010 2943 1075 2966 seqq.

472 2973 480 2986 ⁷
498 2972 541 2994 Cir.
560 2974 582 2995 tt.
600 2974 680 2995 11011111.
698 2975 719 2996 111
739 2976 815 2996 litet-li.
839 2976 915 2997 homil.
933 2976 954 2997 7.
972 2983 993 2997 n.
1012 2977 1038 2998 7:
1059 2985 1069 2996 <z
1083 2977 1122 2998 t'er
1141 2977 1247 3004 pietatem

1919 146 1925 178 i

992 186 1164 216 SERMONES
1185 186 1228 214 DE
1250 186 1278 213 B.
1301 184 1432 213 VIRGINE
1453 182 1559 211 MARtA.

1303 261 1337 290 de
1351 261 1456 298 guloso,
1471 260 1518 297 qui
1540 259 1573 288 ad
1589 259 1701 288 modum
1716 260 1793 288 bovis
1807 259 1877 289 duos
1891 259 1973 289 habet
1988 263 2106 296 ventres,
2121 264 2147 291 et

1304 308 1384 336 cuius
1404 309 1500 336 venter
1518 306 1650 335 dilatatur
1671 314 1706 335 ex
1729 306 1913 335 ruminatione
1927 307 1990 335 cibi.
2005 307 2077 336 Talis
2092 308 2147 344 pri-

1305 356 1386 382 vatur
1408 353 1558 386 intellectu,
1572 353 1638 389 quia
1658 353 1760 381 dicitur
1782 353 1864 381 Isaiae
1886 353 2016 390 vigesimo
2036 356 2146 383 octavo:

1306 401 1395 436 Quem
1416 399 1523 428 docebit
1544 399 1695 427 seientiam
1716 403 1742 427 et
1766 407 1849 437 quem
1878 399 2034 437 intelligere
2060 399 2148 437 saciet

1305 446 1462 475 auditum?
1485 445 1653 474 Ablactutos
1675 454 1694 474 a
1715 446 1801 480 laete,
1817 445 1934 474 avulsos
1949 446 1985 474 ab
2001 446 2146 476 uberibus.

1304 511 1343 515 —
1363 494 1485 530 Septimo
1506 492 1659 529 spiritualis
1679 493 1770 521 anima
1784 493 1902 530 concipit
1916 493 2019 522 donum
2033 493 2148 530 sapien-

1305 542 1378 574 tiae,
1400 540 1473 577 quod
1495 539 1678 576 significatum
1694 539 1747 567 fuit
1760 539 1787 567 in
1802 540 1979 576 conceptione
1995 539 2147 574 Elisabeth,

1303 587 1337 615 de
1358 594 1414 623 qua
1434 586 1536 614 dicitur
1557 586 1645 614 Lucae
1668 586 1757 622 primo
1769 585 1789 620 ⁹,
1811 586 1886 623 quod
1906 586 2033 623 concepit
2056 586 2148 615 Elisa—

1305 632 1366 661 beth
1387 637 1411 661 et
1432 632 1596 661 occultabat
1616 641 1645 660 se
1675 632 1823 661 mensibus
1853 633 1988 671 qui-nque.
2020 632 2149 670 Concepit

1304 680 1401 717 utique
1423 680 1561 714 Ioannem7
1576 679 1623 716 qui
1639 687 1693 707 non
1709 682 1816 708 tantum
1834 678 1990 717 Propheta,
2006 679 2052 709 sed
2067 679 2147 709 etiam

1302 726 1370 763 plus
1392 734 1481 764 quam
1504 724 1666 763 Propheta,
1688 726 1753 762 quia
1774 726 1924 763 sapientiae
1944 726 2046 755 donum
2068 734 2149 756 exce-

1303 773 1343 801 dit
1363 780 1471 801 omnem
1494 772 1578 801 alium
1611 772 1790 809 cognosce-ndi
1825 773 1945 801 modum.
1976 773 2006 801 Et
2037 773 2087 802 iste
2108 776 2149 802 est

1304 821 1454 849 thesaurus
1476 827 1568 853 verus,
1590 819 1742 848 secundum
1764 819 1838 856 quod
1859 819 1960 848 dicitur
1976 820 2001 848 in
2018 819 2089 849 libro
2103 820 2149 849 Sa-

1305 867 1421 905 pientiae
1443 866 1574 903 septimo:
1597 865 1735 903 Infinitus
1755 866 1829 895 enim
1857 865 2014 895 thesaurus
2041 871 2081 895 est
2101 866 2149 895 ho-

1303 914 1450 947 minibus,
1473 922 1529 951 quo
1551 913 1603 951 qui
1623 913 1672 941 usi
1691 917 1761 941 sant
1785 913 1947 950 participes
1977 913 2052 951 facti
2081 917 2149 943 sunt

1304 961 1453 990 amicitiae
1470 961 1521 989 Dei
1531 963 1652 997 propter
1666 960 1840 997 disciplinae
1855 960 1933 989 cloria
1947 961 2148 989 commendati.

1304 1008 1442 1037 Occultari
1462 1007 1543 1036 debet
1562 1007 1714 1035 secundum
1730 1007 1874 1036 consilium
1891 1007 2008 1042 Domini,
2022 1007 2148 1037 Matthaei

1303 1055 1409 1084 decimo
1433 1054 1514 1083 tertio
1526 1054 1563 1082 ¹⁰:
1587 1053 1687 1082 Simile
1711 1058 1751 1082 est
1779 1062 1903 1091 refluum
1924 1054 2072 1083 caelorum
2094 1053 2148 1083 the-

1303 1110 1396 1130 sauro
1417 1100 1585 1129 abscondito
1607 1100 1639 1129 in
1660 1109 1744 1137 (tyro,
1766 1109 1848 1138 quem
1871 1101 1924 1139 qui
1943 1100 2052 1129 invenit
2066 1099 2149 1129 homo

1304 1149 1454 1177 abscondit
1469 1152 1520 1177 etc.
1537 1148 1688 1185 Sapientia
1703 1148 1775 1177 enim
1791 1148 1964 1176 abscondita
1977 1151 2017 1176 est
2031 1147 2068 1176 ab
2083 1156 2149 1177 ocu-

1304 1197 1340 1225 lis
1355 1196 1487 1224 onmium
1508 1195 1674 1223 viventium.
1697 1211 1733 1216 —
1756 1195 1823 1223 Huic
1845 1195 1993 1232 opponitur
2009 1195 2149 1232 conceptio

1304 1243 1419 1280 spiritus
1440 1242 1589 1275 luxuriae,
1612 1250 1683 1279 quae
1705 1242 1844 1271 hominem
1863 1242 1998 1271 convertit
2013 1245 2100 1271 totum
2116 1242 2149 1271 ad

1304 1290 1501 1319 carnalitatem.
1526 1289 1555 1317 Et
1581 1289 1647 1317 haec.
1669 1288 1821 1325 significata
1841 1288 1893 1317 fuit
1913 1288 2025 1318 Genesis
2045 1288 2150 1318 decimo

1304 1345 1391 1365 nono:
1416 1337 1611 1373 Coneeperunt
1632 1336 1709 1364 (tilae
1729 1335 1808 1372 (iliae
1829 1336 1879 1364 Lot
1907 1336 1941 1364 tle
1965 1339 2052 1373 patre
2078 1344 2149 1370 suo,

1304 1384 1407 1412 scilicet
1429 1391 1478 1420 per
1501 1383 1652 1417 incestum3
1674 1386 1701 1411 et
1722 1386 1798 1417 nota,
1820 1383 1894 1420 quod
1915 1383 1992 1412 (luae
2009 1383 2149 1417 dicuntur,

1304 1431 1369 1467 quia
1391 1431 1593 1467 saoewyutxzmae
1614 1430 1690 1458 (luae
1716 1434 1785 1458 sunt
1813 1429 1907 1467 filiae,
1937 1430 2149 1459 Proverbiorum

1305 1478 1454 1514 trigesimo,
1476 1481 1503 1506 et
1524 1477 1572 1506 vix
1595 1477 1637 1505 vel
1659 1485 1802 1514 nunquam
1818 1480 1860 1505 est
1875 1477 1989 1505 luxuria
2004 1477 2062 1505 sine
2076 1477 2150 1514 gula⁷

1304 1525 1388 1552 immo
1410 1533 1465 1552 una
1486 1524 1637 1552 introducit
1657 1524 1751 1557 aliam,
1773 1524 1845 1552 sicut
1865 1524 1966 1553 dicitur
1987 1524 2020 1553 de
2042 1524 2151 1557 filiabus

1305 1573 1352 1600 Lot
1366 1573 1396 1599 ¹¹.

1383 1618 1424 1646 Sic
1448 1620 1530 1654 patet,
1546 1617 1620 1654 quod
1641 1620 1745 1654 septem
1767 1620 1832 1646 sunt
1853 1617 2044 1654 conceptiones
2064 1617 2150 1654 spiri-
2163 1624 2242 1644 concina.

1304 1665 1413 1699 tuales,
1436 1672 1507 1701 quae
1529 1665 1631 1693 habent
1653 1667 1756 1701 septem
1779 1665 1865 1693 malas
1886 1664 2078 1701 conceptiones
2102 1672 2150 1701 op·
2169 1648 2243 1696 ἓὲἓιῗιῗέ

1304 1712 1414 1749 positas.
1438 1712 1512 1740 Patet
1533 1712 1625 1745 etiam,
1648 1720 1731 1748 quam
1753 1712 1893 1748 eleganter
1907 1711 2107 1748 exprimuntur
2122 1711 2149 1739 in

1304 1759 1463 1796 Scriptura,
1485 1759 1550 1796 quia
1571 1759 1660 1787 solum
1682 1762 1786 1795 septem
1809 1759 1939 1787 mulieres
1960 1758 2092 1787 dicuntur
2113 1757 2149 1786 ibi

1304 1806 1407 1834 virtute
1427 1805 1519 1834 diviua
1541 1806 1705 1842 concepisse.
1729 1805 1872 1842 Scriptura
1893 1805 1965 1834 enim
1987 1805 2079 1833 divina
2093 1812 2150 1832 ma-
2169 1812 2240 1832 Nolana

1304 1853 1345 1889 gis
1366 1853 1483 1890 figuram
1507 1852 1618 1889 respicit
1639 1860 1723 1889 quam
1746 1860 1804 1881 rem
1830 1855 1943 1889 gestam.
1973 1852 2011 1880 Illi
2040 1855 2150 1885 autem,

1304 1901 1352 1937 qui
1374 1900 1496 1937 concepti
1519 1899 1646 1933 fuerunt,
1668 1899 1800 1936 gerebant
1821 1899 1938 1936 figuram
1954 1899 2054 1928 Christi
2070 1898 2150 1935 spiri-

1306 1948 1425 1981 tualiter,
1444 1948 1516 1976 sicut
1538 1948 1619 1981 lsaac‚
1636 1947 1713 1975 lacob
1728 1950 1755 1975 et
1769 1947 1865 1983 loseph
1880 1947 1951 1975 inter
1967 1946 2151 1980 Patriarchas‚

1305 1995 1417 2023 Samson
1437 1997 1464 2023 et
1479 1994 1588 2022 Samuel
1605 1994 1676 2022 inter
1692 1993 1805 2027 ludices,
1821 1994 1897 2022 lonas
1911 1997 1938 2022 et
1953 1993 2065 2022 Ioannes
2079 1993 2150 2022 inter

1306 2041 1470 2078 Prophetas3
1493 2045 1520 2069 et
1540 2048 1635 2069 0111003
1657 2041 1787 2069 mulieres
1812 2041 1891 2074 illae,
1918 2040 2034 2077 figuram
2056 2040 2151 2068 beatae

1306 2088 1440 2124 Virginis;
1469 2090 1496 2116 et
1523 2095 1618 2116 omnes
1646 2087 1683 2115 illi
1713 2091 1877 2124 conceptus,
1903 2086 2045 2124 (figuram)
2073 2094 2151 2123 prae-

1305 2135 1389 2164 sentis
1411 2135 1610 2171 conceptionis,
1633 2134 1699 2171 quia
1719 2134 1793 2171 quod
1815 2134 1841 2162 in
1864 2134 1924 2162 aliis
1945 2133 1997 2162 fuit
2019 2141 2067 2170 per
2089 2141 2151 2170 par-

1306 2184 1355 2216 tes⁷
1378 2182 1403 2210 in
1427 2182 1511 2209 Maria
1531 2181 1583 2210 fuit
1605 2181 1757 2209 secundum
1774 2180 1988 2217 plenitudinem3
2005 2180 2078 2209 unde
2093 2180 2150 2216 ipsa

1305 2228 1430 2265 concepit
1451 2228 1565 2262 Filium,
1587 2228 1635 2264 qui
1664 2227 1697 2256 ab
1729 2227 1806 2255 initio
1837 2226 2023 2263 conceptionis
2054 2225 2152 2261 habuit

1305 2276 1438 2312 Spiritum
1461 2275 1646 2311 septiformem
1669 2275 1695 2303 in
1718 2274 1874 2302 omnimoda
1901 2273 2087 2310 plenitudine,
2109 2280 2151 2301 se-

1305 2322 1427 2350 cundum
1450 2321 1515 2350 illud
1547 2322 1628 2350 Isaiae
1653 2319 1848 2350 undecimoffl:
1873 2320 2043 2356 Eqredietur
2063 2319 2151 2356 virya

1304 2369 1338 2397 cle
1359 2368 1458 2397 radice
1475 2369 1560 2402 lesse,
1583 2372 1609 2396 et
1628 2367 1681 2405 flos
1702 2368 1735 2396 cle
1757 2367 1857 2396 radice
1877 2367 1939 2396 eius
1960 2366 2100 2395 ascendet.
2117 2366 2151 2394 Et

1305 2416 1458 2453 requiescet
1489 2424 1578 2452 super
1609 2423 1675 2443 eum
1705 2414 1830 2451 spiritus
1863 2413 1996 2442 Domini:
2026 2413 2151 2451 spiritus

1303 2462 1464 2499 supientiae
1485 2466 1510 2490 et
1533 2461 1696 2495 intellectus,
1719 2461 1843 2498 spiritus
1865 2460 1980 2489 consilii
1993 2464 2018 2489 et
2031 2458 2150 2497 fortitu-

1303 2509 1391 2542 dinis,
1413 2509 1538 2545 spiritus
1558 2509 1694 2537 scientiae
1715 2512 1741 2536 et
1759 2507 1886 2544 pietatis,
1901 2511 1925 2535 et
1946 2506 2063 2544 replebit
2084 2515 2148 2535 eum

1303 2556 1427 2592 spiritus
1449 2556 1563 2584 timoris
1580 2555 1704 2584 Domini.
1721 2555 1795 2583 Unde
1810 2555 1860 2583 ista
1875 2554 2016 2590 conceptio
2031 2553 2149 2590 Virginis

2165 501 2191 521 Do
2202 507 2226 529 ⁵02

2232 439 2243 670 <„„=½„.„†⁷4„4
2230 412 2235 418 2
2231 385 2233 393 ff

2167 1203 2193 1222 De
2203 1203 2236 1222 lux*

2167 2563 2180 2581 ti
2185 2562 2243 2582 otandt

1306 2705 1333 2726 ad
1352 2706 1468 2727 scientiam
1487 2706 1629 2732 ducimuru;
1647 2709 1668 2727 et
1694 2705 1748 2727 ibid.
1767 2711 1788 2726 n.
1806 2705 1828 2726 9.
1854 2704 1920 2726 dicit:
1949 2713 1960 2723 (ι
1974 2704 2034 2725 Bona
2060 2703 2148 2725 actione

1305 2744 1444 2771 promeruit,
1464 2748 1485 2766 111
1505 2745 1574 2766 Deum
1594 2747 1744 2772 cognosceret
1755 2753 1777 2765 n.
1800 2756 1830 2760 --
1854 2743 1907 2765 Dein
1931 2742 2052 2770 respicitur
2074 2743 2147 2764 Manli.

1306 2783 1346 2809 25,
1366 2783 1400 2805 24.
1420 2790 1484 2812 seqq.

1367 2821 1376 2834 ⁵
1395 2823 1458 2844 Vei-s.
1481 2824 1518 2851 l03
1536 2824 1639 2851 sequitur
1656 2823 1706 2845 lsai.
1723 2823 1764 2850 28,
1781 2824 1802 2845 9.

1368 2860 1377 2872 ⁹
1396 2862 1459 2883 Vei-5.
1478 2862 1519 2888 Μ’,
1537 2866 1664 2890 sequuntur
1682 2868 1700 2884 c.
1718 2862 1740 2889 7,
1759 2862 1796 2884 26.
1813 2865 1834 2884 ct
1852 2862 1905 2889 Sap.
1922 2861 1945 2889 7,
1963 2860 2000 2882 114.

1370 2899 1387 2911 ¹⁰
1406 2901 1470 2922 Vei-s.
1489 2901 1530 2928 ik
1548 2905 1675 2930 sequuntur
1694 2902 1733 2924 lob
1751 2902 1787 2929 28,
1805 2902 1847 2928 2¹3
1864 2901 1921 2923 Gen.
1938 2900 1970 2927 19,
1988 2900 2025 2921 36.
2043 2901 2064 2921 01
2081 2899 2148 2920 Prov.

1306 2939 1346 2966 30,
1368 2939 1401 2961 15.
1731 2940 1749 2953 ¹¹
1768 2940 1896 2968 [1030101101-
1913 2940 1968 2962 Gen.
1989 2939 2027 2965 19,
2046 2938 2082 2960 31.
2099 2943 2147 2965 seq.

1368 2977 1387 2990 ¹²
1407 2979 1470 3000 Ycrs.
1492 2980 1508 3001 1.
1527 2986 1592 3007 seqq.
