2243 3348
12 1211 14 1243 Ι
24 1218 88 1242 Primo,
100 1219 140 1237 ani-

13 1246 51 1262 lma
64 1242 140 1261 vestitur

13 1266 42 1285 :in
58 1265 140 1285 iucarna-

13 1290 76 1309 itione.

18 1688 105 1715 Secundo,
114 1693 142 1707 sa-

14 1713 69 1738 netur
76 1717 95 1730 ιιι
101 1717 142 1736 pas-

49 1740 106 1754 sione.

26 2344 92 2368 Tertio,
104 2351 133 2364 ro-

25 2368 98 2388 boratur
110 2369 129 2388 iu

22 2393 137 2412 resurrectio-

65 2421 94 2435 ne.

644 152 800 181 DOMlNlCA
822 154 874 181 Xll.
897 153 979 182 POST
1002 154 1242 183 PENTECOSTEN.
1265 155 1374 184 SERMO
1396 156 1424 184 Il.

162 229 252 258 omnia
274 229 423 258 eliciuntur
454 237 488 258 ex
522 230 581 266 ipso
602 233 698 264 textu,
720 231 766 268 qui
797 239 889 260 secum
916 235 1007 268 portat

162 275 371 312 expositionem.
394 276 459 304 Nam
490 284 606 313 persona
637 277 761 314 indigens
792 281 818 306 et
844 278 945 307 misera
966 282 1006 307 est

162 330 249 360 genus
270 322 441 357 humanum,
462 323 536 359 quod
558 323 584 351 in
607 323 689 352 Adam
713 327 841 360 peccante
862 325 1007 353 deseendit

162 368 198 398 ab
220 368 379 397 Jerusalem
401 369 432 397 in
454 368 583 403 Iericlzo,
606 370 631 398 id
653 373 694 398 est
708 378 724 398 a
746 371 871 407 paradiso
886 371 913 399 in
929 380 1007 400 mun-

161 415 240 449 dum,
261 419 286 443 et
307 415 411 443 incidit
431 415 463 443 in
484 415 626 450 latrones,
650 416 674 444 id
696 419 737 445 est
758 420 920 453 potestatem
942 417 1007 446 dae-

161 469 289 495 monum;
311 461 364 499 qui
382 461 582 498 spoliaverunt
596 471 672 496 eum,
688 463 840 492 virtutibus
861 464 1004 500 gratuitis;

160 508 405 541 vulneraverunt,
428 508 454 536 in
477 509 606 544 potentiis
628 510 802 538 naturalibus
826 513 853 538 et
880 510 1005 539 debilita-

160 557 261 584 verunt
292 555 319 583 in
351 555 536 591 potentiarum
568 555 691 589 viribus,
712 557 885 585 semivivum
918 558 1004 586 relin-

159 601 279 640 quendo.
302 601 352 630 Sed
378 609 496 638 persona
524 602 672 629 transiens
692 610 755 630 eum
784 602 933 632 durissima
954 604 1006 633 fuit

159 648 253 686 legalis
273 648 392 682 iustitia,
414 656 485 685 quae
507 655 557 676 nec
586 648 803 676 misericordiam
825 657 875 677 nec
897 650 1004 679 medici-

159 703 221 724 nam
244 695 414 732 praestahat;
437 695 510 723 unde
524 695 619 723 Glossa
640 695 726 723 Bedae
740 696 764 722 ¹:
791 707 804 720 «ι
820 696 952 725 Sacerdos
967 697 1004 725 le-

159 749 219 779 gem
241 742 288 770 Dei
311 742 427 770 nuntiat.
450 741 595 770 Descendit
616 741 727 778 quidem
751 742 796 770 lex
820 742 845 769 in
869 743 1003 772 mundum

158 796 208 826 per
229 789 336 825 Moysen
353 791 379 816 et
394 788 498 817 nullam
521 788 663 816 sanitatem
686 788 803 816 contulit
824 789 937 817 homini.
954 790 1004 818 De-

159 834 264 864 scendit
284 835 380 869 levita,
403 835 449 872 qui
473 838 568 871 typum
590 834 709 863 ostendit
730 835 941 871 Prophetarum,
957 836 1003 864 sed

159 882 203 911 hic
224 882 332 910 nullum
354 885 447 916 sanat,
469 882 534 918 quia
556 882 601 910 lex
624 884 735 918 peccata
755 882 863 919 arguit,
879 882 925 911 sed
942 891 1004 919 per-

158 929 271 963 transit,
293 936 356 957 cum
388 928 586 965 indulgentiam
616 936 668 956 non
696 928 855 965 largitur».
886 929 1004 958 Persona

157 984 224 1005 vero
245 975 412 1004 subveniens
432 983 468 1004 ex
490 975 679 1004 misericordia
699 978 741 1004 est
763 975 896 1004 Dominus
910 979 1003 1005 noster

156 1022 231 1051 lesus
252 1022 387 1055 Christus,
404 1022 469 1059 quia
490 1022 704 1050 Samaritanus
725 1025 818 1050 custos
838 1022 1004 1059 interpreta-

157 1072 212 1098 tur.
235 1069 282 1098 Hic
303 1069 431 1097 subvenit
453 1069 575 1097 humano
596 1069 706 1105 generi,
722 1077 785 1098 cum
809 1069 861 1097 tria
883 1069 1004 1098 remedia

158 1116 274 1145 contulit
295 1118 390 1144 contra
412 1116 465 1144 tria
486 1115 625 1152 praedicta
645 1115 752 1144 damna.

235 1162 338 1196 Primo,
354 1162 472 1190 animam
496 1162 596 1191 nudam
612 1165 639 1191 et
653 1162 803 1191 deformem
826 1163 937 1191 vestivit
958 1172 1003 1192 or-

155 1212 283 1238 namento
297 1209 401 1246 gratiae
416 1209 443 1238 in
459 1209 646 1238 incarnatione
662 1213 758 1238 contra
768 1210 1002 1246 despoliationem.

155 1257 187 1286 Et
208 1257 261 1285 hoc
281 1260 322 1285 est
343 1257 416 1294 quod
431 1257 532 1285 dicitur
544 1257 568 1285 ²:
585 1257 797 1285 Samaritanus
811 1257 933 1295 quidam
948 1258 1003 1286 iter

155 1302 268 1341 faciens
289 1303 365 1332 venit
385 1312 467 1332 secus
495 1312 577 1337 eum,
600 1307 625 1332 et
652 1303 752 1332 videns
777 1312 859 1338 eum,
888 1304 1003 1333 miseri-

156 1351 259 1380 cordia
279 1354 375 1379 motus
395 1354 453 1384 est;
473 1350 583 1380 Glossa:
610 1362 623 1376 «
635 1351 863 1385 Samaritanus,
885 1352 932 1389 qui
955 1360 1003 1381 cu-

155 1400 211 1427 stos
225 1398 434 1435 interpretatur,
451 1398 583 1426 Dominus
598 1401 647 1432 est,
663 1398 711 1435 qui
727 1401 840 1435 propter
856 1406 905 1427 nos
921 1399 1003 1428 homo

154 1444 259 1479 factus,
281 1445 352 1473 vitae
373 1445 526 1482 praesentis
554 1445 606 1473 iter
631 1445 751 1482 arripuit
778 1449 805 1474 et
826 1445 901 1474 venit
922 1454 1002 1475 secus

154 1492 349 1525 vulneratum,
374 1492 406 1520 in
425 1491 648 1520 similitudinem
679 1490 831 1520 bominum
851 1491 952 1529 sactus
978 1497 1003 1521 et

155 1537 256 1567 habitu
279 1539 411 1567 inventus
432 1542 465 1567 ut
486 1538 610 1572 ltomo»;
625 1547 659 1567 ex
676 1539 756 1567 cuius
777 1539 897 1568 adventu
920 1540 1001 1569 homo

154 1586 182 1614 in
196 1586 312 1623 gratiam
335 1586 381 1614 Dei
405 1586 570 1614 restituitur.

232 1632 365 1667 Secundo,
380 1633 499 1661 animam
515 1633 664 1662 sauciatam
679 1636 706 1662 et
721 1633 896 1670 languentem
911 1642 1002 1662 sana-

154 1680 195 1709 vit
220 1680 419 1709 medicamento
452 1680 657 1709 misericordiae
688 1680 715 1708 in
746 1680 873 1717 passione
904 1684 1001 1710 contra

153 1727 389 1761 vulnerationem;
411 1727 484 1756 unde
506 1727 651 1756 subditur}
679 1728 713 1756 Et
736 1728 936 1765 appropians,
959 1728 1002 1756 al-

153 1774 256 1812 ligavit
276 1774 400 1803 vulnera
421 1774 523 1808 eius³,·
549 1786 563 1799 «
578 1774 752 1811 alligamenta
772 1774 938 1809 adhibuit»,
960 1783 1001 1804 se-

154 1821 274 1850 cundum
298 1821 457 1858 Magistrum
480 1821 507 1849 in
527 1821 641 1858 Prologo
656 1821 748 1858 quarti
764 1822 967 1851 Sententiarum
980 1822 1000 1857 4,

159 1879 172 1894 ε(
186 1868 251 1905 quia
275 1871 371 1897 contra
395 1868 535 1905 originalis
560 1871 586 1897 et
611 1869 727 1897 actualis
751 1869 854 1905 peccati
883 1869 1000 1898 vulnera

153 1915 393 1944 sacramentorum
416 1915 537 1944 remedia
565 1915 729 1949 instituit»,
751 1924 822 1953 quae
850 1916 1000 1945 efficaciam

153 1962 256 1991 habent
276 1970 292 1991 a
310 1962 436 1999 passione
456 1962 567 1991 Christi.
585 1962 660 1991 Unde
674 1963 817 2000 sequitur:
839 1962 1000 2000 infundens

153 2009 262 2043 oleum,
285 2009 312 2037 id
333 2012 375 2038 est
400 2021 413 2034 α
428 2010 550 2038 chrisma
571 2009 690 2046 Spiritus
712 2010 813 2044 sancti,
835 2014 859 2038 et
880 2010 999 2045 vinum,

152 2056 180 2085 id
200 2060 242 2085 est
262 2056 374 2085 calicem
389 2064 455 2085 suae
481 2057 614 2093 passionis
628 2068 656 2090 »‚
672 2057 824 2085 secundum
846 2057 921 2094 quod
935 2057 1001 2086 dicit

152 2103 259 2138 Glossa;
274 2107 299 2132 et
313 2104 463 2140 imponens
484 2103 613 2132 illumin
628 2104 790 2132 iumentum
811 2112 917 2138 suum,
939 2113 1000 2133 cor-

152 2151 227 2188 poris
248 2151 304 2185 sui,
326 2151 391 2188 quia
402 2155 524 2188 peecata
545 2155 649 2179 nostra
670 2151 730 2188 ipse
748 2151 869 2188 pertulit
891 2152 921 2180 in
936 2161 1000 2181 eor-

150 2206 221 2235 pore
234 2206 288 2226 suo
301 2206 391 2235 super
406 2198 536 2235 liqnum,
552 2198 638 2227 euius
653 2198 742 2227 livore
762 2199 864 2227 sanati
877 2208 1000 2233 sumus;

153 2244 237 2273 duxit
258 2245 289 2273 in
310 2245 476 2279 stabulum,
499 2245 641 2274 Ecclesiae.

231 2292 331 2326 Tertio,
346 2292 465 2321 animam
484 2292 614 2321 caducam
631 2295 658 2321 et
672 2292 790 2321 debilem
805 2292 956 2321 roboravit
972 2293 998 2321 in

153 2339 357 2368 resurrectione
387 2339 535 2376 aperiendo
568 2347 679 2368 sensum
714 2347 809 2368 sacrae
840 2340 999 2377 Scripturae

154 2388 249 2414 contra
262 2385 445 2421 debilitatem3
462 2386 534 2415 unde
549 2386 685 2415 subinfert
697 2386 722 2414 ⁵:
742 2386 844 2414 Altera
865 2386 911 2415 die
929 2396 999 2424 pro-

154 2432 217 2461 tulit
250 2433 323 2461 duos
354 2433 492 2462 denarios
500 2444 510 2466 ,·
531 2433 640 2462 Glossa:
667 2445 681 2458 «
696 2433 798 2462 Altera
819 2434 881 2468 die,
903 2433 930 2462 id
958 2437 999 2463 est

152 2482 214 2516 post
234 2488 311 2509 suam
334 2480 584 2514 resurrectionem,
600 2480 710 2517 quando
731 2481 848 2517 amplior
869 2483 999 2510 aeternae

153 2525 221 2555 lucis
233 2527 361 2563 splendor
376 2535 458 2564 quam
473 2530 536 2556 ante
552 2527 706 2564 passionem
722 2528 824 2556 effulsit
838 2528 865 2557 in
879 2528 998 2562 mundo,

1852 160 1904 188 401

1061 232 1186 269 protulit
1206 233 1280 261 duos
1300 234 1448 268 denarios,
1464 234 1489 262 id
1506 237 1547 263 est
1567 234 1622 264 duo
1641 236 1825 271 Testamenta,
1840 238 1908 274 Apo-

1064 279 1155 313 stolis,
1177 280 1242 316 quia
1263 280 1329 317 ipsis
1356 281 1474 318 aperuit
1503 290 1637 316 sensum,
1660 287 1691 311 ut
1720 283 1908 321 intelliyerent

1064 326 1251 363 Scripturas,
1266 327 1298 355 ad
1322 327 1472 364 regendum
1489 332 1515 357 et
1529 328 1715 358 adiuvandum
1734 331 1865 367 populum
1876 343 1904 359 ».

1063 373 1138 402 Unde
1161 382 1209 410 per
1236 374 1388 403 doctrinam
1411 375 1531 404 duorum
1560 376 1814 411 Testamentorum,
1836 386 1907 414 quae

1062 418 1225 456 intelligitur
1247 420 1274 448 in
1297 421 1448 457 prolatione
1469 422 1588 450 duorum
1620 423 1814 458 denariorum,
1837 432 1907 461 quos

1063 466 1142 494 (ledit
1162 466 1342 501 stabulario,
1365 467 1390 496 id
1413 471 1454 496 est
1475 469 1612 505 praelato,
1635 470 1714 498 cuius
1742 474 1783 499 est
1804 471 1905 499 doctri-

1063 520 1125 540 nam
1149 513 1306 542 ministrare
1327 518 1354 543 et
1385 515 1558 551 explanando
1590 524 1806 553 supererogare,
1828 518 1904 547 adiu-

1063 563 1163 587 vantur
1188 560 1306 589 viatores
1328 561 1354 588 in
1375 564 1513 589 aeternam
1537 563 1653 598 patriam
1676 563 1830 593 redeuntes.
1854 565 1904 593 Ro-

1061 613 1158 642 gemus
1180 610 1232 635 etc.

1402 709 1492 737 Sannio
1515 709 1565 737 11⁶.

1132 798 1260 824 Dominica
1278 800 1419 825 duodecima
1444 802 1501 832 post
1525 802 1695 829 Pentecosten.
1715 805 1798 830 Sermo
1819 806 1906 831 fratris

1060 841 1251 867 Bonaventurae
1270 843 1395 873 Parisins,
1415 844 1439 868 in
1460 844 1575 875 Capitulo
1594 846 1622 870 de
1642 853 1719 871 mane.

1142 931 1226 958 Beati
1246 931 1323 959 oculi
1330 954 1338 965 ,
1361 932 1413 969 qui
1433 933 1528 961 vident
1549 942 1624 971 quae
1645 943 1694 962 vos
1715 935 1832 970 vittatis,
1854 937 1906 965 Lu-

1061 984 1108 1005 cae
1129 976 1236 1005 decimo
1251 978 1270 1005 ⁷.

1140 1023 1200 1051 Duo
1222 1027 1390 1061 tanguntur,
1412 1025 1515 1054 scilicet
1537 1035 1622 1055 novae
1646 1028 1750 1064 gratiae
1776 1029 1846 1057 mira
1865 1029 1906 1066 fe-

1061 1069 1173 1103 licitaS,
1197 1070 1249 1098 ibi:
1272 1071 1357 1099 Beati
1384 1072 1477 1106 oculi,
1499 1073 1551 1109 qui
1577 1073 1689 1106 vident,·
1711 1075 1797 1104 mirae
1822 1075 1905 1104 felici-

1061 1116 1124 1144 tatis
1145 1124 1278 1153 expressa
1299 1117 1447 1155 diqnitas,
1470 1119 1522 1147 ibi:
1544 1128 1618 1157 (letae
1639 1129 1688 1148 vos
1711 1121 1819 1150 videtis.

1141 1164 1158 1191 l.
1181 1164 1251 1192 Dicit
1272 1172 1353 1201 ergo:
1374 1165 1457 1193 Beati
1471 1166 1560 1200 oculi,
1576 1167 1767 1203 Apostolorum
1783 1172 1810 1197 et
1824 1169 1906 1198 iusto-

1062 1219 1124 1239 rum
1147 1218 1233 1239 novae
1255 1211 1375 1248 gratiae;
1397 1215 1424 1240 et
1446 1212 1538 1246 beati,
1560 1213 1688 1250 inquam,
1704 1215 1784 1251 quia:
1798 1216 1905 1252 purifi-

1061 1257 1122 1286 cati
1141 1258 1233 1286 divino
1254 1259 1411 1295 spectaculo
1432 1268 1482 1296 per
1504 1260 1630 1296 pietatem
1648 1261 1818 1296 theosebiae3
1835 1263 1905 1291 Psal-

1060 1304 1161 1333 musss:
1186 1305 1270 1333 Oculi
1289 1306 1347 1333 mei
1373 1315 1485 1344 semper
1506 1307 1546 1335 ad
1570 1308 1743 1342 Dominum,
1766 1309 1906 1347 quoniam

1060 1352 1120 1388 ipse
1141 1352 1234 1380 evellet
1262 1353 1295 1381 de
1323 1352 1424 1391 laqueo
1447 1354 1532 1390 pedes
1554 1363 1638 1383 meos.
1661 1372 1697 1375 —
1722 1356 1846 1384 Reoetau
1865 1356 1905 1384 di-

1060 1398 1124 1426 vino
1146 1398 1222 1427 radio
1244 1407 1293 1435 per
1314 1399 1499 1429 humilitatem
1513 1401 1688 1438 disciplinam
1710 1401 1822 1431 Genesis
1838 1411 1906 1439 qua-

1059 1445 1215 1482 dragesimo
1237 1446 1349 1482 quinto:
1373 1448 1433 1481 En,
1455 1448 1533 1476 oculi
1552 1449 1641 1477 vestri
1660 1453 1685 1477 et
1707 1449 1784 1478 oculi
1796 1449 1906 1487 fratris

1061 1493 1132 1525 mei,
1156 1493 1327 1527 Beniamin,
1349 1494 1458 1528 vident,
1481 1495 1557 1532 quod
1585 1504 1616 1523 os
1637 1504 1739 1526 ancum
1768 1496 1906 1534 loquatur

1060 1540 1100 1568 ad
1120 1549 1178 1568 vos.
1202 1556 1238 1560 —
1262 1541 1393 1569 Recreati
1406 1541 1498 1570 divino
1520 1543 1657 1571 consortio
1679 1551 1728 1579 per
1750 1543 1904 1572 ubertatem

1059 1587 1212 1615 devotionis
1237 1587 1376 1621 internae;
1405 1588 1608 1617 Deuteronomii
1638 1590 1778 1626 trigesimo
1806 1591 1904 1619 tertio:

1061 1634 1170 1663 Oculus
1189 1634 1275 1662 Jacob
1291 1635 1322 1662 in
1337 1638 1418 1663 terra
1432 1634 1575 1671 frumenti
1589 1640 1613 1664 et
1627 1637 1699 1670 vini,
1716 1637 1842 1672 caelique
1856 1645 1904 1665 ca-

1059 1681 1193 1718 liyabunt
1207 1690 1282 1709 rore.
1296 1698 1330 1702 —-
1345 1682 1497 1710 Honestati
1506 1682 1598 1711 divino
1613 1684 1742 1719 exemplo
1754 1691 1802 1720 per
1813 1678 1904 1712 auste-

1059 1728 1168 1756 ritatem
1191 1728 1389 1765 poenitentiae;
1415 1728 1526 1757 Genesis
1547 1729 1758 1766 quadragesimo
1780 1730 1861 1758 tertio
1876 1730 1903 1758 ⁹:

1059 1775 1199 1803 Attollens
1220 1774 1322 1812 Ioseph
1343 1775 1458 1810 oeulos,
1481 1776 1522 1804 vir
1537 1776 1718 1813 apostolicus,
1740 1777 1813 1805 vidit
1832 1777 1904 1805 Ben-

1058 1822 1169 1856 iamin,
1191 1821 1319 1860 fratrem
1339 1831 1429 1851 suum
1457 1823 1620 1857 uterinum,
1649 1824 1798 1852 Christum.
1823 1824 1903 1853 Com-

1057 1873 1137 1898 mota
1157 1873 1227 1897 sunt
1247 1870 1361 1898 viscera
1382 1870 1444 1898 eius
1466 1873 1517 1899 etc.

1137 1917 1187 1953 Qui
1218 1916 1311 1945 vident
1338 1917 1609 1953 experimentaliter:
1634 1918 1812 1946 Maiestatem
1839 1926 1903 1947 con-

1057 1963 1285 1997 descendentem;
1302 1964 1391 1993 Lucae
1406 1964 1526 1993 secundo
1540 1965 1577 1992 ¹⁰:
1607 1965 1761 1993 Videamus
1775 1964 1826 1993 ltoe
1841 1974 1903 1993 ver-

1058 2010 1125 2039 bum
1136 2034 1143 2045 ,
1166 2011 1243 2049 quod
1263 2010 1378 2048 factum
1393 2015 1447 2045 est,
1463 2012 1539 2049 quod
1556 2012 1697 2040 Dominus
1719 2012 1841 2040 ostendit
1853 2021 1903 2041 no-

1058 2057 1109 2086 bis.
1126 2074 1164 2078 —
1180 2057 1351 2086 Claritatem
1366 2058 1655 2095 supersplendentem3
1679 2059 1784 2087 loannis
1798 2059 1902 2096 primo:

1064 2105 1196 2134 Vidimus
1216 2105 1343 2143 yloriam
1366 2105 1445 2139 eius,
1466 2105 1595 2142 ylort'am
1616 2106 1704 2144 quasi
1723 2106 1868 2143 Uniyeniti
1884 2115 1903 2134 a

1059 2153 1162 2186 Patre,
1176 2152 1295 2189 plenum
1314 2153 1431 2189 gyratiae
1455 2157 1481 2180 et
1501 2153 1640 2181 veritatis.
1663 2170 1700 2173 —
1723 2153 1903 2182 Suavitatein

1057 2200 1242 2233 reficientem;
1266 2200 1403 2228 Psalmus:
1430 2199 1550 2228 Gustate
1578 2203 1602 2228 et
1629 2200 1735 2234 villole,
1764 2201 1903 2238 quoniam

1056 2247 1160 2275 suavis
1186 2251 1225 2274 est
1249 2247 1399 2275 Dominus.
1421 2263 1460 2266 —
1481 2246 1667 2275 Sanctitatem
1698 2246 1900 2281 aedificantem3

1057 2294 1237 2322 Ecclesiastici
1267 2293 1476 2330 quadragesimo
1498 2294 1580 2322 tertio
1596 2295 1634 2321 11;
1662 2294 1728 2321 Vide
1749 2302 1854 2322 arcum
1879 2297 1903 2322 et

1058 2340 1172 2369 benedic
1200 2349 1266 2369 eum
1293 2340 1345 2378 qui
1370 2339 1440 2376 feeit
1466 2340 1549 2368 illum
1557 2351 1566 2373 ;
1587 2340 1671 2368 valde
1696 2341 1843 2377 speciosus
1864 2343 1903 2368 est

1057 2387 1088 2415 in
1108 2388 1259 2425 splendore
1280 2396 1342 2415 suo.
1362 2387 1487 2425 Gyravit
1508 2387 1621 2415 eaelum
1643 2387 1674 2415 in
1696 2387 1822 2416 circuitu
1842 2387 1902 2424 ylo-

1056 2434 1122 2463 riae
1141 2443 1231 2468 suae,
1252 2443 1362 2463 manus
1384 2434 1497 2463 Ea‘eelsi
1517 2438 1697 2471 aperuerunt
1718 2434 1809 2463 illum.

1924 1037 2000 1057 Divisio.

1923 1177 1970 1196 Pars
1981 1178 1994 1196 1.

1923 1224 1977 1243 Ratio
1990 1230 2034 1248 qna-

1936 1247 2021 1271 druplox.

1928 1926 2026 1945 obiectum

1916 1950 2039 1974 quadruplex.

1884 2481 1888 2485 ,
1912 2464 1958 2482 Pars
1968 2465 1988 2483 11.
1994 2465 2047 2484 Vinio

1136 2482 1164 2510 ll.
1189 2482 1270 2517 Quae
1290 2490 1340 2510 vos
1362 2482 1479 2510 videtis.-
1501 2490 1550 2518 per
1571 2481 1753 2510 industriam
1775 2481 1902 2510 rationis
1918 2488 2043 2511 perquadru-

1056 2532 1083 2558 et
1105 2528 1166 2557 fidei
1189 2536 1347 2563 assensum3
1370 2529 1454 2557 Exodi
1478 2529 1558 2557 tertio
1571 2528 1610 2556 ¹2:
1639 2528 1751 2556 Vadam
1765 2532 1790 2556 et
1806 2528 1902 2556 uidebo

216 2715 223 2728 ¹
241 2716 302 2739 Lihr.
321 2717 352 2739 111.
370 2722 390 2739 e.
408 2716 445 2744 44,
462 2717 483 2739 in
500 2718 554 2739 Luc.
577 2718 609 2745 10,
627 2718 664 2739 31.
682 2724 743 2747 seq.;
761 2719 801 2741 cfr.
818 2719 887 2741 etiam
901 2719 998 2747 Bonav„

129 2756 132 2759 ’
153 2758 208 2778 tom.
225 2756 271 2778 Vll.
289 2762 342 2784 pag.
360 2756 417 2784 27l,
435 2758 487 2779 nota
506 2757 527 2779 6.

214 2795 224 2810 2
240 2796 294 2818 Luc.
312 2796 355 2823 ¹10,
372 2796 413 2824 333
431 2796 534 2824 sequitur
552 2796 630 2818 Glossa
649 2795 775 2819 ordinaria
796 2797 858 2825 apud
880 2797 996 2825 Lyranum

153 2836 175 2856 et
191 2834 246 2857 Phil.
265 2835 286 2863 2,
303 2834 324 2856 7.

215 2872 225 2885 ⁸
242 2874 295 2895 Luc.
303 2874 311 2895 4
319 2873 339 2900 0,
348 2873 384 2896 34.
394 2880 447 2896 cum
457 2874 535 2896 Glossa
545 2873 671 2897 ordinaria
680 2880 707 2896 ex
716 2875 785 2903 Beda,
793 2875 824 2897 lll.
834 2875 856 2897 in
866 2876 921 2898 Luc.
931 2882 951 2898 c.
959 2875 996 2898 44.

215 2910 224 2924 4
241 2911 296 2940 Cap.
314 2913 341 2939 1l;
358 2916 487 2941 sequuntur
503 2913 582 2935 Glossa
600 2912 759 2936 interlinearis
777 2914 799 2936 in
816 2914 871 2937 Luc.
890 2915 933 2942 lO,
960 2914 996 2937 34.

153 2953 175 2973 et
192 2951 207 2973 1.
224 2951 282 2973 Petr.
300 2952 325 2979 2,
342 2951 379 2974 24.
976 2951 979 2954 “

246 2997 273 3021 S.
289 2998 382 3021 Bonae.
397 3011 427 3015 -
440 2999 510 3021 Tom.
524 2999 563 3021 lx.

1117 2718 1126 2731 ὖ
1144 2720 1199 2741 Luc.
1221 2720 1258 2746 10,
1276 2719 1313 2741 35.
1330 2731 1361 2735 -
1378 2719 1456 2741 Glossa
1474 2724 1523 2747 seq.
1540 2720 1574 2740 est
1591 2716 1715 2740 ordinaria
1733 2723 1759 2739 ex
1776 2716 1850 2744 Beda,
1869 2716 1900 2737 111.

1054 2758 1076 2780 in
1094 2759 1148 2780 Luc.
1166 2764 1185 2780 c.
1204 2757 1245 2786 44,
1264 2757 1304 2779 ubi
1320 2758 1442 2785 respicitur
1458 2758 1513 2779 Luc.
1531 2756 1568 2783 24,
1587 2756 1623 2778 45.

1117 2795 1127 2808 ⁶
1144 2797 1174 2818 Ex
1192 2796 1209 2818 Α
1228 2797 1265 2818 tol.
1284 2796 1328 2818 439
1346 2802 1364 2818 r.
1382 2799 1404 2818 et
1420 2797 1437 2818 Β
1456 2797 1491 2818 sol.
1510 2796 1538 2817 63
1556 2802 1579 2817 v.
1753 2793 1761 2806 ⁷
1780 2795 1843 2816 Vers.
1862 2794 1899 2815 23.

1117 2835 1126 2847 Β
1144 2836 1226 2858 Psalm.
1244 2836 1286 2863 -24,
1306 2836 1345 2864 t5;
1363 2839 1490 2864 sequuntur
1508 2835 1563 2856 Gen.
1583 2834 1624 2861 45,
1646 2834 1679 2855 12.
1692 2836 1713 2855 et
1726 2833 1790 2855 Deut.
1808 2833 1849 2860 33,
1863 2833 1900 2854 28.

1118 2874 1127 2887 ⁰
1144 2875 1210 2897 Vers.
1228 2875 1266 2897 29.
1283 2881 1331 2903 seq.

1118 2913 1137 2928 ¹⁰
1154 2914 1219 2936 Vei-s.
1242 2914 1279 2941 153
1297 2916 1425 2942 sequuntur
1444 2913 1503 2935 loun.
1525 2913 1546 2940 l,
1569 2912 1601 2934 14.
1619 2914 1640 2934 et
1658 2912 1691 2933 Ps.
1711 2912 1751 2939 33,
1770 2911 1791 2933 8.

1118 2952 1136 2965 ¹¹
1156 2953 1221 2975 Vers.
1239 2953 1276 2974 112.
1293 2958 1342 2980 seq.
1759 2948 1778 2962 ¹²
1796 2949 1860 2971 Vers.
1877 2949 1898 2971 3.

1776 2996 1799 3017 51

1930 2512 1973 2535 plex
1986 2517 2024 2531 me-

1948 2535 2006 2553 dium.
