2243 3348
284 684 376 703 Hui-tatio.

267 1009 296 1028 Ad
310 1009 369 1028 Deum

265 1032 371 1052 collaudan-

292 1056 342 1074 dnm.

278 1755 370 1774 Boi-tatio.

260 2222 289 2240 Ad
304 2223 362 2241 Deum

262 2247 360 2269 degustan-

286 2270 336 2288 dum.

398 183 454 213 630

397 259 637 290 condescendendo
662 259 740 287 nobis
764 261 790 287 et
814 258 902 286 multa
926 256 1058 285 beneficia
1082 254 1240 283 exhibendo

396 311 528 345 generant
549 307 576 335 in
597 306 675 335 nobis
696 306 786 342 ignem
801 304 962 333 dilectionis.
978 303 1070 339 Quare
1088 301 1115 329 in
1131 301 1241 329 flamma

396 354 458 383 rubi
480 353 609 391 apparuit
630 352 763 381 Dominus
784 351 884 387 Moysi,
906 350 957 378 nisi
986 349 1051 385 quia
1078 347 1121 376 isti
1144 346 1241 375 ardent

396 402 422 429 in
451 409 479 429 se
507 404 534 429 et
562 403 668 428 ceteros
689 398 817 426 nituntur
839 397 1035 425 inflammare?
1057 394 1152 427 Scitis,
1173 392 1240 429 quid

395 450 461 476 est?
482 447 535 475 Nos
556 453 653 474 sumus
674 444 701 472 in
723 443 826 472 mundo
847 443 919 471 sicut
940 442 1074 470 carbones
1094 439 1239 472 exstincti,

395 494 422 522 in
444 493 546 530 quibus
576 499 674 528 parum
703 493 745 519 est
771 490 804 518 de
833 490 910 526 igne,
932 488 1050 518 scintilla
1071 494 1171 524 parva;
1194 485 1241 514 sed

395 539 505 577 quando
527 539 640 567 veniunt
662 537 755 574 Angeli
777 539 804 565 et
825 536 931 564 ducunt
946 543 995 564 nos
1010 535 1036 563 in
1053 535 1127 562 illam
1148 533 1240 561 forna-

394 593 469 619 cem,
492 587 557 613 tunc
579 586 635 611 tota
666 583 697 610 fit
718 582 809 610 anima
840 581 925 617 ignita
956 581 1027 609 sicut
1048 579 1146 612 carbo;
1169 578 1241 607 sicut

394 631 476 660 carbo
493 630 657 662 exstinctus,
679 636 741 657 cum
758 628 902 664 proiicitur
924 627 950 655 in
972 626 1126 659 fornacem,
1147 625 1240 653 statim

394 681 467 707 totus
488 680 529 706 est
550 676 660 714 ignitus.
675 690 713 695 —-
728 674 766 703 O!
783 675 804 703 si
826 674 993 702 sentiremus
1007 672 1111 709 aliquid
1125 672 1158 700 de
1173 671 1240 700 dile-

393 725 481 754 ctione
496 724 553 757 Dei‚
569 723 710 751 videretur
725 721 817 754 nobis,
832 720 905 757 quod
921 719 1010 748 omnis
1025 722 1154 747 creatura
1168 720 1241 746 esset

392 771 490 808 ignita;
509 770 575 807 quia
601 769 690 798 omnis
718 771 846 797 creatura
867 767 925 795 visa
945 765 1109 795 accenderet
1135 772 1185 793 nos
1206 764 1240 793 ad

392 825 513 846 amorem
544 816 612 845 eius.
638 815 735 844 Nullus
762 813 880 850 decipiat
901 820 965 846 vos,
993 812 1059 849 quia
1086 810 1239 840 secundum

392 864 572 901 quantitatem
590 862 668 891 istius
683 862 768 898 ignis,
783 859 936 889 dilectionis
951 859 1069 892 scilicet,
1084 857 1138 887 erit
1152 865 1239 894 quan-

391 911 455 939 titas
477 908 709 938 remunerationis
730 911 757 936 et
777 907 880 944 gloriae
902 914 950 935 seu
973 904 1158 934 beatitudinis.

471 956 563 985 Tertio
585 955 742 992 perducunt
763 962 812 982 nos
834 953 876 982 isti
900 952 971 981 beati
993 951 1085 988 Angeli
1101 951 1134 979 ad
1150 951 1237 979 Deum

392 1003 639 1035 eollaua'andtmz,¹
661 1002 784 1030 Psalmus
797 1002 822 1028 ¹:
842 1000 876 1028 In
891 1002 1043 1035 conspeetu
1059 997 1238 1035 Angyelorum

388 1049 516 1086 psallam
539 1048 591 1077 libi
598 1059 606 1081 ,·
628 1047 759 1076 adorabo
780 1049 830 1075 etc.
852 1046 882 1074 Et
896 1048 1003 1082 quare?
1025 1045 1095 1081 Quia
1116 1044 1238 1073 excitant

391 1104 434 1124 me
455 1096 489 1124 ad
511 1094 679 1124 laudandum
702 1097 744 1127 te,
766 1093 831 1130 quia
852 1093 902 1129 ipsi
919 1092 1100 1120 introducunt
1115 1099 1159 1120 me
1174 1099 1237 1120 cum

391 1141 533 1170 cantilenis
554 1141 581 1169 in
603 1143 752 1177 conspectu
767 1143 824 1174 tuo,
840 1139 912 1168 sicut
926 1139 1028 1167 factum
1044 1141 1085 1167 est
1099 1138 1133 1167 de
1147 1138 1238 1166 anima

390 1188 460 1217 beati
473 1188 626 1225 Augustini,
638 1195 721 1224 quam
733 1186 929 1223 perduxerunt
941 1186 1033 1222 Angeli
1049 1193 1111 1214 cum
1129 1185 1239 1222 hymnis

390 1239 417 1264 et
438 1235 551 1263 canticis
575 1233 767 1271 spiritualibus
783 1234 802 1261 2.
832 1233 938 1262 Dicitur
966 1233 993 1261 in
1023 1232 1069 1261 lob
1096 1232 1238 1269 trigesimo

390 1285 501 1310 octavo:
529 1281 582 1310 Ubi
602 1289 670 1309 eras
684 1284 746 1314 etc„
761 1289 826 1308 eum
843 1288 887 1308 me
902 1280 1060 1308 laudarem
1075 1283 1160 1307 astra
1174 1287 1237 1307 ma-

391 1328 497 1361 tulina,
514 1328 565 1356 hoc
587 1330 628 1356 est
649 1327 750 1364 AngelL
766 1330 790 1355 ec
806 1326 965 1355 iubilarenl
979 1334 1077 1354 ornnes
1090 1325 1146 1362 filii
1166 1325 1217 1353 Dei
1224 1325 1237 1353 ἓ)

390 1376 427 1403 Ad
449 1375 520 1404 idem
543 1375 672 1403 refertur.
694 1375 747 1403 Nos
774 1381 872 1402 sumus
899 1376 974 1402 astra
996 1372 1168 1409 vespertina,
1190 1372 1237 1401 sed

389 1422 481 1459 Angeli
503 1425 568 1450 sunt
588 1425 674 1449 astra
696 1420 862 1453 matutina,
885 1420 932 1457 qui
954 1428 971 1448 a
991 1419 1126 1456 principio
1141 1419 1236 1447 mundi

391 1469 476 1497 Deum
494 1469 606 1497 laudare
621 1476 674 1496 non
690 1471 812 1501 cessant;
835 1471 862 1496 et
884 1467 944 1496 ideo
966 1467 1003 1495 ita
1024 1470 1090 1496 sunt
1110 1467 1237 1495 enuntia-

389 1519 463 1544 tores
483 1516 639 1544 divinarum
673 1514 803 1548 laudum,
831 1514 905 1551 quod
934 1514 1016 1543 etiam
1046 1514 1096 1550 ipsi
1122 1513 1237 1542 veniunt

388 1570 477 1599 usque
492 1562 524 1591 ad
540 1570 598 1596 nos,
614 1562 818 1599 congaudentes
839 1561 918 1590 nohis
933 1561 1020 1590 Deum
1043 1560 1235 1594 laudantibus;

389 1610 526 1638 Psalinus:
541 1610 760 1637 Praevenerunt
768 1608 918 1645 principes
930 1608 1080 1636 coniuncti
1091 1607 1236 1645 psallenti-

388 1656 458 1690 bus,
480 1656 511 1684 in
525 1656 618 1684 medio
634 1655 860 1684 iubencularum
876 1655 1167 1693 lympanislriarum.
1188 1654 1236 1682 Mi-

387 1703 510 1732 rabiliter
531 1703 620 1740 placet
640 1703 695 1737 eis,
717 1703 828 1739 quando
850 1702 980 1731 laudatur
1001 1702 1136 1731 Dominus
1158 1709 1235 1731 suus.

387 1767 424 1770 —
443 1750 596 1778 Laudemus
628 1757 694 1786 ergo
715 1749 864 1778 Dominum
887 1749 983 1778 Deum.
1007 1749 1042 1777 Ad
1070 1748 1136 1785 quid
1162 1748 1236 1777 enim

387 1797 449 1825 data
463 1800 504 1826 est
525 1797 705 1834 intelligentia
726 1799 753 1825 et
768 1796 877 1833 lingua,
898 1796 951 1824 nisi
970 1798 1002 1824 ut
1016 1796 1090 1824 Deus
1105 1795 1235 1824 laudetur

387 1847 414 1873 et
435 1844 652 1881 magnificetur?
672 1843 709 1872 Ad
732 1844 785 1872 hoc
805 1843 868 1871 data
890 1845 970 1876 sunt3
993 1846 1019 1871 et
1042 1845 1132 1871 tamen
1155 1842 1235 1870 multi

387 1894 466 1924 sunt,
488 1891 536 1927 qui
557 1891 750 1927 blasphemant
765 1892 792 1919 et
805 1890 873 1919 falso
888 1890 982 1918 iurant
1002 1892 1030 1919 et
1050 1889 1149 1923 stulte,
1166 1889 1235 1918 male

386 1941 495 1966 utentes
525 1938 624 1974 linguis
656 1937 729 1971 suis;
756 1940 783 1966 et
811 1937 872 1966 ideo
900 1944 1016 1973 poenam
1046 1944 1159 1973 gravem
1191 1943 1235 1964 re-

386 1985 537 2021 portabunt
557 1993 593 2013 ex
623 1985 690 2018 hoc,
715 1984 781 2021 quia
802 1984 1010 2013 manducabunt
1031 1983 1139 2020 linguas
1161 1991 1234 2017 suas,

386 2036 417 2060 ut
438 2032 539 2061 dicitur
554 2032 581 2060 in
596 2032 771 2068 Apocalypsis
791 2031 897 2060 decimo
919 2034 998 2060 sexto
1010 2031 1036 2059 3:
1054 2031 1087 2059 El
1108 2031 1235 2059 mandu-

387 2083 527 2107 caverunt
549 2079 667 2116 linquas
688 2087 761 2107 suas
779 2087 855 2116 prae
875 2078 973 2107 dolore
1000 2081 1025 2106 el
1053 2076 1235 2115 blaspbema-

387 2130 491 2154 verunl
515 2126 604 2154 Deum
627 2125 699 2154 caeli
716 2134 792 2162 prae
813 2124 964 2153 doloribus
985 2128 1036 2153 etc.

465 2173 569 2209 Quarto
595 2172 752 2209 perducunt
774 2180 824 2201 nos
844 2172 877 2200 ad
900 2172 989 2201 Deum
1018 2171 1235 2208 deyustandum

388 2222 516 2256 tanquam
539 2220 749 2254 suavissimum;
769 2220 931 2248 Psalmus4:
954 2219 1090 2248 Imnzillel
1105 2218 1234 2256 Angelus

390 2267 507 2295 Domini
527 2267 557 2295 in
579 2267 706 2295 circuilu
728 2267 890 2295 timentium
912 2275 977 2295 eum
999 2269 1024 2294 el
1045 2266 1146 2302 eripiel
1173 2274 1234 2299 eos;

387 2316 413 2342 et
424 2314 515 2342 statim
531 2313 674 2342 subditur:
692 2313 811 2342 Guslale
825 2317 850 2342 et
864 2313 964 2347 videte,
979 2313 1119 2351 quoniam
1131 2312 1234 2341 suavis

386 2364 426 2389 est
449 2361 598 2388 Dominus.
622 2361 680 2397 lpse
708 2360 779 2389 enim
805 2360 919 2389 Michael
940 2363 968 2389 et
988 2359 1080 2396 Angeli
1102 2359 1162 2388 eius
1183 2359 1234 2387 du-

387 2410 448 2435 cent
469 2415 518 2436 nos
539 2407 579 2436 acl
596 2408 672 2435 vitae
692 2406 785 2444 fontes
806 2415 965 2445 aquarum.
983 2407 1042 2443 lpse
1060 2406 1133 2435 enim
1148 2406 1233 2442 Ange-

388 2453 431 2481 lus
452 2454 569 2482 ostendit
584 2454 684 2483 sontem
700 2455 769 2491 Agar
784 2457 811 2483 et
832 2462 920 2490 puero
941 2453 1057 2487 sitienti,
1080 2456 1111 2481 ut
1132 2452 1234 2481 dicitur

388 2499 498 2528 Genesis
519 2500 623 2529 decimo
639 2503 731 2535 sexto,
752 2504 779 2529 et
800 2501 851 2537 ipsi
866 2500 1011 2529 ostendent
1025 2500 1104 2528 nobis
1124 2507 1233 2528 omnem

389 2546 581 2581 refectionem3
601 2556 705 2584 panem
729 2548 762 2576 de
783 2547 860 2576 eaelo
879 2547 1056 2584 praestitisti
1075 2547 1130 2581 ete,
1152 2554 1234 2575 omne

388 2592 622 2621 delectamentum
638 2594 668 2621 in
682 2602 711 2622 se
726 2593 874 2622 habentem
888 2598 913 2622 el
928 2594 1022 2622 omnis
1034 2593 1153 2630 saporis
1166 2601 1233 2621 sua-

390 2639 512 2668 vitatem.
530 2640 582 2668 Hoc
597 2643 638 2669 est
659 2641 775 2669 verbum
792 2641 863 2670 vitae
885 2641 1026 2670 vivificans
1044 2641 1144 2674 omnia,
1160 2639 1233 2677 quod

1069 177 1241 207 SERMONES
1262 176 1305 205 DE
1326 176 1467 205 SANCTlS.

1297 256 1339 282 est
1360 253 1438 290 panis
1459 253 1642 289 Angelorum,
1664 252 1743 289 panis
1763 252 1797 281 de
1819 252 1902 281 caelo.
1932 252 2016 281 lstum
2044 260 2142 289 panem

1298 299 1515 332 manducamus,
1537 298 1646 335 quoties
1667 299 1693 326 in
1715 299 1772 327 Deo
1793 299 1964 328 delectamur
1978 302 2006 327 et
2019 299 2144 336 degusta-

1298 353 1361 374 mus
1391 345 1564 374 dulcedinem
1593 345 1651 374 Dei.
1680 345 1822 381 Quomodo
1851 345 1919 374 illud
1944 345 2143 375 manducamus

1297 395 1324 420 et
1344 391 1547 428 degustamus?
1569 391 1640 420 Dicit
1661 391 1784 420 Psalmus
1797 391 1824 420 ⁵:
1848 392 1945 427 Quam
1960 391 2060 420 dulcia
2074 390 2144 429 fau-

1297 438 1380 467 cibus
1400 438 1471 466 ineis
1492 438 1606 476 eloquia
1628 441 1695 472 tua,
1717 446 1806 475 super
1820 438 1877 466 mel
1896 438 1944 466 ori
1962 438 2044 467 meo!
2065 438 2144 474 Quod

1297 492 1351 513 nou
1373 487 1414 513 est
1436 492 1534 514 verum
1554 484 1588 513 de
1609 492 1658 513 ore
1679 485 1832 521 corporali,
1854 493 1920 522 ergo
1944 485 1978 514 de
2006 485 2143 522 spirituali

1297 531 1505 568 intelligendum
1527 534 1583 565 est,
1605 539 1661 568 quo
1683 531 1713 559 fit
1734 531 1795 560 talis
1816 532 1979 568 degustatio.
1995 531 2143 561 Delectatio

1297 578 1369 607 enim
1399 578 1430 606 fit
1457 585 1494 606 ex
1518 578 1711 607 coniunctione
1738 578 1925 608 convenientis
1952 587 2015 608 cum
2045 586 2143 608 conve—

1296 625 1403 658 niente,
1425 625 1536 662 quando
1557 625 1648 654 anima
1675 625 1853 662 coniungitur
1875 625 1912 654 illi
1944 629 2072 655 aeternae
2097 626 2144 654 Sa-

1296 671 1431 708 pientiae,
1453 671 1541 700 dictae
1562 680 1578 700 a
1599 679 1711 708 sapore,
1733 675 1761 700 et
1783 672 1833 701 hoc
1855 679 1905 709 per
1926 672 2063 701 affectum.

1375 718 1477 754 Quinto
1502 718 1660 755 perducunt
1680 718 1714 747 ad
1737 719 1822 747 Deum
1849 718 2058 756 possidendum
2084 721 2143 747 tan-

1296 773 1380 802 quam
1402 773 1452 801 per
1473 765 1565 794 omnia
1586 765 1784 799 sufficientem,
1806 766 1872 802 quia
1891 766 1981 794 anima
1997 766 2036 794 ,in
2066 773 2143 803 sepa-

1296 811 1403 841 ratione
1424 820 1474 840 sua
1495 812 1536 841 vel
1560 811 1601 840 sui
1630 820 1645 840 a
1674 820 1790 848 corpore
1818 812 1981 849 perducitur
2002 812 2035 841 ad
2057 812 2143 849 possi-

1295 858 1415 887 dendum
1438 859 1539 893 Deum,
1554 862 1603 887 aut
1617 858 1766 888 diabolum.
1784 859 1970 888 lntroducitur
1984 859 2019 888 ab
2036 859 2143 896 Angelis

1296 906 1322 934 in
1345 906 1451 935 caelum
1468 906 1510 934 vel
1525 906 1559 934 ab
1574 906 1682 943 Angelis
1697 906 1884 935 introducitur
1899 906 1926 934 in
1942 906 2097 940 infernum;
2117 908 2144 935 et

1295 952 1317 981 si
1340 952 1533 981 introducatur
1554 952 1580 980 in
1603 952 1719 986 caelum,
1742 952 1861 989 possidet
1875 953 1962 981 Deum
1979 956 2006 981 et
2021 952 2142 989 posside-

1295 1002 1341 1028 tur
1363 1007 1379 1027 a
1400 999 1471 1033 Deo;
1491 999 1513 1028 si
1536 999 1562 1027 in
1585 999 1732 1033 infernum,
1749 999 1869 1036 possidet
1883 999 2022 1028 diabolum
2038 1002 2065 1028 et
2081 1007 2142 1036 pos-

1295 1046 1400 1075 sidetur
1428 1046 1463 1074 ab
1485 1046 1558 1082 ipso;
1587 1045 1762 1082 Apocalypsis
1789 1045 1989 1075 duodecimo⁶:
2018 1047 2144 1075 Factum

1294 1097 1334 1121 est
1352 1093 1497 1130 proelium
1520 1101 1662 1130 niaynunz
1685 1093 1717 1121 in
1738 1093 1833 1126 eaelo;
1855 1092 1977 1122 Michael
1997 1096 2023 1121 et
2039 1093 2144 1130 Anqeli

1294 1140 1357 1168 eius
1376 1139 1601 1177 proeliabanlut·
1622 1148 1690 1167 eum
1704 1139 1843 1173 (li-aeone,
1859 1142 1886 1168 et
1904 1139 1968 1169 fecit
1989 1140 2141 1169 victoriam.

1295 1186 1348 1215 Hoc
1371 1186 1506 1223 proelium
1528 1186 1630 1214 factum
1653 1189 1695 1214 est
1715 1186 1742 1214 in
1762 1186 1905 1223 principio,
1920 1186 2031 1223 quando
2046 1186 2143 1216 cecidit

1295 1233 1392 1262 lucifer
1413 1236 1440 1262 et
1461 1233 1565 1262 eiectus
1586 1237 1639 1266 est,
1661 1233 1722 1261 aliis
1737 1232 1874 1262 stantibus
1888 1233 1916 1261 in
1932 1233 2015 1262 caelo.
2031 1233 2141 1262 Factum

1294 1283 1335 1309 est
1356 1280 1438 1309 etiam
1460 1280 1596 1317 proelium
1625 1279 1698 1308 istud
1727 1279 1863 1314 secundo,
1885 1280 1996 1317 quando
2017 1280 2143 1309 instituta

1294 1331 1335 1356 est
1356 1327 1475 1356 Ecclesia
1497 1327 1523 1355 in
1546 1327 1672 1363 passione
1693 1326 1811 1360 Christi,
1833 1335 1849 1355 a
1867 1334 1922 1363 qua
1938 1327 2040 1355 hahent
2054 1326 2143 1355 virtu-

1294 1377 1348 1403 tem
1364 1375 1548 1407 Sacramenta,
1561 1374 1671 1410 quando
1686 1373 1811 1403 devictus
1822 1376 1864 1402 est
1874 1373 2000 1403 diabolus
2014 1377 2039 1402 et
2051 1373 2142 1411 proie-

1293 1425 1357 1450 ctus
1378 1425 1419 1450 est
1440 1425 1597 1449 accusator
1617 1420 1760 1458 fratrum.
1790 1421 1841 1449 Sed
1862 1421 1909 1449 fiet
1937 1421 1963 1449 in
1989 1421 2043 1449 fine
2064 1423 2091 1449 et
2112 1420 2143 1449 fit

1293 1468 1416 1505 quotidie
1438 1468 1465 1496 in
1486 1471 1575 1496 morte
1597 1467 1753 1502 cuiuslibet,
1769 1467 1835 1504 quia
1853 1467 1981 1496 nituntur
1995 1467 2143 1496 daemones

1293 1515 1399 1543 animas
1421 1522 1515 1544 secum
1538 1517 1665 1551 portare;
1688 1514 1761 1551 quod
1782 1512 1896 1551 facium
1918 1518 1974 1548 est,
1996 1517 2028 1542 ul
2049 1522 2142 1543 more-

1294 1565 1377 1590 retur
1397 1561 1549 1590 mendicus
1570 1565 1594 1590 el
1613 1564 1786 1598 porcarelur
1801 1561 1837 1589 ab
1853 1561 1972 1598 Angelis
1990 1561 2022 1590 in
2042 1561 2142 1590 sinum

1294 1608 1442 1637 Abrabae.
1465 1609 1600 1637 Mortuus
1621 1611 1662 1636 esc
1683 1611 1780 1636 autem
1796 1608 1849 1645 (et)
1868 1608 1947 1636 dives
1968 1611 1992 1636 el
2012 1607 2142 1646 sepultus

1292 1658 1332 1683 est
1354 1655 1385 1683 in
1406 1654 1531 1691 inferno.
1557 1655 1707 1683 Daemones
1735 1656 1918 1691 portaverunt
1945 1654 2068 1689 divitem,
2089 1655 2141 1683 An-

1292 1702 1344 1738 geli
1361 1702 1526 1730 mendIcum.
1544 1701 1574 1730 Et
1588 1704 1697 1738 quare?
1715 1701 1787 1730 Nihil
1802 1701 1958 1738 possidebat
1972 1701 2024 1730 nisi
2039 1709 2140 1730 aurum

1292 1751 1319 1777 et
1339 1751 1499 1785 argentum,
1515 1748 1626 1777 nolebat
1640 1748 1707 1777 illud
1729 1748 1934 1777 communicare
1949 1756 1999 1785 pro
2014 1748 2079 1782 Deo,
2094 1747 2142 1777 sed

1292 1796 1429 1825 retinebat
1450 1795 1544 1829 avide;
1568 1795 1710 1824 mendicus
1732 1795 1800 1824 nihil
1822 1795 1990 1832 possidebat,
2005 1795 2074 1824 nihil
2094 1795 2142 1823 ha-

1292 1843 1374 1871 bebat
1394 1845 1443 1871 aut
1474 1842 1577 1871 hahere
1598 1842 1706 1871 volebat
1738 1842 1789 1870 nisi
1811 1842 1916 1875 Deum;
1938 1842 1991 1871 iam
2023 1845 2083 1871 erat
2113 1841 2141 1870 in

1292 1890 1382 1923 caelo,
1410 1890 1503 1918 vivens
1531 1889 1558 1918 in
1588 1888 1706 1923 mundo;
1729 1888 1855 1918 Matthaei
1879 1889 1976 1926 quinto
1991 1889 2017 1917 ⁷:
2041 1889 2139 1923 Beati,

1288 1944 1436 1973 pauperes
1462 1936 1589 1973 spiritu,
1618 1935 1759 1973 quoniam
1788 1935 1920 1972 ipsorum
1948 1939 1990 1963 est
2016 1943 2140 1973 reqnum

1292 1983 1449 2012 caelorum.
1468 1983 1533 2017 Est,
1555 1982 1636 2017 dicit,
1658 1985 1685 2011 et
1700 1990 1767 2016 non,
1790 1982 1852 2010 eric.
1877 1982 1953 2016 ldeo,
1975 1990 2038 2011 cum
2054 1982 2141 2011 exivit

1291 2030 1383 2059 anima
1403 2030 1464 2059 eius
1485 2030 1518 2058 de
1539 2037 1668 2066 corpore,
1691 2029 1765 2057 venit
1780 2029 1894 2058 Michael
1915 2032 1942 2058 et
1962 2029 2055 2066 posuit
2076 2037 2140 2058 eum

1291 2077 1318 2106 in
1341 2077 1512 2114 possessione
1534 2076 1611 2113 regni
1633 2075 1773 2110 caelestis;
1795 2079 1822 2104 et
1844 2084 1858 2104 e
1879 2084 2013 2105 converso
2037 2076 2140 2105 factum

1291 2127 1332 2153 est
1353 2124 1386 2153 de
1407 2124 1491 2152 divite
1513 2126 1674 2160 peccatore,
1696 2122 1784 2160 quod,
1805 2122 1870 2159 quia
1892 2123 1960 2151 nihil
1976 2123 2063 2151 voluit
2078 2130 2140 2159 pos-

1291 2171 1381 2201 sidere
1409 2171 1436 2200 in
1458 2171 1548 2205 caelo,
1571 2170 1769 2207 praecipitatus
1800 2173 1841 2199 est
1869 2170 1895 2198 in
1924 2170 2079 2204 infernum3
2101 2169 2138 2198 ibi

1292 2218 1389 2247 habuit
1409 2217 1609 2254 possessionem
1638 2225 1725 2245 suam.
1752 2217 1821 2245 Mala
1845 2216 1981 2253 possessio
2008 2218 2051 2245 est
2078 2224 2140 2253 pos-

1291 2265 1381 2294 sidere
1402 2272 1526 2298 vermes;
1550 2264 1633 2292 Isaiae
1653 2264 1760 2292 decimo
1779 2267 1895 2300 quarto:
1913 2262 2015 2292 Subler
2031 2266 2055 2291 le
2068 2266 2140 2291 scer-

1290 2316 1376 2340 nelur
1398 2311 1493 2345 tinea,
1515 2314 1539 2339 el
1562 2311 1772 2348 operimentum
1794 2314 1878 2338 cuum
1906 2314 1992 2338 erunt
2018 2317 2138 2338 vermes

1291 2358 1385 2395 Cogito
1407 2358 1490 2387 istum
1512 2365 1663 2394 pauperem
1695 2357 1867 2390 mendicum,
1889 2364 1972 2393 quem
2002 2356 2138 2385 latrabant

1291 2414 1377 2434 canes
1399 2408 1426 2434 et
1453 2404 1605 2433 veniebant
1625 2408 1651 2433 et
1677 2404 1823 2441 linyebaiu
1845 2404 1945 2432 ulcera
1966 2404 2029 2432 eius
2036 2414 2046 2437 ;
2074 2403 2138 2440 qui,

1291 2460 1354 2481 cum
1377 2455 1506 2480 mortuus
1527 2455 1584 2485 est,
1607 2455 1733 2488 portatus
1754 2454 1795 2480 est
1815 2451 1850 2479 ab
1871 2450 1979 2487 Angelis
2006 2450 2033 2479 in
2060 2458 2139 2487 para-

1291 2499 1390 2527 disum.
1413 2498 1507 2535 Cogito
1528 2498 1640 2526 divitem
1664 2501 1865 2535 purpuratum,
1887 2497 1933 2534 qui
1949 2500 2009 2526 erat
2024 2497 2050 2525 in
2064 2505 2139 2534 pur-

1288 2554 1371 2582 pura
1392 2549 1417 2573 el
1438 2545 1522 2583 bysso
1543 2549 1570 2573 et
1592 2545 1711 2574 habebat
1733 2544 1835 2573 multos
1856 2544 1966 2578 fratres,
1981 2544 2082 2572 mullas
2098 2543 2139 2572 di-

1291 2592 1386 2626 vitias,
1408 2595 1433 2620 el
1453 2592 1583 2629 sepultus
1604 2595 1645 2620 est
1666 2592 1697 2620 in
1715 2590 1840 2628 inferno.
1857 2591 1905 2620 Ubi
1921 2593 1987 2620 sunt
2002 2590 2139 2627 principes

1290 2639 1463 2668 ambulantes
1479 2639 1505 2667 in
1521 2639 1609 2676 equis,
1625 2639 1652 2667 in
1668 2638 1805 2676 phaleris?
1822 2639 1888 2667 Date
1903 2638 1970 2666 mihi
1985 2638 2137 2675 principem

451 2815 458 2827 ¹
478 2817 558 2838 Psalm.
582 2817 629 2844 137,
647 2818 667 2839 2.

451 2854 459 2867 ²
477 2854 522 2877 Csr.
540 2856 661 2878 Gocelinus
679 2858 812 2885 monachus,
825 2857 875 2879 Vita
889 2858 910 2879 Β.
924 2858 1046 2885 Augustini
1059 2857 1161 2885 episcopi
1178 2856 1233 2880 Cau-

389 2894 520 2921 mariensis,
538 2895 600 2922 apud
619 2895 720 2917 Bolland.
737 2896 765 2917 ad
783 2896 844 2917 diem
864 2896 892 2918 26
910 2896 969 2922 Maii,
985 2902 1005 2919 c.
1017 2897 1038 2919 5.
1051 2903 1072 2918 n.
1085 2896 1122 2918 51.
1135 2909 1163 2912 »-
1177 2896 1232 2918 Dein

389 2936 516 2960 sequuntur
534 2933 571 2955 lob
590 2933 630 2960 38,
649 2934 669 2955 t.
687 2934 708 2955 7.
727 2937 748 2956 et
766 2935 800 2956 ΡΒ.
819 2935 857 2961 67,
875 2935 912 2956 26.

452 2970 461 2983 ³
480 2971 544 2994 Vers.
566 2972 599 2993 10.
621 2973 654 2994 11.

1352 2816 1361 2828 '¹
1381 2817 1461 2838 Psalm.
1480 2817 1521 2843 33,
1538 2816 1559 2838 7.
1579 2823 1640 2844 seq.;
1658 2818 1787 2844 sequuntur
1799 2816 1854 2837 Gen.
1871 2815 1904 2842 16,
1916 2814 1938 2836 7.
1950 2816 1972 2836 et
1984 2815 2037 2842 Sap.
2055 2814 2088 2841 ¹6,
2101 2814 2137 2836 20.

1352 2854 1361 2867 ⁶
1379 2856 1463 2878 Psalm.
1483 2856 1539 2883 118,
1561 2856 1610 2877 103.

1352 2894 1361 2907 ‘⁵
1380 2895 1443 2917 Vers.
1462 2895 1489 2921 73
1507 2895 1563 2917 infra
1581 2894 1632 2917 cod.
1651 2893 1720 2916 habet
1737 2893 1802 2917 eiecit
1818 2899 1860 2921 pro
1878 2892 1962 2916 eiectus
1977 2893 2025 2920 est,-
2037 2892 2087 2914 dein
2106 2897 2138 2914 se-

1289 2938 1391 2963 quuntur
1409 2935 1481 2961 Apor.
1502 2934 1541 2960 112,
1565 2934 1597 2955 10,
1616 2936 1637 2955 et
1655 2934 1710 2957 Luc.
1728 2933 1768 2960 16,
1787 2933 1823 2954 22.

1353 2972 1361 2985 ⁷
1379 2973 1445 2995 Vers.
1463 2973 1490 3001 33
1508 2975 1636 3001 sequuntur
1655 2972 1703 2994 lsai.
1725 2971 1766 2998 114,
1787 2972 1819 2993 11.
1838 2974 1859 2993 et
1876 2971 1931 2993 Luc.
1953 2971 1991 2998 16,
2014 2970 2045 2992 19.
2065 2970 2101 2992 21.

2167 725 2196 744 Ad
2208 726 2243 749 Dent

2171 749 2243 773 possidet

2191 772 2236 793 dum.
