2243 3348
1 1549 4 1598 A
34 1569 110 1589 Divisio.

2 1944 3 1958 l

1 1959 3 1966 A

11 1991 61 2010 ¹Pars
72 1991 86 2010 1.

2 2015 110 2034 ‚enci-ibitur

0 2038 95 2057 escensio

2 2061 59 2080 «11111311
70 2062 106 2080 ori-

4 2085 53 2104 *nale
64 2085 114 2108 prin·

11 2108 92 2133 stipium.

721 224 751 252 IN
773 223 971 252 ASCENSIONE
993 223 1118 252 DOMINI.
1142 224 1251 253 SERMO
1273 225 1290 252 I.

133 303 279 338 Quartum,
295 301 368 338 quod
382 301 493 330 difficile
507 304 549 330 est
562 300 596 329 ad
610 300 822 335 ostendendum,
835 303 889 334 est,
904 300 978 336 qnod

134 356 186 377 non
209 351 250 377 est
270 355 320 384 per
342 347 515 381 violentiam,
537 346 584 375 sed
615 354 665 382 per
695 349 824 374 naturam
853 346 978 382 corporis

133 395 260 432 gloriosi,
289 394 362 431 quod
394 401 497 429 corpus
524 401 560 422 ex
586 396 707 429 quatuor
728 392 871 421 elementis
902 400 977 420 com-

134 441 253 478 positum
275 448 386 469 sursum
410 440 532 469 ferretur
547 442 574 468 et
599 439 754 475 quiesceret
776 439 929 467 exaltatum
951 441 978 467 et

133 488 320 517 sublimatum.
342 485 484 522 Quomodo
498 485 570 514 istud
588 488 677 521 potest
691 493 751 513 esse
766 485 918 513 secundum
935 492 977 513 re-

133 537 202 563 ctam
225 534 376 566 rationem,
398 532 487 560 omnis
508 532 617 568 sapiens
638 531 761 568 ignorat,
776 531 826 559 nisi
847 531 873 559 in
889 539 977 567 qnan-

133 584 191 609 tum
214 583 255 608 est
268 588 284 608 a
299 579 402 616 Spiritu
418 581 511 607 sancto
525 578 649 607 elevatus
663 581 690 606 et
715 578 879 606 illustratus.
904 577 977 606 Istud

132 628 202 656 scire
223 630 265 655 est
285 626 410 660 difficile,
432 625 477 654 sed
499 625 627 653 Christus
657 624 742 658 dixit,
767 624 839 661 quod
863 624 975 661 intelligi

131 677 235 711 potest:
258 673 360 706 Eoeivi,
384 672 488 709 inquit,
510 680 530 700 a
562 671 654 699 Patre
675 675 726 700 etc.
750 671 880 705 Videtur,
902 671 976 708 quod

131 721 189 755 (sit)
210 720 335 753 difficile,
357 719 431 756 quod
456 719 489 747 ad
523 719 628 746 Patrem
663 718 742 746 vadat
764 726 812 754 per
840 718 976 746 ascensio-

131 776 209 801 nem;
231 767 278 796 sed
300 767 320 795 si
344 767 481 803 intelligo,
503 766 576 803 quod
598 765 688 794 exivit
701 774 721 793 a
744 766 850 798 Patre,
866 773 921 793 non
935 768 977 793 est

131 814 334 847 irrationabile,
356 813 428 850 quod
445 816 611 841 revertatur
625 812 666 840 acl
683 812 811 846 Patrem,
833 812 854 840 51
878 819 923 840 res
942 811 976 840 ad

131 869 213 891 suum
234 861 367 897 originale
398 860 567 896 principium
595 859 762 892 reducatur;
791 858 836 887 sed
859 866 913 886 non
935 861 977 886 est

130 911 227 937 contra
241 908 383 936 rationem.
399 907 437 935 De
453 907 504 935 isto
519 906 664 942 mysterio,
679 905 782 934 seilicet
795 905 975 939 ascensionis,

130 955 196 984 dicit
211 954 334 983 Psalmus
346 955 371 981 ¹:
390 954 423 981 ln
436 953 494 981 sole
505 953 604 989 posuit
620 952 844 981 tabernaculum
868 960 974 985 suum,

130 1004 155 1028 et
177 1000 238 1037 ipse
268 1003 410 1037 tanquam
442 1007 568 1036 sponsus
595 999 755 1036 procedens
780 999 814 1027 cle
846 997 975 1027 chalamo

129 1056 192 1076 suo.
215 1046 381 1075 Exsullavit
402 1050 433 1074 ut
453 1046 540 1083 qiyas
561 1045 602 1074 ad
621 1045 801 1074 currendam.
833 1045 921 1073 viani.
949 1046 971 1073 A

129 1102 244 1122 suinrno
265 1093 343 1121 caelo
363 1093 488 1130 eyressz'o
510 1093 589 1125 eius,
605 1096 629 1120 et
650 1100 792 1120 occursus
807 1092 869 1120 eius
885 1100 976 1130 usque

130 1140 170 1169 acl
190 1149 340 1169 summani
360 1141 430 1168 eius.
454 1140 529 1168 Sicut
555 1139 626 1168 enim
659 1139 699 1167 sol
720 1147 740 1167 a
760 1147 875 1167 Stmmto
897 1138 975 1167 eaelo

129 1188 277 1225 egreditur
299 1189 359 1221 eto,
383 1187 420 1215 ita
442 1187 615 1223 regreditur;
638 1186 711 1215 unde
727 1187 751 1214 in
777 1186 974 1215 Ecclesiaste2:

132 1235 236 1264 Oritur
256 1234 299 1263 sol
319 1239 343 1262 el
365 1234 468 1262 occidit
489 1238 513 1262 et
534 1234 574 1262 ad
596 1233 689 1262 locum
704 1242 792 1262 suurn
808 1234 973 1262 revertitur.

130 1281 196 1310 Illud
219 1289 273 1309 non
295 1284 337 1310 est
357 1280 562 1314 irrationabile,
584 1280 604 1308 si
621 1280 661 1308 sol
677 1283 785 1314 noster,
807 1280 976 1314 Christus,a

130 1336 239 1357 summo
270 1328 349 1357 Patre
377 1328 459 1356 habet
489 1327 639 1364 originem,
662 1327 736 1364 quod
762 1330 920 1356 revertatur
941 1327 975 1355 ad

129 1383 206 1405 suam
238 1376 381 1412 originem.
416 1375 627 1403 Intellectualem
654 1375 737 1403 istum
769 1375 906 1403 circulum
928 1375 976 1403 de-

129 1423 224 1452 scribit
252 1423 330 1452 nobIs
357 1423 498 1456 Christus,
520 1422 627 1450 dicens:
652 1422 738 1450 Eximi
759 1430 778 1449 a
801 1422 891 1450 Patre
912 1425 973 1456 etc„

128 1474 155 1499 et
176 1471 297 1507 explieat
319 1469 461 1498 materiam
484 1469 637 1505 praesentis
668 1469 864 1502 solemnitatis,
887 1469 912 1497 id
934 1472 976 1497 est

128 1518 295 1547 ascensionis
315 1525 381 1546 snae
403 1524 487 1553 super
508 1517 609 1545 choros
627 1516 792 1552 Angelorum
807 1516 840 1544 ad
857 1516 973 1544 Patrem.

128 1564 265 1594 Describit
285 1568 377 1593 autem
398 1571 543 1592 ascensum
575 1563 660 1591 istum
691 1565 827 1599 quantum
850 1563 883 1591 ad
906 1563 974 1597 tria,

128 1612 231 1641 scilicet
252 1615 387 1648 qnantum
419 1610 451 1638 ad
484 1609 629 1647 oriyinale
660 1617 742 1638 suum
770 1610 973 1646 principiani,

127 1662 263 1696 quantum
285 1658 318 1687 ad
341 1657 533 1686 interveniens
563 1657 692 1685 medium
721 1660 748 1685 et
763 1660 911 1693 rquantum
940 1657 974 1685 ad

127 1705 215 1743 finale
236 1705 480 1742 complementum.
504 1704 626 1732 Primum
654 1706 783 1737 notatur,
806 1712 870 1732 cum
892 1703 973 1732 dicit:

130 1751 217 1780 Exivi
236 1760 255 1780 a
277 1752 384 1784 Patre,
400 1751 504 1779 scilicet
518 1758 567 1787 per
582 1753 723 1778 aeternam
738 1749 972 1786 96²teralz'onem;

128 1798 298 1832 secundum,
320 1806 382 1826 cum
405 1797 486 1826 dicit:
508 1802 534 1825 et
554 1797 620 1825 veni
651 1797 681 1825 in
712 1796 872 1830 munuum,
905 1796 974 1825 scili-

128 1848 170 1874 cet
192 1853 241 1882 per
262 1848 413 1874 assumtam
434 1843 665 1877 lzzwtmanitateim
681 1844 810 1873 tertium:
833 1844 908 1872 vado
933 1844 973 1872 ad

129 1892 268 1926 Patrem,
291 1892 394 1921 scilicet
415 1900 463 1928 per
487 1891 660 1920 victoriosam
682 1892 888 1920 ascensionem.

206 1939 223 1967 1.
240 1939 345 1973 Primo⁷
360 1938 436 1973 dico,
451 1938 583 1967 describit
597 1939 675 1967 nobis
690 1938 877 1967 ascensionem
893 1946 971 1967 suam

127 1986 254 2014 Christus
276 1988 411 2022 quantum
443 1985 476 2013 ad
505 1985 649 2022 oriyinale
670 1993 752 2014 suum
772 1985 970 2022 principium,

126 2041 190 2062 cum
221 2032 338 2061 divitur:
364 2033 450 2061 Eaeivi
469 2041 488 2061 a
522 2033 629 2065 Patre,·
658 2032 735 2069 quasi
769 2032 887 2061 diceret:
918 2040 971 2061 non

126 2083 282 2108 reverterer
303 2079 337 2108 ad
360 2080 465 2108 Patrem
493 2079 526 2108 de
556 2080 673 2113 mundo,
695 2079 745 2108 nisi
780 2079 858 2116 prius
883 2087 970 2108 esseni

127 2126 228 2155 missus
249 2134 264 2154 a
286 2127 378 2159 Patre,
396 2126 462 2163 quia
482 2135 564 2154 nemo
580 2126 709 2154 ascendit
730 2126 761 2154 in
775 2126 898 2159 caeluni,
913 2126 973 2154 nisi

126 2173 178 2211 qui
198 2173 343 2201 descendit
363 2173 397 2201 de
417 2173 508 2206 caelo,
530 2173 626 2201 Filius
648 2172 790 2207 hominis,
813 2173 865 2211 qui
885 2173 971 2201 estin

126 2219 242 2253 caelo³;
263 2220 341 2256 quasi
362 2219 481 2248 diceret:
497 2228 551 2248 non
574 2220 698 2248 mitterer
714 2220 740 2248 in
758 2220 902 2254 mundum,
919 2220 970 2248 nisi

126 2274 142 2294 a
157 2266 235 2295 Patre
249 2266 355 2295 exirem
370 2269 433 2295 ante
448 2267 593 2295 mundum.
608 2267 694 2295 Dicit:
715 2267 802 2295 Exivi
822 2276 841 2295 a
864 2267 971 2300 Patre;

125 2313 262 2346 medium,
283 2313 387 2342 seilicet
411 2314 484 2350 quod
505 2314 633 2343 Christus
661 2314 735 2342 venit
763 2314 790 2342 in
819 2314 969 2349 mundum,

125 2363 167 2389 est
188 2360 307 2389 medium
330 2361 401 2389 inter
422 2360 478 2389 duo
498 2364 640 2395 extrema,
662 2369 733 2398 quae
755 2365 835 2390 sunt:
857 2362 937 2389 exire
951 2370 970 2389 a

126 2407 216 2435 Patre
236 2410 264 2435 et
285 2407 391 2436 reverti
411 2408 451 2436 ad
475 2408 611 2441 Patrem
633 2411 674 2436 est
696 2407 817 2436 medium
840 2416 894 2436 non
916 2408 971 2436 dis-

125 2461 225 2482 sonans
245 2454 280 2482 ab
301 2454 450 2488 extremis,
472 2454 519 2483 sed
541 2455 692 2486 cohaerens
707 2455 850 2483 extremis.
866 2455 891 2483 Si
907 2455 970 2491 quis

126 2500 177 2528 hoc
193 2503 282 2536 potest
296 2500 450 2534 ostendere,
463 2504 529 2529 tunc
542 2504 630 2537 potest
640 2501 720 2529 nobis
734 2501 878 2530 ostendere
891 2501 970 2529 viam

125 2546 242 2584 aquilae
263 2546 294 2575 in.
325 2547 410 2575 caelo.
443 2547 528 2576 Dicit:
553 2548 639 2576 Exivi
669 2556 689 2576 a
712 2548 817 2582 Patre,
843 2548 968 2585 originali

124 2600 254 2630 egressu,
277 2601 330 2622 non
353 2594 446 2628 locali3
471 2602 522 2622 non
544 2594 681 2631 intelligas
702 2595 738 2623 ibi
771 2598 876 2623 motum
900 2595 970 2624 loca-

124 2639 186 2668 lem.
210 2640 240 2668 Et
261 2640 419 2675 sciendum,
440 2641 515 2678 quod
535 2641 624 2670 exivit
644 2651 663 2670 a
687 2643 776 2670 Patre
791 2646 822 2670 ut
847 2642 968 2671 Verbum

124 2686 255 2715 universa
273 2688 509 2724 praeordinans,
532 2691 563 2717 ut
594 2689 715 2717 Verbum
750 2689 879 2718 universa
910 2690 969 2718 ori-

123 2732 232 2770 9inans
253 2737 280 2762 et
300 2737 332 2762 ut
360 2734 482 2763 Verbum
505 2735 635 2763 universa
656 2744 840 2764 conservans.
872 2736 969 2764 Exivit

187 2857 194 2870 ¹
214 2859 296 2881 Psalm.
317 2860 354 2886 18,
372 2860 393 2881 6.
411 2866 459 2888 seq.

187 2896 195 2909 ²
212 2897 267 2925 Cap.
287 2899 307 2926 I,
324 2898 346 2920 5.

187 2935 195 2948 ³
214 2937 274 2959 loun.
293 2937 314 2963 3,
335 2938 368 2960 13.

186 2974 195 2987 4
212 2975 256 2998 Csr.
275 2978 330 2997 lom.
351 2977 378 2998 V.
400 2976 479 3000 Collat.
500 2979 522 3000 in
546 2979 653 3002 Hexiem.
676 2981 749 3002 collat.
775 2981 809 3002 12.
832 2987 855 3008 p.
873 2982 886 3003 1.
906 2988 928 3003 n.
946 2982 966 3003 ¹2.

124 3019 189 3042 seqq.

1818 231 1874 260 315

1035 308 1055 328 a
1076 301 1167 329 Patre
1188 302 1310 330 Verbum
1325 303 1446 336 humile,
1462 303 1509 332 sed
1524 304 1648 333 sublime.
1673 306 1768 334 Exivit
1783 315 1802 334 a
1817 308 1876 335 Ρα-
1891 315 2004 336 subdivisio.

1036 350 1078 375 tre
1099 350 1130 375 ut
1149 347 1271 376 Verbum
1297 348 1426 377 universa
1448 350 1683 385 praem-clinans,
1705 352 1770 388 quia
1790 353 1876 382 fonta-

1036 393 1138 421 lissima
1159 393 1228 427 lime,-
1249 398 1280 422 ut
1308 395 1430 423 Verbum
1458 396 1589 425 universa
1616 397 1784 434 originum,
1812 399 1877 435 quia

1035 438 1214 467 fontalissima
1235 439 1348 473 virtu-s,·
1363 444 1394 468 nt
1409 441 1530 469 Verbum
1546 442 1677 470 universa
1691 451 1876 478 conservans,

1034 485 1100 522 quia
1121 489 1162 514 est
1182 486 1362 515 fontalissima
1384 487 1443 515 vita
1457 488 1477 515 4.

1113 531 1215 565 Primo,
1237 532 1313 566 dico,
1335 532 1422 561 exivit
1443 533 1571 562 Christus
1599 542 1618 562 a
1641 535 1730 563 Patre
1751 540 1782 564 ut
1809 537 1876 565 Ver·
1889 546 1950 564 Primo
1964 547 2020 565 exivit

1034 578 1100 606 bum
1123 578 1263 606 universa
1282 579 1518 614 praeordinans,
1540 580 1606 617 quia
1627 584 1668 609 est
1698 581 1877 611 fontalissima
1892 569 2020 619 οιιξιᾞῖιῂὲῗέο-

1034 624 1093 652 lux.
1116 624 1187 652 Dicit
1214 625 1422 661 Augustinus⁶2
1445 626 1470 654 Si
1504 627 1553 654 lux
1584 628 1735 663 corporalis
1765 632 1806 657 est
1832 638 1876 658 ae-
1897 615 2015 657 ‘'ffliffi'fm

1034 674 1127 705 terna,
1149 679 1216 708 ergo
1237 676 1264 700 et
1284 672 1415 708 splendor
1437 672 1506 701 lueis
1527 677 1568 702 est
1589 677 1734 709 aeternus3
1757 676 1803 704 sed
1826 677 1876 705 lux

1033 722 1145 746 aeterna
1178 718 1284 746 initium
1313 719 1420 747 nullum
1448 719 1531 748 habet
1562 721 1713 749 secundum
1742 723 1875 752 rationem

1033 768 1060 793 et
1080 768 1121 793 est
1142 765 1327 793 actualissima
1349 768 1376 794 et
1396 769 1510 802 generat
1531 767 1704 803 splendorem
1730 768 1762 797 de
1783 773 1876 798 actua-

1033 811 1108 840 litate
1130 819 1196 840 sua:
1219 819 1285 848 ergo
1306 819 1418 840 necesse
1439 816 1495 846 est,
1517 813 1589 849 quod
1620 814 1748 850 splendor
1770 816 1805 844 sit
1831 825 1876 845 ae-

1033 861 1138 887 ternus.
1161 858 1200 886 De
1221 858 1300 887 exitu
1322 859 1476 895 splendoris
1496 860 1600 888 aeterni
1622 861 1656 889 de
1678 861 1738 890 luce
1765 866 1877 892 aeterna

1032 905 1134 933 dicitur
1156 905 1183 933 in
1205 905 1433 934 Ecclesiastico⁶:
1451 907 1511 942 Ego
1532 915 1566 934 ca·
1588 915 1636 935 ore
1651 907 1797 936 Allissimi
1807 918 1876 946 pro-

1032 952 1094 980 clivi
1111 952 1310 989 primogenita
1331 956 1398 980 ante
1419 961 1530 981 omnem
1552 957 1731 982 creaturam.
1750 956 1808 992 EgJo
1821 956 1878 992 feci

1033 999 1063 1027 in
1078 998 1176 1033 caelis,
1189 1002 1222 1027 ut
1236 999 1366 1027 oriretur
1380 999 1476 1027 lamen
1492 999 1666 1036 indeficiens.
1680 1001 1738 1037 Epo
1754 1002 1784 1029 in
1799 1003 1877 1031 alcis-

1032 1046 1116 1074 siniis
1138 1044 1282 1078 habitavi,
1298 1049 1324 1074 et
1338 1045 1462 1074 thronus
1482 1055 1563 1074 incus
1585 1047 1616 1075 in
1631 1047 1766 1076 columna
1781 1049 1875 1078 nubis.

1032 1093 1176 1129 Loquitur,
1198 1093 1276 1129 quasi
1300 1093 1427 1121 Christus
1448 1093 1576 1122 redderet
1597 1101 1706 1123 causam
1733 1095 1877 1133 investiga-

1033 1140 1129 1174 tionis,
1151 1140 1291 1177 quomodo
1312 1148 1327 1168 a
1349 1140 1427 1169 Patre
1448 1140 1544 1169 exivit.
1569 1141 1643 1178 Eyo,
1659 1141 1763 1179 inquit,
1786 1143 1816 1171 in
1837 1144 1877 1172 al-

1032 1186 1154 1214 tissimis
1176 1185 1315 1215 habitavi.
1335 1187 1371 1215 In
1392 1186 1546 1215 altissimis
1567 1186 1699 1216 habitare
1720 1193 1760 1217 est
1781 1190 1813 1218 ad
1835 1198 1877 1219 ae-

1032 1233 1192 1269 qualitatem
1227 1233 1313 1262 Patris
1344 1233 1455 1267 sedere,
1477 1241 1531 1262 non
1564 1234 1635 1262 sicut
1662 1235 1757 1264 lucifer
1782 1237 1876 1266 sedere

1032 1280 1132 1314 voluit,
1154 1280 1202 1308 sed
1223 1280 1295 1309 sicut
1325 1280 1409 1309 Filius
1440 1281 1516 1309 sedet
1537 1281 1570 1309 ad
1598 1281 1741 1310 dexteram
1763 1283 1809 1312 Dei
1834 1284 1877 1312 Pa-

1033 1327 1098 1361 tris;
1120 1327 1259 1356 Psalmus:
1284 1327 1365 1356 Dixit
1398 1328 1540 1356 Dominus
1563 1329 1685 1357 Domino
1707 1338 1784 1358 meo:
1808 1331 1877 1359 Sede

1032 1383 1051 1402 a
1082 1374 1194 1402 dextris
1224 1375 1304 1402 meis.
1336 1375 1412 1411 Epo,
1442 1374 1546 1411 inquit,
1575 1374 1632 1412 leci
1659 1375 1690 1403 in
1721 1377 1823 1411 caelis,
1846 1382 1877 1406 ut

1032 1421 1162 1450 oriretur
1184 1421 1280 1449 lumen
1303 1421 1480 1457 indeficienS,
1503 1422 1605 1451 scillcet
1627 1423 1692 1459 quia
1713 1431 1773 1452 sum
1787 1425 1876 1460 splen—

1031 1468 1081 1497 dor
1106 1472 1233 1497 aeternae
1259 1469 1328 1497 lucis
1353 1468 1542 1497 indeficientis.
1565 1469 1596 1497 Et
1621 1470 1778 1506 quomodo?
1801 1472 1875 1508 Epo,

1031 1515 1134 1552 inquit,
1156 1524 1190 1544 ex
1212 1524 1260 1544 ore
1282 1516 1429 1544 Altissz‘mz'
1447 1516 1567 1552 proclivi
1588 1517 1785 1554 prinioyenita
1811 1522 1876 1547 ante

1031 1571 1142 1591 onzneni
1171 1566 1351 1591 creaturam.
1377 1564 1435 1600 Epo
1455 1564 1589 1600 proclivi,
1611 1572 1664 1592 non
1695 1572 1730 1593 ex
1760 1565 1875 1600 lumbis,

1031 1609 1078 1638 sed
1106 1618 1140 1638 ex
1169 1618 1234 1643 ore;
1264 1610 1402 1638 Psalmus:
1434 1611 1585 1639 Eructavit
1613 1619 1664 1639 eor
1691 1620 1784 1639 nzeum
1814 1621 1876 1640 ver-

1032 1657 1099 1685 bum
1122 1656 1237 1685 bonum.
1272 1657 1428 1686 Intellectus
1458 1657 1545 1694 gignit
1576 1658 1784 1694 cogitationem,
1806 1662 1833 1687 et
1854 1660 1875 1688 si

1031 1702 1186 1731 intellectus
1217 1706 1259 1731 est
1290 1706 1436 1737 aeternus,
1459 1707 1486 1732 et
1507 1704 1642 1741 cogitatus
1668 1708 1709 1733 est
1729 1707 1873 1734 aeternus:

1031 1757 1097 1786 ergo
1118 1753 1145 1778 et
1159 1750 1281 1778 Verbum
1304 1750 1338 1778 ab
1360 1750 1419 1787 ipso
1440 1750 1592 1787 procedens
1609 1751 1663 1779 erit
1676 1754 1834 1786 aeternum3
1850 1755 1876 1780 et

1031 1796 1057 1824 in
1080 1796 1125 1824 1110
1147 1796 1238 1825 Verbo
1259 1800 1372 1825 aeterno
1393 1797 1485 1825 omnia
1507 1797 1692 1834 praeordinat.
1715 1798 1787 1827 Deus
1803 1799 1873 1827 enim

1031 1843 1206 1880 intelligendo
1227 1852 1256 1872 se
1277 1847 1434 1881 praesentat
1455 1852 1484 1873 se
1515 1845 1582 1879 sibi,
1605 1848 1631 1873 et
1659 1853 1687 1874 se
1717 1854 1876 1882 repraesen-

1031 1890 1112 1918 tando
1134 1890 1201 1924 sibi,
1224 1898 1334 1919 necesse
1356 1894 1412 1925 est,
1435 1892 1508 1928 quod
1530 1900 1559 1920 se
1581 1892 1714 1929 intelligat
1739 1897 1765 1921 et
1786 1901 1814 1921 se
1839 1893 1876 1921 in·

1031 1937 1176 1974 telligendo
1198 1945 1226 1966 se
1248 1938 1388 1974 exprimat
1409 1942 1436 1967 et
1457 1938 1529 1967 dicat
1556 1942 1583 1967 et
1614 1939 1729 1968 dicendo
1754 1940 1875 1968 Verbum

1029 1984 1131 2021 gignat.
1154 1985 1224 2021 Ergo
1245 1985 1367 2013 Verbum
1397 1989 1438 2014 est
1460 1990 1527 2014 ante
1551 1994 1664 2015 omnem
1686 1991 1874 2020 c1·eaturani;

1030 2039 1096 2068 ergo
1117 2032 1175 2068 ipse
1196 2031 1324 2060 Christus
1355 2032 1479 2068 procedit
1509 2041 1525 2061 a
1551 2033 1629 2061 Patre
1661 2033 1732 2062 sicut
1754 2034 1874 2062 Verbum

1029 2081 1129 2106 cuncta
1161 2079 1374 2115 praeordinans,
1396 2080 1462 2116 quia
1483 2083 1524 2108 est
1553 2080 1603 2108 lux
1625 2080 1811 2109 fontalissima.
1835 2081 1875 2108 ln-

1031 2125 1134 2161 tellige⁷
1156 2125 1294 2162 quomodo
1315 2125 1399 2162 fecit,
1422 2126 1497 2163 quod
1518 2127 1549 2154 in
1570 2127 1658 2155 caelis
1679 2128 1809 2155 oriretur
1831 2127 1873 2155 lu-

1028 2180 1092 2200 men
1115 2171 1290 2209 indeficiens.
1317 2184 1330 2197 «
1346 2172 1446 2207 Omne,
1462 2174 1534 2210 quod
1550 2182 1567 2202 a
1582 2174 1707 2203 versione
1722 2175 1832 2211 incipit,
1848 2174 1873 2202 in

1030 2219 1182 2247 versionem
1203 2220 1349 2248 10011117».
1372 2221 1476 2249 Lumen
1498 2221 1594 2249 stabile
1616 2229 1669 2249 non
1692 2224 1733 2249 est
1754 2222 1803 2249 nisi
1827 2229 1874 2257 per

1028 2266 1202 2302 splendorem
1224 2270 1368 2295 aeternnm
1391 2270 1418 2296 et
1443 2268 1776 2304 incircumscriptibilem:
1803 2269 1873 2305 Eyo,

1029 2313 1134 2349 inquit,
1156 2322 1224 2342 suni
1245 2314 1297 2342 lux
1324 2323 1396 2343 vera
1427 2319 1453 2343 et
1482 2315 1629 2349 altissima,
1645 2316 1691 2352 qni
1715 2316 1746 2343 in
1768 2315 1874 2343 altissi-

1027 2360 1084 2388 niis
1105 2359 1254 2394 habitavi,
1276 2364 1304 2390 et
1325 2361 1448 2390 thronus
1473 2370 1553 2391 meus
1574 2363 1692 2391 habitari
1718 2363 1805 2391 debet.
1828 2362 1873 2398 lgi-

1029 2411 1075 2435 tur
1095 2408 1183 2435 exivit
1203 2416 1218 2436 a
1242 2408 1319 2437 Patre
1340 2413 1371 2437 ut
1394 2409 1514 2437 Verbum
1541 2413 1640 2438 cuncta
1663 2409 1872 2446 praeordinans,

1027 2454 1092 2491 quia
1114 2458 1155 2483 est
1176 2455 1226 2483 lux
1249 2455 1436 2484 fontalissima.

1106 2501 1231 2530 Secundo
1262 2502 1352 2530 exivit
1381 2511 1400 2531 a
1425 2503 1513 2531 Patre
1537 2507 1569 2531 ut
1590 2503 1711 2532 Verbum
1734 2503 1873 2531 universa
1901 2509 1992 2531 Secundo.

1906 2532 1986 2550 Verbum

1024 2548 1222 2585 principiam,
1238 2549 1303 2585 quia
1324 2553 1365 2578 est
1387 2549 1566 2579 fontalissima
1586 2550 1690 2578 virtus.
1710 2550 1779 2578 Dicit
1800 2550 1873 2578 Salo-
1885 2556 1946 2582 omnia
1959 2556 2008 2596 11τὲιῖ-

1028 2603 1091 2623 mon
1104 2595 1131 2623 8:
1155 2596 1227 2631 Quis
1248 2596 1378 2625 ascendit
1398 2597 1429 2625 in
1450 2597 1563 2625 caeluni
1593 2601 1679 2635 atque
1709 2596 1872 2625 descendit?
1895 2584 1980 2620 Ωᾞῖῗῗιῗε·

1028 2642 1101 2678 Quis
1122 2642 1264 2671 continuit
1293 2643 1434 2680 spiritum
1465 2645 1496 2672 in
1524 2644 1663 2672 manibus
1689 2644 1778 2672 suis?
1801 2644 1872 2679 Quis

1026 2689 1172 2726 colliyavil
1193 2698 1292 2728 aquas
1311 2691 1399 2728 quasi
1419 2691 1449 2719 in
1472 2691 1659 2720 vestimento?
1687 2692 1758 2727 Quis
1779 2692 1871 2719 susci-

1027 2736 1098 2764 tavit
1112 2745 1211 2765 omnes
1225 2738 1364 2766 terminos
1378 2738 1498 2766 terrae?
1521 2739 1604 2774 Quod
1624 2747 1727 2766 nornen
1742 2743 1782 2766 est
1799 2738 1871 2771 citis,

1089 2863 1098 2876 ⁵
1116 2864 1189 2886 Serm.
1209 2864 1261 2886 1117.
1279 2864 1343 2892 (alias
1361 2865 1399 2887 38.
1415 2865 1445 2887 de
1463 2865 1546 2887 Verbis
1563 2865 1663 2893 Domini)
1677 2871 1697 2887 c.
1711 2865 1729 2886 4,
1743 2871 1764 2886 n.
1777 2865 1802 2891 (1;
1815 2870 1835 2886 (·.
1850 2864 1871 2885 8.

1027 2910 1047 2925 n.
1070 2904 1108 2929 ll;
1126 2904 1167 2925 cfr.
1185 2906 1241 2925 tom.
1260 2904 1295 2925 VI.
1313 2910 1365 2931 pag.
1384 2903 1443 2930 248,
1461 2907 1513 2926 nota
1533 2905 1553 2926 3.

1089 2941 1098 2953 ⁰
1115 2941 1171 2969 Cap.
1189 2942 1231 2969 24,
1249 2942 1301 2969 5-7;
1319 2946 1448 2971 sequnntur
1465 2943 1500 2965 Ps.
1522 2944 1571 2971 ¹09,
1590 2944 1609 2965 l.
1627 2946 1649 2965 et
1668 2943 1704 2971 lt,
1728 2944 1746 2964 1.

1088 2980 1096 2993 ⁷
1115 2981 1257 3009 0111111150,,1.
1271 2982 1300 3004 de
1316 2982 1371 3004 Fide
1388 2982 1479 3004 orthod.
1497 2988 1516 3004 c.
1534 2983 1560 3011 33
1577 2984 1618 3004 csr.
1636 2985 1691 3005 toni.
1710 2983 1722 3004 1.
1741 2988 1795 3010 pag.
1817 2982 1870 3009 158,

1024 3023 1076 3042 nota
1098 3021 1138 3047 13;
1155 3020 1209 3042 dein
1227 3020 1349 3048 respicitur
1367 3021 1426 3043 loen.
1448 3022 1465 3048 l,
1484 3022 1504 3043 9.
1640 3021 1649 3036 ⁸
1668 3022 1733 3043 rmv.
1751 3022 1792 3047 30,
1811 3021 1830 3043 »1.
1849 3022 1870 3043 6.
