2243 3348
246 598 359 620 Exemplum.

249 2098 324 2117 Monitio
337 2098 361 2116 ad

248 2122 325 2140 clericos
338 2122 361 2139 ad

251 2145 357 2164 sectandam

242 2169 364 2187 sanctitatem.

380 187 434 215 (iltli

380 268 455 301 potes
476 267 562 292 totum
588 262 760 297 temetipsum
783 267 923 296 exponere
943 267 992 295 pro
1014 266 1069 286 una
1091 257 1220 285 vilissima

378 310 577 340 delectatione?
600 309 661 336 Plus
690 307 789 343 poterit
817 306 842 333 in
874 309 898 333 te
931 305 1030 332 misera
1061 303 1219 339 corruptio,

379 366 459 395 quam
485 356 567 393 possit
589 356 614 382 in
639 359 663 382 te
685 357 783 381 natura
805 360 867 380 cnm
888 352 996 388 gratia?
1019 350 1099 379 Absit.
1117 350 1218 378 Verum

378 408 433 435 est.
456 403 527 440 quod
551 402 620 429 mala
634 399 803 429 consuetudo
820 399 937 426 multum
955 397 1038 425 inlicit
1053 399 1080 425 et
1095 403 1221 424 corrum-

379 452 416 488 pit
437 451 579 481 allectunu
602 447 647 475 sed
671 446 737 474 nihil
760 449 800 474 est
821 445 927 473 t'acilius
949 444 1056 480 corpori
1083 445 1220 470 macerato

378 502 403 526 et
435 497 564 532 castigato
595 501 677 530 qnam
710 492 840 520 custodiri
874 495 998 519 sanctum
1027 494 1053 518 et
1076 488 1219 517 mundum.

378 544 492 572 Facilius
513 546 539 570 et
560 541 640 569 citius
662 548 690 568 se
712 542 864 575 exponeret.
887 539 967 565 homo
983 537 1076 565 calidis
1091 535 1220 568 flammis,

377 598 458 627 quam
482 589 582 616 faceret
604 587 656 615 tale
680 589 829 622 peccatum.
853 601 889 605 ——
913 583 1075 619 Exemplum
1097 583 1130 610 de
1152 590 1220 618 qno-

377 637 437 664 dam
455 636 479 663 in
497 635 564 662 vitis
580 637 737 661 sanctornm
755 633 864 659 l‘atrum
879 632 898 663 ¹,
914 630 960 667 qui
977 633 1036 658 erat
1056 629 1080 657 in
1101 628 1219 665 quodam

376 684 483 712 deserto
515 681 589 709 solus
620 681 691 708 sicut
722 679 903 710 anachoreta3
926 681 952 705 et
981 676 1055 704 venit
1085 675 1219 712 quaedam

378 730 475 758 mulier
497 729 528 757 ad
552 728 678 756 ostiolum
701 734 782 755 suum
806 726 831 753 in
855 725 944 753 bieme
972 727 998 752 et
1034 723 1123 759 coepit
1144 722 1220 755 llere,

376 777 440 813 quia
463 784 515 804 nox
539 773 787 811 appropiiiuuabat,
810 776 836 799 et
858 771 945 807 frigus
966 774 1040 801 erat:
1063 774 1089 798 et
1111 769 1130 798 si
1154 769 1220 797 t'oris

378 825 491 856 iaceret,
514 822 642 854 timebat,
665 829 697 848 ne
728 829 744 847 a
773 819 865 847 bestiis
896 818 995 846 deserti
1028 818 1218 845 devoraretur.

376 871 469 907 Coepit
490 870 607 898 clamat-e
629 868 660 896 :nl
690 867 790 895 ostium
822 866 894 893 illius
916 865 976 893 boni
1012 864 1078 896 viri,
1113 867 1142 891 nt
1171 871 1220 899 pro

379 919 431 947 Deo
455 917 587 953 reciperet
610 923 668 944 eam
702 915 727 942 in
752 913 896 949 hospitiolo
928 920 978 940 sno
1001 912 1044 939 illa
1077 914 1171 944 nocte,
1193 913 1220 938 et

378 968 489 1002 propter
512 964 606 1000 frigus,
622 971 655 990 nc
672 962 773 998 periret
788 961 898 995 frigore,
914 962 961 986 aut
982 958 1147 986 devorarent
1160 965 1219 985 eam

379 1012 486 1040 bestiae.
509 1011 561 1037 lloe
582 1009 704 1039 audiens,
720 1011 831 1035 sanctus
852 1006 892 1033 vir
912 1005 1000 1041 coepit
1022 1004 1138 1040 compati
1154 1004 1177 1032 ei
1194 1007 1220 1032 et

379 1058 477 1090 timuit,
499 1064 532 1084 ne
553 1056 585 1083 de
608 1054 768 1083 crudelitate
797 1052 1059 1089 reprehensieretur,
1085 1051 1105 1079 si
1129 1050 1220 1078 dimit-

378 1108 445 1132 terct
467 1111 525 1131 eam
549 1102 636 1132 foras,
658 1104 684 1129 et,
706 1099 861 1128 introduxit
882 1106 950 1127 eam.
973 1098 1041 1126 Cum
1063 1097 1115 1125 suit
1137 1097 1219 1131 intus,

373 1152 461 1182 dixit,
484 1150 556 1187 quod
575 1152 678 1177 tantum
695 1148 783 1184 frigus
799 1146 933 1178 habebat,
956 1145 1029 1182 quod
1048 1145 1151 1173 durare
1166 1153 1218 1173 non

378 1201 490 1235 poterat.
510 1197 539 1225 Et
562 1196 605 1224 ille
629 1196 716 1223 bonus
733 1195 813 1222 bomo
830 1193 936 1229 paravit
952 1193 988 1220 illi
1013 1200 1128 1228 parvum
1153 1191 1221 1227 igni-

376 1245 486 1277 culum,
508 1244 579 1272 sient
601 1242 704 1279 potuit,
727 1246 752 1269 et.
774 1240 896 1269 calefecit
918 1248 954 1268 se.
985 1240 1053 1267 Cum
1076 1239 1127 1267 t'nit
1150 1239 1220 1266 cale-

378 1292 454 1322 t'acla.
477 1291 564 1326 coepit
586 1290 677 1318 dicere
700 1289 735 1316 illi
759 1288 829 1316 bono
852 1287 970 1319 homini,
993 1286 1130 1323 quomodo
1150 1289 1222 1314 esset

380 1342 413 1367 ita
436 1338 564 1370 crudelis.
586 1336 660 1373 quod
683 1336 717 1363 ita
739 1335 808 1363 dure
830 1337 856 1362 et
871 1342 967 1370 aspere
991 1333 1098 1361 volebat
1113 1333 1220 1365 vivere3

377 1385 448 1421 quod
464 1385 537 1412 Deus
552 1392 604 1411 non
622 1382 759 1419 praecepit
782 1381 882 1409 homini
894 1404 900 1414 ,
920 1380 992 1417 quod
1017 1380 1162 1408 interliciat
1177 1388 1221 1412 se;

377 1436 402 1460 et
424 1432 462 1460 sie
483 1440 498 1459 a
521 1432 597 1467 longe
620 1429 720 1465 incepit
741 1429 912 1465 praevenire,
927 1436 990 1456 eum
1015 1435 1093 1463 posse
1114 1435 1173 1455 esse
1195 1427 1221 1454 in

377 1479 485 1507 saeculo
506 1481 532 1505 et
553 1478 652 1505 balwre
676 1484 757 1504 uuam
775 1476 871 1504 bonam
896 1475 1039 1503 mulierem
1063 1482 1179 1502 uxorem
1196 1476 1223 1502 et

377 1534 411 1554 ex
433 1533 463 1553 ea
487 1525 555 1553 tilios
577 1531 723 1560 procreare
745 1523 776 1551 ad
800 1523 906 1551 cultum
925 1522 981 1555 Dei,
996 1525 1023 1550 et
1039 1521 1136 1550 melius
1151 1524 1223 1549 esset

377 1580 458 1609 [piam
481 1572 517 1600 sic
540 1571 688 1599 solitariam
719 1571 801 1598 vitam
830 1570 940 1598 ducere.
972 1569 1002 1597 Et
1031 1573 1095 1597 tune
1123 1569 1223 1605 incepit

376 1621 497 1648 animum
522 1619 643 1651 virilem,
665 1621 691 1646 et
712 1621 855 1651 avertens,
878 1620 973 1653 utpote
1001 1617 1041 1644 vir
1066 1619 1178 1644 sanctus
1197 1619 1223 1644 et

378 1667 508 1697 mundus,
531 1665 621 1702 posuit
638 1673 749 1693 manum
766 1672 844 1692 suam
860 1664 886 1692 in
903 1664 1002 1700 ignem,
1018 1672 1101 1700 quani
1119 1663 1222 1691 tamdiu

378 1714 412 1742 ibi
436 1714 538 1746 tenuit,
561 1713 632 1749 qnod
657 1716 730 1740 totns
752 1719 826 1739 unus
847 1711 949 1747 digitus
973 1711 1023 1738 t'uit
1045 1710 1222 1743 combustus,

377 1765 403 1789 et
426 1765 530 1789 tantum
553 1760 642 1788 tenuit
656 1768 714 1787 eam
739 1759 765 1786 iu
789 1759 865 1795 igne,
888 1758 961 1794 quod
976 1757 1088 1785 omnino
1110 1757 1223 1785 tentatio

379 1809 422 1836 illa
444 1812 470 1836 et
492 1811 582 1836 motus
604 1807 640 1834 illi
663 1807 778 1835 fuerunt
800 1806 909 1842 penitus
930 1805 1069 1833 exstincti.
1093 1804 1114 1833 Ο
1136 1812 1223 1841 quan-
1251 1815 1253 1820 ’

380 1860 435 1884 tum
458 1855 568 1892 gavisus
589 1858 630 1883 est
653 1854 714 1890 plus
729 1853 761 1881 de
783 1853 867 1889 digito
883 1853 929 1880 illo
944 1860 1027 1889 quam
1044 1852 1076 1880 de
1095 1851 1224 1880 omnibus

377 1903 450 1931 aliis!
475 1902 517 1930 Sic
539 1909 567 1930 se
589 1901 719 1938 exposuit
747 1900 797 1928 iste
826 1899 879 1936 igni
903 1899 1055 1936 corporali,
1082 1901 1113 1927 ut
1134 1898 1224 1934 ignem

380 1949 508 1978 luxuriae
540 1949 565 1977 in
596 1956 624 1977 se
655 1948 862 1984 exstingueret,
891 1947 938 1983 qui
961 1950 1002 1974 est
1028 1945 1106 1973 valde
1136 1945 1224 1973 malus

379 1997 455 2033 iguis.

456 2044 532 2077 Audi,
554 2043 620 2080 quid
642 2042 707 2070 dicit
728 2042 773 2069 lob
788 2042 814 2069 2:
833 2041 912 2077 [quis
933 2045 973 2069 est
995 2049 1085 2078 usque
1101 2040 1140 2068 cul
1158 2048 1224 2076 per-

378 2091 514 2119 <titionem
536 2091 679 2119 devorans
701 2094 726 2117 rsa
753 2089 853 2117 eninm
880 2088 1038 2116 eradicans
1064 2087 1224 2124 yeninzinct.

380 2139 504 2175 Legimus
526 2138 551 2165 in
575 2137 717 2173 Scriptura
738 2144 831 2167 sacra,
853 2136 926 2173 qnod
955 2135 1134 2163 Nabuzardan
1159 2138 1225 2162 tem-

380 2186 453 2221 plum
471 2184 516 2213 Dei
540 2183 673 2217 incendit;
693 2184 765 2220 quod
782 2186 830 2217 est,
846 2182 957 2219 quando
973 2183 1067 2215 homo,
1083 2181 1129 2218 qui
1145 2181 1226 2209 debet

379 2240 437 2260 esse
460 2231 592 2267 templum
617 2231 672 2264 Dei,
695 2238 723 2259 se
746 2230 835 2266 ipsum
853 2230 914 2266 igne
934 2229 1053 2257 libidinis
1075 2227 1224 2256 succendit.

379 2279 532 2312 Carissimi,
554 2286 603 2307 vos
624 2278 689 2306 estis
710 2278 819 2311 elerici,
848 2277 950 2313 quibus
981 2276 1103 2313 loquitur
1129 2275 1226 2303 beatus

383 2327 486 2359 Petrus,
503 2333 618 2361 magnus
635 2328 726 2361 pastor
742 2328 831 2353 vester
846 2327 873 2352 et
887 2324 1042 2360 episcopus,
1057 2322 1130 2359 quod
1144 2321 1225 2358 (sitis)

380 2372 435 2408 filit
451 2372 632 2405 obedientiae,
649 2381 706 2400 non
721 2371 899 2408 eonfigyurttlz‘
913 2370 1065 2408 prioribus
1086 2370 1226 2406 iynoran-

382 2420 437 2447 tt'cte
460 2424 568 2447 ees-trae
589 2419 750 2452 desideriis,
773 2419 809 2447 ita
824 2418 851 2446 in
866 2418 1031 2446 canonica?
1056 2417 1151 2445 Petrus
1170 2419 1226 2450 est;

382 2466 482 2499 audite,
505 2467 605 2498 clerici,
621 2466 745 2502 discipuli
770 2466 857 2499 Petri,
879 2466 964 2493 immo
993 2465 1079 2501 tnagis
1099 2463 1225 2500 discipuli

382 2513 495 2546 Christi,
518 2513 563 2541 ubi
585 2513 650 2541 dicit
671 2513 797 2549 Magister
813 2516 918 2541 vester:
932 2512 1022 2540 Estote
1043 2512 1147 2548 magni,
1163 2511 1227 2548 quia

383 2567 432 2595 ego
455 2567 570 2596 magnus
591 2568 662 2593 sum,
684 2563 711 2587 et
732 2560 883 2596 sapientes,
906 2563 954 2588 aut
975 2559 1086 2592 divites,
1107 2562 1156 2586 aut
1170 2558 1226 2595 glo-

385 2606 447 2634 riosi
459 2609 469 2634 ⁴?
484 2607 623 2642 Nusquam
640 2607 798 2640 invenietis3
815 2606 861 2635 sed
878 2607 934 2642 ipse
949 2606 1029 2634 dicit:
1053 2606 1144 2634 Estote
1158 2613 1227 2633 san-

383 2653 437 2686 cti,
460 2653 530 2690 qtcc'tt
561 2662 610 2690 eye
638 2658 759 2681 sanetus
779 2662 854 2681 sum.
887 2654 916 2681 Et
941 2653 1014 2682 unde
1043 2653 1127 2689 igitur
1154 2655 1227 2680 tanta

385 2699 503 2733 insania,
525 2700 597 2736 quod
620 2708 672 2727 non
696 2703 794 2728 curant
816 2700 942 2728 homines
963 2700 996 2728 de
1017 2700 1160 2728 sanctitate
1180 2699 1227 2726 ha-

385 2746 486 2780 benda,
508 2746 553 2775 sed
578 2747 695 2774 multum
718 2750 816 2774 curant
837 2746 869 2775 de
884 2746 1000 2780 divitiis,
1023 2746 1109 2783 gloria
1131 2749 1157 2774 et
1179 2746 1227 2774 ho-

448 2907 455 2918 ¹
475 2908 533 2929 Libr.
554 2908 579 2929 Y.
598 2908 626 2930 tle
640 2909 695 2930 Vitis
714 2910 813 2935 Patrnm,
831 2909 922 2930 libellus
934 2909 1028 2937 quintus
1039 2909 1067 2931 de
1081 2909 1229 2931 fornicatione

387 2954 407 2968 n.
425 2947 462 2968 37.

449 2985 457 2997 ²
475 2985 530 3013 Cap.
549 2987 585 3013 331,
608 2987 644 3010 1³3:
663 2987 714 3008 ‹le'm
733 2987 854 3014 respicitur
873 2988 907 3008 lV.
927 2988 982 3015 [leg⁴
1002 2988 1038 3015 25,
1057 2989 1078 3009 9.

965 180 1137 209 SERMONES
1160 180 1201 207 DE
1224 180 1250 207 Β.
1274 178 1405 207 VlRGlNE
1427 179 1534 206 MARtA.

1277 264 1344 284 nore
1366 256 1509 292 temporali
1532 259 1559 283 et
1584 255 1617 284 de
1646 256 1780 284 scientia?
1803 256 1833 284 Et
1855 256 1927 285 Deus
1948 257 2030 285 caeli!
2060 257 2122 293 quis

1278 302 1413 330 laborabit
1435 310 1484 338 pro
1499 302 1642 330 sanctitate
1658 301 1795 336 habenda,
1811 303 1843 330 ad
1861 303 1911 331 hoe
1923 303 2034 337 seilicet,
2049 304 2122 340 quod

1277 349 1311 376 sit
1333 351 1462 376 sanctus?
1484 348 1540 376 Non
1563 352 1676 384 propter
1702 348 1825 382 divitias,
1857 349 2013 384 seientiam,
2035 350 2123 386 digni-

1279 398 1346 422 tates
1367 399 1393 422 et
1417 394 1535 422 honores
1556 398 1597 422 est
1620 395 1701 423 homo
1729 399 1841 423 sanctus
1861 403 1911 424 nec
1933 399 2079 432 reputatur
2107 404 2122 425 a

1277 441 1333 469 Deo
1354 444 1481 474 sanetus,
1504 444 1530 469 et
1560 444 1649 469 tamen
1674 449 1723 477 pro
1751 441 1809 470 istis
1830 442 2013 478 expendimus
2035 445 2121 471 totum

1278 491 1387 524 tempus
1408 491 1543 515 nostrum.
1567 487 1603 516 Ad
1626 488 1797 516 sanctitatem
1821 489 2022 525 procurandam
2045 489 2122 518 nobis

1277 535 1368 567 datur,
1390 538 1417 563 et
1438 534 1622 571 expendimus
1647 535 1713 563 illud
1736 535 1762 563 in
1785 535 1935 572 superfluis
1956 538 1983 564 et
2003 536 2122 565 nocivis!

1277 581 1360 614 Audi,
1383 580 1449 617 quid
1471 581 1535 609 dicit
1556 584 1583 609 et
1605 581 1724 610 consulit
1738 582 1850 618 Sapiens
1865 583 1891 610 ⁴¹:
1908 582 2042 611 Miserere
2056 583 2122 611 am·-

1277 636 1343 656 nzae
1364 632 1447 661 tuae,
1469 628 1586 664 placens
1614 629 1686 662 Deo,
1709 632 1734 656 et
1755 629 1883 662 contin&
1904 637 2049 667 eonpreya
2073 638 2124 658 eor

1277 679 1360 703 enum
1384 675 1414 703 z'n
1435 675 1590 703 sanctitate
1604 676 1683 708 eins,
1707 676 1890 712 non.eorpori
1913 680 1961 705 aut
1975 677 2061 711 carni,
2077 676 2125 705 sed

1276 722 1397 755 animae;
1427 726 1454 750 et
1483 730 1531 750 nos
1556 723 1726 751 contrarium
1750 722 1880 756 facimus,
1903 723 1965 760 plus
1986 723 2125 760 diligimus

1276 777 1386 797 saccum
1409 769 1473 797 limo
1494 770 1622 806 plenum,
1644 777 1746 806 corpus
1768 773 1892 798 nostrum
1915 770 2025 803 scilieet,
2041 778 2124 807 quam

1276 816 1410 848 animam,
1433 824 1504 852 qnae
1525 820 1566 844 est
1588 817 1722 852 templum
1746 817 1809 850 Dei,
1831 817 1950 853 Spiritus
1970 817 2064 846 saneti.

1356 863 1402 891 llla
1417 863 1501 899 igitur
1515 863 1606 891 anima
1620 867 1661 891 est
1677 864 1809 900 templum
1831 867 1956 892 sanctum
1973 864 2030 898 Dei,
2045 864 2125 893 cuius
2141 871 2231 896 Repetitio.

1277 910 1331 938 vim
1353 910 1556 947 potestativam
1579 910 1711 938 inhabitat
1730 910 1953 944 Deus-maiestas,
1971 911 2051 939 cuius
2070 911 2124 939 vim

1276 957 1454 994 eoynz'tz'vttnz.
1470 957 1604 985 inhabitat
1618 957 1854 993 Deussapientia,
1876 957 1956 986 cuius
1972 958 2025 986 vim
2041 966 2125 986 anza-

1277 1004 1367 1032 aivam
1391 1004 1525 1032 inhabitat
1541 1004 1744 1038 Deus-bonitas,
1767 1005 1846 1032 cuius
1863 1004 1915 1032 vim
1932 1004 2125 1033 administra-

1277 1051 1367 1079 ιίυιωη
1389 1050 1524 1079 inhabitat
1540 1051 1612 1079 Deus
1627 1054 1658 1079 ut
1673 1051 1859 1079 sanctificatio.
1880 1051 1917 1079 De
1933 1051 1976 1079 his
1992 1051 2125 1080 habemus
2136 1058 2243 1102 iffssmfliffl

1277 1098 1436 1134 exemplum
1453 1098 1478 1126 in
1493 1098 1604 1134 Virgine
1624 1098 1758 1134 gloriosa,
1779 1098 1813 1126 de
1827 1106 1883 1134 qua
1897 1102 2026 1134 apparet,
2041 1106 2124 1135 quam

1278 1144 1419 1172 timorosa
1441 1143 1540 1178 fuerit,
1563 1152 1645 1181 (fuam
1661 1145 1717 1180 side
1735 1144 1840 1181 plena,
1861 1153 1943 1182 quam
1970 1153 2125 1179 amorosa,

1277 1199 1360 1228 quam
1373 1191 1399 1219 in
1412 1192 1628 1219 conver-saltone
1639 1190 1765 1220 honesta.
1779 1192 1891 1220 —Vide
1904 1192 2065 1226 Simeonem,
2077 1192 2124 1229 qui
2143 1199 2240 1242 ¹¹ss³ssss⁰gff

1278 1241 1369 1274 portat
1389 1238 1529 1266 Christum
1553 1238 1578 1266 in
1601 1239 1674 1266 ulnis
1692 1239 1764 1272 suis;
1787 1242 1867 1275 porta
1887 1242 1914 1268 et
1935 1242 1963 1267 tu
1984 1239 2124 1268 Christum

1278 1286 1303 1313 in
1321 1285 1393 1314 ulnis
1413 1285 1503 1313 cordis
1519 1285 1574 1319 tui;
1596 1286 1756 1322 amplexare
1771 1294 1833 1314 eum
1851 1294 1899 1322 per
1914 1286 1995 1315 sidem
2011 1290 2038 1315 et
2052 1294 2126 1315 amo-

1279 1340 1345 1361 rem.
1369 1332 1404 1360 Ad
1430 1333 1480 1360 hoo
1508 1332 1591 1361 debes
1615 1333 1707 1361 venire
1735 1333 1769 1361 ad
1791 1333 1949 1367 ecelesiam,
1978 1337 2009 1361 ut
2034 1336 2127 1370 portes

1278 1381 1435 1413 Christum,
1458 1388 1510 1408 non
1527 1384 1640 1416 propter
1656 1380 1811 1416 pecuinam,
1833 1380 1904 1409 sicut
1920 1380 1997 1408 multi
2013 1380 2126 1414 faciunt,

1279 1436 1334 1464 qua
1349 1431 1475 1464 accepta,
1493 1427 1634 1461 recedunt,
1650 1427 1696 1455 sed
1712 1431 1743 1455 ut
1766 1431 1857 1463 portes
1878 1427 2029 1462 Christum,
2044 1435 2127 1464 quem

1279 1475 1359 1503 olt'ert
1376 1475 1421 1503 tibi
1439 1475 1511 1503 Deus
1527 1475 1604 1503 Pater
1619 1474 1691 1502 omni
1714 1474 1757 1502 die
1780 1474 1805 1502 in
1822 1474 1916 1502 altaris
1935 1475 2127 1508 Sacrament03

1279 1525 1304 1551 et
1327 1530 1377 1550 nos
1398 1521 1580 1558 spiritualiter
1601 1521 1735 1550 debemus
1757 1529 1820 1550 eum
1837 1529 1962 1554 sumere,
1985 1525 2011 1550 et
2033 1521 2053 1550 si
2074 1529 2126 1549 non

1279 1569 1402 1606 quotidie
1423 1568 1560 1597 sumimus
1575 1569 1782 1597 Sacramentum
1805 1568 1915 1602 altaris,
1937 1568 2071 1597 debemus
2089 1571 2128 1596 ta-

1280 1624 1341 1645 men
1365 1619 1476 1652 portare
1498 1616 1524 1643 in
1549 1616 1621 1644 ulnis
1643 1615 1744 1644 nostris
1760 1615 1839 1644 iuxta
1860 1623 1907 1644 cor
1930 1618 2054 1644 nostrum
2078 1623 2127 1652 per

1279 1671 1411 1696 amorem,
1435 1666 1465 1690 ut
1487 1663 1595 1691 tandem
1618 1662 1813 1698 perveniamus
1827 1662 1859 1690 ad
1875 1665 1998 1698 apertam
2014 1662 2074 1690 eius
2089 1661 2128 1689 vi-

1280 1711 1400 1743 sionem,
1429 1710 1567 1746 adquam
1601 1717 1650 1738 nos
1683 1709 1816 1746 perducat
1847 1709 1973 1738 Christus
1995 1709 2128 1737 Dominus

1280 1761 1382 1785 noster.

1636 1851 1780 1879 Commio.

1366 1944 1429 1972 Una
1458 1944 1600 1972 oblatione
1627 1943 1842 1972 eonsummavz't
1870 1943 1900 1971 z'n
1921 1943 2128 1979 sempiternum

1281 1991 1488 2028 sanetificatos.

1361 2037 1444 2067 Nz‘ltz'l
1473 2038 1663 2066 reiictemlum
1697 2041 1746 2071 est,
1768 2037 1844 2075 quod
1865 2045 1931 2064 cum
1955 2036 2128 2074 gratiarum

1283 2087 1395 2115 actione
1414 2085 1596 2122 pereffluam
1617 2084 1825 2121 scwtecz‘fz'ectcur
1839 2084 1914 2112 em'm
1934 2083 2130 2120 perverbum

1285 2134 1336 2162 Dei*
1356 2136 1380 2161 et
1402 2133 1580 2166 oracionem,
1603 2132 1708 2168 primae
1729 2131 1761 2159 ad
1784 2131 1958 2159 Timotheum
1980 2133 2081 2168 quarto
2095 2130 2115 2158 ⁵.

1365 2180 1394 2208 Et
1417 2180 1540 2216 loquitur
1562 2179 1706 2216 Apostolus
1727 2178 1761 2207 de
1782 2186 1832 2206 esu
1854 2178 1979 2206 ciborum
2003 2177 2130 2206 materia-

1284 2227 1365 2261 lium,
1387 2226 1497 2259 dicens,
1518 2226 1592 2263 quod
1608 2226 1709 2254 habent
1725 2233 1773 2262 per
1788 2225 1941 2253 orationem
1956 2224 2129 2253 sanctificari.

1284 2274 1456 2304 lilanifestum
1479 2278 1534 2307 est,
1557 2274 1630 2310 quod
1659 2281 1754 2301 omnes
1783 2273 1844 2301 boni
1869 2271 2025 2309 morigerati
2051 2279 2130 2308 prae-

1285 2322 1397 2349 mittunt
1419 2320 1635 2349 benedictionem
1658 2323 1721 2348 ante
1743 2319 1952 2353 comestionem3
1975 2322 2002 2347 et
2023 2318 2130 2352 vellem,

1284 2368 1357 2405 quod
1380 2375 1474 2396 omues
1496 2366 1723 2396 consuetudinem
1746 2367 1824 2395 istam
1858 2366 2007 2399 haberent,
2033 2365 2130 2393 saltem

1284 2415 1357 2452 quod
1379 2415 1502 2444 dicerent
1518 2415 1595 2443 Pater
1611 2418 1703 2443 noster
1719 2417 1745 2443 et
1760 2414 1881 2442 facerent
1896 2413 2004 2450 signum
2026 2412 2130 2446 crucis,

1285 2464 1334 2497 tet)
1350 2470 1402 2490 non
1419 2462 1581 2490 accederent
1591 2461 1624 2489 ad
1637 2461 1712 2489 cibos
1727 2461 1826 2494 carnis,
1841 2460 1912 2488 sieut
1926 2459 2030 2488 faciunt
2048 2459 2132 2487 bruta

1284 2509 1419 2537 animalia.
1443 2509 1606 2545 Exemplum
1629 2508 1662 2536 ad
1686 2508 1773 2541 hocss,
1796 2507 1869 2544 quod
1891 2507 1918 2535 in
1933 2506 2051 2543 quadam
2074 2513 2131 2534 mo-

1286 2556 1348 2584 niali
1372 2556 1484 2584 intravit
1499 2555 1624 2584 diabolus
1640 2563 1702 2583 eum
1719 2555 1841 2587 lactuca,
1863 2558 1890 2582 et
1912 2556 2005 2590 postea
2019 2552 2130 2589 quidam

1285 2604 1380 2637 bomo,
1402 2603 1570 2639 compatiens
1592 2602 1629 2630 illi
1653 2602 1779 2634 moniali,
1808 2600 1944 2638 quaesivit
1971 2608 1987 2628 a
2007 2599 2130 2634 diabolo,

1285 2651 1331 2687 qui
1362 2658 1420 2679 eam
1448 2650 1613 2683 intraverat,
1635 2648 1773 2686 quomodo
1798 2648 1958 2682 intraverit,
1990 2655 2077 2684 quare
2105 2650 2131 2675 et

1284 2697 1422 2735 quomodo
1443 2705 1529 2725 ausus
1550 2696 1634 2725 suerit
1655 2696 1758 2724 intrare
1780 2695 1910 2724 famulam
1933 2695 1979 2723 Dei
2008 2694 2131 2730 omnipo-

1286 2745 1375 2773 tentis.
1399 2744 1429 2772 Et
1450 2744 1591 2781 respondit
1617 2743 1757 2772 diabolus:
1784 2753 1797 2768 «
1814 2743 1867 2779 Ego
1892 2742 2018 2770 sedebam
2047 2748 2131 2777 super

1348 2906 1356 2919 ³
1376 2907 1446 2935 Epist.
1460 2908 1472 2929 1,
1487 2914 1505 2929 ς.
1522 2907 1540 2932 t,
1557 2906 1712 2934 ¹4;seqt1ittii·
1725 2906 1778 2927 Lex.
1793 2905 1825 2931 11,
1839 2903 1875 2926 44.
1939 2903 1948 2915 ⁴
1968 2903 2033 2925 tit-cli.
2046 2903 2081 2930 30,
2094 2902 2131 2924 24.

1349 2946 1358 2958 ⁵
1377 2947 1441 2968 Vers.
1461 2946 1480 2968 4.
1499 2952 1548 2974 seq.
1566 2946 1612 2967 Hoc
1631 2945 1750 2972 protliema
1769 2944 1833 2966 deest
1851 2943 1873 2965 iu
1891 2943 1942 2965 cod.
1961 2941 2078 2964 'l‘recer-isi.

1348 2985 1358 2998 θ
1376 2986 1412 3008 Sic
1430 2989 1507 3008 narrat
1525 2986 1548 3007 S.
1564 2986 1668 3012 Gregor„
1687 2986 1701 3007 1.
1720 2984 1807 3011 Diatog.
1825 2990 1844 3005 c.
1863 2983 1884 3005 4.
1901 2982 1930 3005 de
1947 2983 1969 3004 S.
1987 2982 2084 3010 Equitio.

2146 2042 2238 2062 Protbema

2148 2511 2241 2536 Exemplum
