2243 3348
848 189 1088 218 PROLEGOMENA
1111 190 1138 218 C.
1161 189 1200 217 111.
1840 194 1897 222 XXI

216 266 253 289 66.
274 264 370 289 Voraot'i
385 265 474 294 (Voran
492 266 513 288 in
531 266 624 295 Styria),
642 266 778 290 bibliotheca
793 267 929 295 Canonicae,
943 268 995 290 cod.

152 312 249 336 CXLIX.
266 312 364 335 membr.
382 312 404 335 in
422 313 444 335 8.
461 319 521 335 saec.
538 313 593 336 Xlll.
617 314 721 336 foliorum
746 314 798 336 1195.
820 326 850 330 -—
873 314 995 336 Sermones

151 359 250 383 continet
266 359 296 382 de
313 360 430 387 Tempore
446 362 468 382 et
485 360 514 382 de
532 360 594 383 festis
610 361 756 383 Sanctorum.
774 361 906 389 Scripturae
923 362 995 383 forma

151 410 185 430 est
202 406 293 434 Gallica,
310 409 332 429 et
348 413 361 428 a
379 407 457 429 medio
472 407 561 430 circiter
573 408 692 430 volumine
704 414 778 436 usque
790 408 819 430 ad
832 408 900 430 tinem
911 408 934 430 in
951 414 996 430 ser-

151 454 260 477 monibus
276 460 369 482 semper
386 457 518 482 occurrunt,
535 455 670 483 praesertim
687 455 709 477 in
727 455 799 481 initio,
816 454 888 477 verba
905 454 996 477 Gallica.

152 503 274 525 Sermones
292 502 384 530 plurimi
402 501 472 525 habiti
490 506 543 525 sunt
555 508 634 525 coram
648 502 797 525 Universitate
814 505 836 524 et
852 501 995 524 scholaribus

152 549 324 572 Parisiensibus.

213 596 276 619 Duos
293 602 411 619 sermones
428 597 451 619 S.
476 597 651 619 Bonaventurae
674 597 727 619 inde
745 596 915 624 publicavimus
938 595 994 618 infra

150 649 204 671 pag.
223 644 267 666 590
285 649 349 672 seqq.
367 646 389 666 et
405 649 460 671 pag.
476 644 517 666 671
539 650 604 672 seqq.

501 737 594 760 CAPUT
613 737 645 759 111,

149 822 186 852 De
206 822 315 852 ratione
329 822 358 852 et
372 822 425 860 via,
441 830 524 861 quam
539 822 568 852 in
582 822 634 852 hac
649 821 769 852 editione
784 820 992 851 observavimus.

212 925 321 948 Nonnulla
338 924 436 947 dicenda
453 927 506 947 sunt
522 927 571 947 tum
589 924 618 946 de
634 923 756 947 selectione
773 929 906 946 sermonum
924 923 993 946 huius

149 972 212 1000 tomi,
230 974 279 994 tum
296 972 325 994 de
342 978 423 994 eorum
441 971 592 999 correctione,
610 974 632 993 et
650 971 725 999 primo
743 970 771 993 de
788 969 918 993 selectione.

211 1019 318 1042 Collectio
341 1019 431 1041 illorum
454 1018 484 1041 de
507 1019 623 1046 Tempore
646 1024 793 1045 sermonum,
819 1017 859 1046 qui
884 1017 993 1040 censendi

148 1069 201 1089 sunt
218 1066 320 1094 genuini,
337 1065 367 1088 ab
384 1066 435 1093 ipso
452 1065 615 1088 Bonaventura
628 1066 685 1088 facta
703 1067 746 1093 est;
765 1064 867 1087 similiter
880 1063 993 1086 habemus

148 1113 305 1136 collectionem
329 1113 455 1135 multorum
479 1113 636 1141 schematum;
658 1112 687 1135 de
713 1112 816 1140 utrisque
838 1112 881 1133 iam
905 1111 992 1134 dictum

148 1163 182 1183 est
198 1161 219 1182 in
238 1160 313 1188 capite
330 1160 345 1182 l.
362 1162 384 1182 et
400 1161 424 1182 11.
441 1160 544 1182 Α110111111
561 1162 639 1182 autem
661 1165 804 1186 sermonum,
824 1165 884 1187 quos
904 1158 991 1186 recepi-

148 1214 208 1235 mus,
224 1208 310 1230 nullam
329 1208 485 1230 collectionem
504 1207 647 1235 invenimus;
670 1207 711 1229 sed
734 1206 824 1236 siuqttlt'
846 1213 872 1229 ex
894 1206 992 1228 diversis

148 1254 267 1278 codicibus
284 1261 297 1277 a
314 1254 382 1277 nobis
399 1255 475 1278 selecti
493 1257 552 1277 sunt.
570 1255 631 1277 Haec
649 1254 740 1277 selectio
762 1254 811 1276 sine
828 1255 897 1282 longo
915 1254 992 1276 studio

147 1303 198 1325 fieri
206 1309 252 1325 non
261 1303 336 1331 potnit
348 1306 442 1331 propter
454 1302 571 1330 duplicem
584 1302 753 1325 difficultatem:
767 1302 842 1330 prima
853 1301 993 1325 consistebat

147 1351 169 1373 in
186 1356 220 1377 eo,
237 1350 300 1379 quoti
318 1350 410 1373 codices
426 1356 561 1372 sermonum
585 1349 654 1372 medii
672 1349 736 1376 aevi,
759 1355 858 1378 quorum
881 1354 993 1371 numerus

148 1398 195 1420 fere
206 1397 229 1419 in
239 1397 352 1420 infinitum
364 1397 481 1426 excrescit,
493 1398 631 1425 plerumque
642 1397 715 1419 solent
725 1402 775 1419 esse
787 1396 904 1424 anonymi.
916 1397 992 1418 Exem-

147 1445 211 1473 plum
229 1445 297 1467 huius
314 1444 426 1473 praebent
443 1445 506 1467 multi
524 1444 552 1466 illi
570 1451 582 1466 a
600 1443 667 1466 nobis
683 1444 744 1466 citati
762 1444 854 1466 codices
874 1443 992 1466 bibliothe-

148 1499 188 1515 cae
205 1493 346 1515 Tudertinae
362 1495 384 1515 et
396 1492 464 1514 etiam
478 1491 631 1514 bibliothecae
642 1491 791 1514 Monacensis.
805 1491 851 1513 Alia
871 1491 992 1513 difficultas

147 1542 203 1567 erat,
220 1539 282 1568 quod
295 1539 363 1562 etiam
376 1539 483 1567 antiquae
497 1545 631 1561 sermonum
650 1539 792 1561 collectiones
803 1538 939 1566 saepissime
956 1544 992 1560 so-

147 1587 194 1608 lent
210 1586 351 1614 permiscere
368 1586 465 1608 aliorum
478 1588 598 1608 auctorum
617 1591 687 1613 opera
700 1585 736 1607 vel
749 1589 825 1613 partes
845 1591 924 1607 eornm
938 1591 991 1607 cum

147 1633 294 1656 sermonibus
310 1634 360 1655 eius
377 1633 442 1656 cuius
463 1639 547 1655 nomen
571 1639 627 1660 prae
647 1639 672 1655 se
694 1634 774 1655 ferunt.
801 1632 899 1654 Plurima
916 1632 992 1654 huius-

148 1681 210 1703 modi
228 1681 334 1708 exempla
352 1680 499 1702 inveniuntur
517 1680 537 1702 111
556 1686 594 1702 sex
607 1680 675 1702 tomis
687 1679 954 1708 B.}1au1·1·t‘=au,N0tices
971 1681 992 1703 et

146 1727 248 1751 ecca-aits
265 1727 292 1750 cle
309 1727 420 1757 quelques
438 1727 583 1751 manuscrits
601 1727 672 1750 latins
690 1729 732 1749 etc.

209 1775 237 1797 Ut
253 1774 323 1802 igitur
340 1775 405 1803 origo
423 1775 534 1802 anonymi
546 1774 642 1797 alicuius
655 1774 769 1796 sermonis
780 1774 929 1797 determinari
941 1781 993 1802 pos-

146 1822 182 1850 sit,
198 1822 262 1844 multi
280 1822 371 1844 codices
384 1822 528 1844 examinandi
546 1824 606 1849 511111,
623 1822 642 1844 51
655 1823 712 1844 forte
729 1821 782 1843 alibi
794 1828 880 1844 nomen
893 1822 992 1844 auctoris

145 1869 275 1891 inveniatur
292 1875 434 1897 expressum.
451 1869 498 1891 Hac
516 1869 553 1891 via
579 1870 696 1897 praefatus
721 1868 839 1891 llanrrcau
864 1869 952 1891 invenit
969 1869 991 1891 in

146 1915 265 1938 codicibus
282 1915 447 1938 Parisiensibus
469 1918 575 1938 auctores
597 1916 698 1943 plurium
721 1922 865 1938 sermonum.
890 1916 991 1938 Eandem

146 1963 209 1985 viam
227 1963 298 1985 tenuit
315 1964 338 1985 Ρ.
355 1963 438 1986 Fidelis
455 1969 467 1985 a
486 1963 574 1990 Fanna,
592 1963 632 1985 sed
656 1963 726 1986 modo
745 1964 819 1991 magis
845 1963 991 1991 amplificato,

147 2016 201 2032 011111
218 2013 308 2038 praeter
325 2010 398 2032 dictos
415 2010 506 2032 codices
524 2010 662 2033 rarisienses
675 2011 758 2033 multas
775 2010 830 2032 alias
843 2010 992 2033 bibliothecas

145 2060 303 2086 perscrutatus
327 2057 362 2079 sit.
388 2058 437 2085 11150
454 2063 549 2080 5110111111
575 2058 704 2080 51111110111111
723 2058 902 2080 commentarios
925 2058 992 2080 nobis

145 2105 243 2133 reliquit.
262 2105 306 2127 Sed
323 2105 370 2127 sola
388 2106 444 2127 haec
461 2104 556 2127 alicuius
573 2105 659 2127 codicis
682 2105 808 2127 testificatio
830 2111 875 2127 11011
899 2112 991 2133 semper

145 2152 236 2179 sufficit,
259 2152 312 2181 quia
334 2158 379 2174 non
402 2158 494 2180 semper
511 2152 539 2174 illi
558 2152 614 2175 fides
632 2155 708 2180 potest
725 2152 837 2181 adhiberi,
855 2153 990 2181 praesertim

146 2199 240 2227 quando
250 2199 388 2221 recentiores
399 2202 452 2221 sunt
460 2199 558 2227 codices,
568 2199 607 2228 qui
619 2206 703 2222 nomen
713 2199 809 2221 alicuius
820 2200 920 2222 auctoris
932 2200 991 2222 exhi-

146 2245 212 2274 bent;
230 2252 302 2274 quare
319 2246 387 2268 etiam
405 2246 478 2274 ipsius
494 2247 606 2269 sermonis
623 2247 761 2270 examinatio
778 2247 916 2270 instituenda
933 2251 974 2270 est.

208 2293 255 2315 Hac
273 2293 342 2321 igitur
359 2293 396 2315 via
415 2293 479 2315 multi
497 2299 622 2322 sermones,
639 2294 678 2322 qui
698 2294 719 2316 in
742 2294 848 2322 pluribus
870 2294 990 2317 codicibus

145 2344 210 2363 erant
226 2342 342 2368 anonymi,
352 2341 374 2363 S.
392 2343 469 2362 nostro
487 2341 578 2363 Doctori
589 2335 700 2364 vindicari
713 2344 843 2369 potuerunt.
855 2342 903 2364 Hoc
920 2342 990 2365 modo

146 2387 210 2410 multi
220 2393 339 2409 sermones
356 2387 419 2415 apud
431 2387 570 2410 Tudertinus
587 2388 695 2416 anonymi
705 2388 809 2411 subsidio
821 2390 918 2412 aliorum
930 2389 990 2412 codi-

145 2440 198 2457 cum
210 2434 295 2456 111101111
309 2437 360 2456 511111
372 2440 423 2456 0550
435 2435 457 2456 S.
469 2434 651 2457 Bonaventurae.
663 2436 789 2463 Praeterea,
800 2436 859 2458 inter
872 2442 990 2458 sermones

147 2487 276 2509 anonymos
294 2481 389 2503 alicuius
406 2481 515 2509 antiquae
540 2482 678 2504 collectionis
695 2482 810 2504 interdum
832 2483 915 2511 reperti
937 2486 991 2505 sunt

146 2528 216 2557 aliqui
234 2534 360 2555 sermones,
378 2528 418 2556 qui
444 2528 471 2550 ita
498 2529 597 2556 perfecte
622 2529 735 2556 indolem,
753 2530 828 2552 stilum
854 2533 876 2552 et
892 2531 988 2553 modum

145 2575 275 2603 exponendi
293 2575 435 2602 Scripturam
448 2575 469 2596 S.
489 2575 663 2598 Bonaventurae
674 2577 794 2604 proprium
811 2580 990 2605 repraesentant,

145 2624 169 2644 ut
186 2622 273 2644 nullum
292 2622 321 2644 de
337 2628 417 2644 00111111
436 2622 575 2649 genuinitate
587 2622 683 2645 dubium
697 2623 751 2645 oriri
763 2624 869 2651 potuerit.
880 2624 929 2646 Hoc
940 2628 988 2647 tum

145 2669 269 2696 praecipue
287 2669 375 2695 evenit,
393 2674 446 2690 cum
464 2669 508 2691 iam
526 2672 621 2698 constet,
639 2670 701 2698 quod
719 2670 741 2692 in
758 2671 840 2693 eadem
858 2672 990 2694 collectione

145 2716 191 2738 iam
209 2716 246 2738 alii
263 2719 324 2739 certe
342 2711 533 2739 Bonavenuiriani
559 2723 677 2740 sermones
694 2717 814 2741 habentur.
840 2719 902 2741 Duce
919 2719 989 2747 igitur

145 2763 168 2784 P.
186 2763 262 2785 Fidele
279 2769 291 2785 a
309 2764 394 2790 Fauna,
412 2766 434 2785 et
450 2770 511 2786 novo
528 2764 632 2786 examine
649 2771 661 2787 a
680 2765 748 2787 nobis
764 2765 874 2793 instituto,
896 2773 923 2788 ex
940 2766 988 2795 qui-

145 2809 244 2832 busdam
262 2810 441 2838 collectionibus,
457 2817 517 2840 quae
534 2810 649 2834 habebant
666 2813 778 2839 genuinos
802 2819 933 2840 sermones,
950 2813 989 2835 ali-

145 2863 204 2885 qnos
221 2858 359 2885 recepimus,
377 2857 432 2886 quin
450 2864 536 2880 nomen
553 2858 728 2881 Bonaventurae
739 2859 822 2882 alieubi
834 2860 932 2882 inveniri
951 2866 989 2888 po-

146 2904 220 2926 tuerit.
238 2905 285 2927 Hoc
307 2906 391 2928 factum
415 2907 449 2927 051
473 2910 578 2933 respectu
601 2905 731 2934 aliquorum
756 2906 861 2929 codicum
884 2907 989 2929 Tuderti-

146 2957 237 2978 norum,
255 2951 403 2974 Trecensium
422 2955 444 2974 et
460 2952 546 2975 codicis
563 2953 703 2975 Monacensis
721 2953 758 2975 W.

1115 268 1182 297 Quod
1199 270 1275 290 autem
1294 267 1463 291 correctionem
1481 270 1563 292 horum
1589 276 1722 292 sermonum
1745 271 1836 296 attinet,
1853 272 1896 293 alia

1051 315 1190 343 gravissima
1208 315 1330 337 difficultas
1343 315 1497 338 communiter
1510 319 1563 338 tnnc
1574 316 1717 345 occurrebat,
1730 318 1824 346 qnando
1836 324 1896 340 unus

1051 362 1113 384 solus
1130 361 1203 384 codex
1220 361 1283 384 dedit
1295 368 1425 384 sermonem
1438 365 1460 385 et
1472 363 1565 391 insuper
1578 363 1636 385 male
1648 366 1789 392 reportatum
1802 367 1824 386 et
1836 371 1897 387 men-

1052 409 1174 431 dosissime
1191 408 1310 436 scriptum.
1323 409 1373 437 Quo
1386 409 1407 431 in
1420 415 1474 431 casu
1487 409 1529 432 iste
1541 410 1612 432 codex
1624 411 1660 432 vel
1673 411 1722 433 01115
1734 413 1896 439 apographum

1051 455 1201 478 attentissime
1218 456 1261 483 legi
1280 459 1302 478 et
1317 456 1388 484 relegi
1405 456 1526 484 oportebat
1543 460 1565 479 et
1576 457 1747 480 accuratissime
1759 458 1895 487 examinari,

1052 506 1076 525 nt
1093 506 1210 530 praestare
1227 509 1349 530 possemus
1367 506 1452 526 textum
1470 504 1549 526 saltem
1567 505 1654 527 clarum
1666 505 1696 527 ad
1713 505 1895 533 intelligendum.

1052 548 1158 577 Quilibet,
1168 549 1207 577 qui
1218 555 1260 571 usn
1270 552 1292 571 et
1301 549 1439 577 experientia
1449 550 1535 578 didicit,
1545 556 1615 579 quam
1628 551 1711 574 misere
1720 551 1839 579 depravati
1851 552 1897 574 sint

1051 596 1116 618 multi
1127 596 1187 618 1111115
1199 596 1279 619 aetatis
1292 597 1391 624 codices,
1404 597 1468 619 facile
1485 596 1551 620 nobis
1567 598 1660 620 veniam
1672 598 1804 626 praestabit,
1817 599 1836 621 si
1851 605 1896 621 non

1051 649 1144 671 semper
1152 644 1228 665 omnia
1238 644 1292 666 vitia
1302 644 1418 667 eliminare
1428 645 1579 672 potuerimus.
1588 645 1743 668 Deliberatum
1755 646 1816 668 enim
1829 645 1896 668 nobis

1050 694 1072 713 et
1084 691 1154 713 fixum
1166 694 1214 713 erat
1223 697 1253 714 eat
1264 691 1362 720 proprio
1374 698 1444 714 sensu
1457 692 1510 714 nihil
1522 692 1645 720 corrigere,
1655 693 1741 715 addere
1751 693 1785 716 101
1799 696 1895 722 mutare,

1050 738 1091 760 sed
1104 740 1198 766 tantum,
1210 738 1228 760 si
1243 740 1293 766 post
1305 741 1437 761 accuratum
1450 739 1551 761 studium
1564 740 1613 767 ipse
1625 742 1743 762 contextus
1754 743 1776 762 et
1789 746 1844 763 usus
1855 741 1896 763 Bo-

1050 786 1230 808 naventurianus
1239 786 1339 814 aliquam
1352 787 1516 809 correctionem
1529 787 1550 809 in
1564 788 1622 809 notis
1635 788 1663 810 ad
1673 788 1759 810 calcem
1772 788 1895 810 indicatam

1050 831 1208 860 postulabant3
1222 835 1321 855 attamen
1334 833 1449 855 interdum
1463 840 1535 856 unum
1545 834 1673 856 alterumve
1683 834 1780 857 1011111111
1790 835 1846 857 intra
1857 841 1895 863 pa-

1049 879 1173 901 renthesim
1192 879 1298 902 claritatis
1309 886 1378 902 causa
1395 880 1540 908 addidimns;
1557 882 1594 903 vel
1610 881 1628 903 51
1647 881 1761 904 defectum
1779 882 1895 909 corrigere

1049 932 1094 947 non
1112 926 1238 954 potuimus,
1256 928 1298 949 hoc
1315 928 1394 949 saltem
1413 928 1566 950 indicavimus
1582 929 1648 956 signo
1666 929 1828 957 interrogativo
1841 929 1879 957 (ἵ).

1112 973 1240 1001 Opinamnr
1257 977 1346 1001 antem,
1363 975 1464 1003 exceptis
1480 975 1627 1003 paucissimis
1644 975 1705 1004 locis⁷
1724 982 1765 998 1105
1788 976 1895 1004 improbo

1049 1010 1129 1043 labore
1146 1022 1189 1043 hoc
1206 1024 1323 1044 assecutos
1340 1028 1398 1049 esse,
1412 1025 1435 1044 ut
1452 1023 1563 1045 sententia
1580 1023 1680 1045 auctoris
1697 1023 1745 1045 sine
1763 1023 1895 1046 difficultate

1049 1067 1144 1096 intelligi
1162 1069 1242 1096 possit.

1112 1115 1185 1138 Locos
1202 1116 1334 1144 Scripturae
1346 1119 1368 1138 et
1380 1117 1418 1138 SS.
1430 1117 1522 1139 Pati-um
1535 1116 1649 1139 laboriose
1661 1117 1770 1145 indagare
1782 1120 1803 1139 et
1820 1123 1896 1140 corre-

1049 1166 1084 1185 cte
1101 1163 1203 1185 indicare
1221 1163 1294 1185 conati
1311 1170 1400 1186 sumus.

1112 1211 1206 1233 Summa
1217 1217 1351 1233 sermonum
1361 1214 1383 1233 et
1391 1212 1534 1233 schematum
1545 1212 1566 1233 in
1574 1213 1617 1233 hoc
1627 1214 1689 1234 tomo
1696 1211 1810 1234 editorum
1820 1218 1896 1234 ascen-

1049 1258 1082 1280 dit
1098 1258 1127 1280 ad
1146 1258 1198 1285 475,
1216 1258 1264 1287 qui,
1276 1258 1376 1286 exeeptis
1389 1258 1475 1286 paucis,
1489 1259 1609 1287 hucusque
1622 1260 1713 1280 fuerunt
1724 1258 1811 1285 inediti,
1823 1258 1895 1281 immo

1048 1306 1186 1334 plerumque
1202 1305 1283 1333 ignoti.
1300 1306 1345 1328 lam
1363 1305 1385 1327 in
1403 1308 1465 1328 tomo
1478 1306 1505 1328 V.
1517 1308 1539 1328 et
1552 1306 1588 1328 Vl.
1600 1305 1712 1328 habentur
1730 1306 1766 1328 alii
1778 1311 1895 1328 sermones

1049 1353 1223 1375 Bonaventurac
1241 1353 1349 1381 reportati
1368 1353 1389 1374 in
1409 1353 1555 1380 Praefatione,
1575 1356 1598 1375 ut
1614 1353 1701 1375 dictum
1719 1355 1752 1375 est
1769 1359 1846 1381 supra.

1112 1400 1187 1422 Habes
1204 1400 1274 1427 igitur
1291 1400 1327 1422 hic
1343 1402 1453 1422 eventum
1465 1403 1487 1422 ct,
1499 1401 1597 1422 fructum
1612 1402 1743 1422 nostrorum
1757 1399 1894 1427 studiorum,

1049 1447 1114 1470 0111115
1131 1450 1280 1475 conspectum
1298 1447 1344 1469 iam
1363 1446 1464 1469 breviter
1481 1446 1625 1469 subiicimus.

1111 1494 1187 1516 Primo
1204 1494 1254 1516 loco
1272 1493 1370 1516 habendi
1389 1497 1441 1527 sun-t
1458 1494 1552 1521 genuini
1569 1494 1641 1516 111153
1653 1500 1771 1516 sermones
1788 1494 1894 1516 11οΤ0111-

1049 1547 1112 1569 pore,
1129 1547 1188 1569 quos
1205 1541 1255 1569 ipse
1272 1542 1295 1563 5.
1310 1541 1393 1563 Doctor
1405 1541 1496 1569 scripsit
1508 1544 1530 1563 et
1542 1540 1638 1563 testibus
1655 1544 1754 1569 quatuor
1766 1541 1893 1568 codicibus,

1049 1588 1147 1615 collegit.
1161 1589 1204 1610 lam
1218 1590 1341 1616 antequam
1354 1587 1409 1610 illud
1421 1588 1528 1610 codicum
1541 1588 1697 1610 testimonium
1710 1587 1776 1610 nobis
1788 1588 1893 1615 innotuit,

1048 1638 1120 1657 totum
1140 1635 1231 1657 dicendi
1249 1641 1323 1663 genus
1341 1635 1440 1662 perfecte
1452 1635 1679 1657 Bonaventurianum
1697 1634 1764 1657 nobis
1782 1636 1827 1657 fere
1845 1641 1893 1663 per-

1048 1682 1126 1708 suasit,
1144 1681 1220 1709 ipsum
1238 1682 1259 1703 S.
1279 1682 1399 1704 Doctorem
1418 1682 1462 1703 hoc
1479 1687 1597 1703 sermones
1614 1681 1740 1709 scripsisse.

1112 1729 1217 1751 Secundo
1235 1729 1284 1751 ioco
1303 1728 1401 1751 habendi
1418 1731 1471 1751 sunt
1488 1735 1606 1751 sermones
1624 1728 1653 1750 ab
1670 1729 1743 1751 aliena
1761 1735 1832 1751 manu
1849 1729 1892 1751 dif-

1050 1777 1098 1798 11150
1115 1776 1232 1803 reportati,
1249 1775 1288 1804 11111
1306 1781 1376 1803 saepe
1388 1775 1503 1803 longiores
1518 1774 1709 1803 praecedentibus
1721 1778 1773 1797 sunt
1785 1778 1807 1797 01
1818 1776 1892 1803 magis

1049 1823 1144 1845 modum
1157 1822 1306 1849 rhetoricum,
1324 1822 1345 1844 id
1358 1825 1392 1844 cst
1404 1822 1590 1844 communicandi
1602 1828 1654 1844 011111
1668 1822 1820 1849 auditoribus,
1838 1828 1892 1850 prae

1048 1877 1072 1893 se
1092 1872 1173 1892 ferunt.
1191 1871 1264 1898 Saepe
1284 1869 1368 1892 habent
1387 1873 1434 1892 tum
1455 1871 1576 1897 prothema
1593 1872 1641 1892 tum
1659 1870 1813 1896 collationem,
1832 1869 1893 1891 unde

1048 1918 1182 1945 insinuatur,
1200 1924 1240 1940 eos
1257 1918 1347 1940 Parisiis
1364 1923 1415 1939 0550
1440 1924 1451 1939 0
1477 1920 1588 1945 suggestu
1611 1917 1769 1945 pronuntiatos
1791 1917 1840 1945 (cfr.
1864 1918 1893 1939 de

1049 1966 1083 1988 his
1100 1966 1240 1988 introductio
1266 1971 1319 1993 pag.
1345 1965 1358 1986 6
1376 1965 1418 1987 col.
1436 1965 1459 1986 ll.
1478 1967 1530 1987 nota
1553 1964 1595 1993 2.).
1618 1964 1698 1986 Mirum
1716 1970 1761 1986 non
1787 1967 1828 1992 est,
1851 1959 1893 1986 hos

1048 2018 1166 2035 sermones
1184 2012 1269 2034 habere
1288 2012 1411 2034 hincinde
1435 2012 1527 2034 lacunas
1550 2012 1653 2040 aliosque.
1676 2012 1752 2039 plnres
1778 2012 1892 2038 defectus,

1048 2066 1100 2082 cum
1119 2060 1154 2082 illa
1172 2063 1245 2081 aetate
1263 2059 1347 2081 modus
1364 2059 1492 2086 excipiendi
1510 2058 1582 2080 verba
1600 2058 1713 2087 loquentis
1739 2058 1893 2086 imperfectior

1049 2106 1122 2134 fuerit,
1139 2112 1209 2134 quam
1228 2109 1261 2127 est
1273 2108 1348 2127 nostra
1361 2105 1532 2133 stcnographia.
1547 2105 1627 2133 Quoad
1645 2106 1772 2132 perfectum
1785 2108 1805 2126 et
1818 2111 1893 2127 corre-

1047 2156 1109 2176 ctum
1123 2153 1215 2176 dicendi
1224 2159 1298 2182 yemis
1311 2153 1465 2181 postponendi
1477 2155 1529 2175 sunt
1538 2152 1729 2180 praecedentibus
1738 2151 1892 2174 sermonibus.

1111 2200 1227 2223 lilanifcsto
1244 2200 1281 2222 alii
1299 2200 1407 2228 reportati
1420 2203 1531 2227 apparent
1549 2200 1623 2227 magis
1641 2200 1758 2228 contracti,
1770 2206 1839 2228 quam
1853 2206 1893 2227 pu-

1048 2248 1105 2271 blice
1123 2250 1188 2270 erant
1205 2247 1356 2275 pronuntiati,
1378 2249 1400 2269 et
1424 2247 1501 2275 quoad
1528 2247 1614 2274 gradus
1640 2247 1707 2269 huius
1733 2247 1892 2269 contractionis

1048 2302 1131 2323 magna
1148 2295 1264 2317 invenitur
1282 2294 1407 2317 differentia
1425 2297 1570 2321 receptorum
1583 2300 1731 2321 sermonum;
1748 2293 1843 2322 qnidam
1856 2299 1892 2315 eo-

1047 2349 1098 2365 rum
1118 2344 1164 2364 fere
1182 2342 1266 2364 similes
1283 2344 1336 2363 sunt
1348 2341 1426 2369 quoad
1444 2341 1590 2363 diffusionem
1603 2341 1645 2362 illis
1662 2340 1815 2367 sermonibus
1832 2346 1891 2369 quos

1046 2390 1138 2417 scripsit
1154 2389 1203 2417 ipse
1222 2389 1388 2414 bonaventura,
1405 2388 1442 2409 alii
1459 2390 1536 2409 antem
1548 2387 1578 2409 ita
1596 2387 1705 2409 contracti
1722 2389 1782 2413 sunt,
1802 2390 1826 2409 ut
1846 2389 1891 2409 fere

1047 2437 1157 2459 accedant
1173 2437 1202 2459 ad
1220 2436 1316 2458 modum
1333 2437 1485 2458 schematum.

1110 2486 1168 2506 lntcr
1185 2489 1304 2506 sermones
1321 2483 1351 2505 de
1368 2483 1484 2510 Tempore
1502 2482 1565 2504 multi
1583 2484 1635 2504 sunt
1652 2488 1736 2509 purum
1762 2484 1891 2510 putumque

1047 2533 1139 2554 schema
1148 2540 1153 2558 3
1163 2534 1185 2552 ct
1195 2530 1252 2552 intcr
1264 2531 1320 2552 haec
1332 2530 1437 2552 nonnulla
1448 2532 1535 2551 tantum
1549 2529 1685 2551 divisionem
1697 2532 1769 2551 textus
1778 2528 1891 2555 exhibent,

1047 2582 1069 2601 et
1081 2578 1165 2601 deinde
1184 2584 1228 2600 non
1241 2577 1270 2599 de
1282 2577 1377 2605 singulis
1390 2576 1501 2598 membris
1514 2575 1633 2598 divisionis
1650 2576 1711 2598 locos
1724 2576 1747 2597 S.
1759 2576 1890 2603 Scripturao
1918 2574 1919 2577 ’

1047 2627 1173 2653 proferunt,
1191 2625 1239 2652 scd,
1258 2627 1281 2646 ut
1298 2624 1384 2651 dicunt,
1403 2623 1430 2646 (Io
1442 2625 1496 2646 tolo.
1509 2623 1636 2645 Dolendum
1648 2629 1702 2645 sane
1720 2626 1760 2651 cst,
1772 2623 1835 2651 quod
1848 2628 1891 2650 per

1047 2672 1204 2695 reductionem
1223 2672 1251 2694 ad
1270 2672 1384 2693 schemata
1403 2671 1470 2693 valde
1488 2670 1617 2692 infirmatus
1633 2670 1662 2692 sit
1673 2670 1737 2692 valor
1748 2676 1890 2692 sermonum.

1047 2719 1198 2741 Nihilominus
1215 2719 1262 2740 sola
1280 2718 1363 2740 divisio
1387 2718 1513 2739 thematum
1531 2717 1630 2739 auctoris
1647 2716 1746 2738 ostendit
1763 2716 1889 2744 ingenium.

1111 2766 1219 2787 l‘utamus
1236 2768 1326 2793 antem,
1344 2771 1384 2787 eos
1401 2765 1440 2793 qui
1459 2770 1503 2785 uon
1522 2763 1647 2785 verborum
1666 2763 1806 2785 artificialem
1829 2769 1890 2784 com-

1046 2813 1183 2841 positionem
1201 2816 1222 2835 et
1240 2815 1354 2834 recentem
1373 2812 1393 2833 111
1411 2811 1587 2833 sermocinando
1605 2810 1754 2835 11101·0111,50[1
1771 2810 1888 2832 sententia-

1045 2867 1096 2883 rum
1116 2859 1280 2882 abundantiam
1294 2859 1469 2887 ubertatemque
1481 2865 1507 2880 ac
1520 2857 1650 2885 Scripturac
1663 2857 1752 2884 copiam
1766 2857 1786 2878 in
1805 2862 1889 2878 sermo-

1045 2907 1113 2929 nibus
1131 2908 1152 2928 5.
1170 2907 1344 2928 Bonaventurae
1360 2906 1480 2934 quaerunt,
1504 2910 1571 2932 posse
1593 2910 1692 2926 messem
1710 2903 1812 2931 opimam
1831 2903 1889 2925 colli-

1045 2960 1100 2981 gere
1117 2960 1143 2975 ex
1161 2954 1203 2975 hoc
1221 2953 1348 2975 101111111110.
