2243 3348
1 1317 54 1347 1:¹¹,em
67 1324 129 1350 quoad

0 1335 14 1377 „l
25 1346 107 1371 operari.

16 1604 76 1626 'ei-tio,
86 1609 128 1623 eae-

0 1571 44 1655 iiim
58 1630 78 1647 nt
90 1633 112 1652 sp

9 1654 22 1671 l
19 1651 88 1670 joanas
100 1654 128 1670 te-

5 1676 75 1696 tstatur
88 1674 124 1693 tria

4 1698 131 1728 1ppropriata

834 161 943 190 SERMO
966 162 1007 189 DE
1029 162 1211 190 TRlNlTATE.

152 246 278 270 naturam
302 241 481 275 luminosam,
503 249 573 278 quae
594 248 706 269 sursum
728 243 785 273 est,
801 239 846 268 sed
869 239 934 275 quia
956 242 995 267 to-

152 292 206 316 tam
230 288 323 316 mundi
346 288 517 321 machinam,
539 295 610 323 quae
631 287 704 314 intra
718 286 824 314 caelum
846 285 994 318 clauditur,

151 335 281 369 continet,
296 343 359 363 cum
374 334 481 363 dicatur
499 334 626 362 {eremiae
641 333 771 369 vigesimo
790 332 872 360 tertio
883 333 909 359 ¹:
927 332 995 360 Cae-

151 382 211 410 lum
232 386 256 410 et
278 385 389 410 terram
404 389 454 417 eqo
469 380 579 417 impleo.
598 380 624 407 [n
648 380 698 408 lioc
713 379 839 407 similiter
861 379 935 407 caelo
949 379 995 407 dat

150 428 230 456 beata
244 428 362 456 Trinitas
378 426 563 455 testimonium
578 425 611 454 de
626 433 654 454 se
669 426 742 462 ipsa,
759 433 787 453 se
803 425 888 461 ipsam
902 425 995 461 aliquo

151 475 230 503 modo
245 473 443 502 manifestando
457 476 588 509 tanquam
604 473 629 500 in
646 472 774 509 vescz'yc'O,
797 475 824 500 et
846 472 897 500 hoc
911 480 996 508 quan-

150 525 208 550 tum
230 520 262 549 ad
286 520 353 554 tria,
375 519 478 548 scilicet
499 522 635 556 quantum
656 518 689 547 ad
707 518 789 553 steri,
812 520 946 555 quantum
962 518 994 546 ad

150 576 218 601 esse,
234 570 369 604 quantum
385 566 418 594 ad
434 565 554 602 operari
561 576 571 598 ;
585 569 612 594 et
627 565 736 602 quidem
752 564 819 601 [z'erz'
832 564 994 593 attribuitur

151 613 238 646 Patri,
259 622 318 641 esse
332 613 413 646 Filio,
436 612 557 648 operari
577 619 643 640 vero
658 611 770 647 Spiritui
794 614 900 645 sancto,
922 614 949 639 et
968 611 993 638 in

127 668 131 671 ·
149 667 318 696 unoquoque
333 659 433 687 horum
451 659 555 687 relucet
570 658 649 686 beata
663 658 790 686 Trinitas.
806 658 871 685 Nan]
887 658 913 685 in
929 657 996 694 fieri

149 711 190 736 est
210 707 352 735 attendere
367 706 436 739 tria,
457 706 560 734 scilicet
575 705 764 737 creationem,
781 704 993 732 distinctionem

148 757 176 782 et
196 753 419 782 (ttici-nationem
435 752 463 785 2,·
485 755 512 780 et
533 751 643 788 quidem
674 751 791 784 creatio,
813 758 876 779 cum
898 751 932 779 sit
960 751 994 779 ab

149 801 255 829 infinita
276 800 411 836 potentia,
427 807 489 828 cum
507 799 542 827 sit
556 799 589 827 de
605 798 705 832 nihilo,
727 798 890 826 attribuitur
907 798 993 832 Patri;

147 847 301 881 distinctio,
323 854 394 883 quae
415 849 456 874 est
477 845 642 882 sapientiae,
664 845 745 878 Fili0;
768 844 814 873 sed
836 844 993 878 adornatio,

148 902 219 931 quae
240 897 281 922 est
302 893 446 926 bonitatis,
468 892 581 929 Spiritui
608 895 710 920 sancto.
733 907 769 912 -
794 891 819 919 ln
848 899 907 919 esse
929 899 994 919 vero

148 945 189 970 est
210 940 335 969 similiter
351 940 403 968 tria
417 939 607 972 considerare,
623 939 726 967 scilicet
748 938 919 971 materiam,
935 937 994 974 for-

149 996 227 1015 mam
256 990 283 1015 et
308 986 515 1022 comparatam
541 989 567 1014 et
598 985 708 1021 quidem
738 985 852 1013 materia
880 988 993 1021 propter

147 1034 269 1063 omnium
291 1034 443 1062 formarum
466 1032 656 1069 capacitatem,
678 1037 704 1060 et
726 1032 791 1069 quia
813 1032 871 1068 ipsa
892 1040 907 1060 a
933 1032 993 1060 Phi—

148 1081 261 1117 losopho
277 1081 286 1097 ³
318 1080 419 1108 dicitur
451 1091 464 1104 «
487 1080 652 1116 ingenita»,
678 1087 728 1107 suo
764 1079 843 1107 modo
871 1079 994 1116 designat

148 1128 253 1156 Patrem
279 1129 308 1155 ut
328 1126 451 1154 omnium
474 1134 602 1159 causam,
624 1129 651 1154 et
672 1125 718 1162 qui
747 1133 763 1153 a
792 1125 883 1159 nnllo;
905 1126 993 1153 forma

147 1182 229 1208 ver0,
251 1182 300 1211 per
315 1181 397 1210 quam
414 1177 454 1202 est
469 1173 557 1201 omnis
572 1173 710 1209 operatio,
733 1173 845 1206 Filium;
861 1172 908 1201 sed
923 1180 993 1201 com-

148 1221 266 1258 positum
295 1223 407 1257 propter
435 1220 476 1248 sui
505 1220 705 1248 connexionem
733 1228 795 1248 cum
827 1220 939 1248 materia
967 1223 994 1248 et

146 1268 249 1299 forma,
265 1268 396 1304 Spiritum
412 1270 536 1295 sanctum
548 1289 554 1301 ‚
567 1267 613 1303 qui
630 1270 671 1295 est
685 1266 821 1295 connexio
835 1267 992 1303 utriusque,

146 1315 249 1343 scilicet
271 1314 356 1342 Patris
377 1316 404 1342 et
418 1314 484 1342 Filii.
499 1330 537 1334 ——
553 1314 580 1341 ln
602 1313 722 1350 operari
735 1316 777 1342 est
795 1313 919 1342 similiter
941 1313 993 1341 tria

146 1362 285 1398 reperire,
314 1361 417 1389 scilicet
444 1360 658 1394 substantiam,
681 1361 817 1389 virtatem
839 1363 866 1389 et
891 1369 993 1397 opera-

146 1409 268 1441 tionem;
290 1412 316 1437 et
342 1408 453 1445 quidem
481 1416 497 1436 a
524 1407 677 1436 substantia
702 1410 743 1436 est
771 1408 876 1441 virtus,
905 1411 932 1436 et
959 1408 993 1436 ab

145 1458 265 1492 utraque
286 1459 327 1484 est
347 1455 485 1492 operatio,
507 1455 579 1483 sicut
600 1463 615 1482 a
637 1455 715 1483 Patre
737 1455 841 1488 Filius„
860 1455 894 1483 ab
916 1458 992 1483 utro-

145 1509 200 1538 que
221 1501 340 1538 Spiritus
361 1504 480 1530 sauctus.

224 1549 276 1577 lei
281 1548 316 1576 tio
337 1548 384 1576 dat
399 1548 584 1577 testimonium
602 1548 628 1576 in
644 1548 734 1582 caelo,
750 1548 901 1576 secundum
919 1548 992 1584 qnod

144 1595 246 1624 dicitur
268 1594 407 1632 formalis
427 1595 604 1631 ereezosz'tas.
627 1594 697 1630 Quia
714 1595 786 1623 enim
809 1595 914 1623 caelum
931 1602 992 1631 spe-

144 1641 249 1670 ciosum
271 1645 311 1670 est
332 1649 420 1678 prae
413 1641 473 1669 aliis
488 1641 587 1669 (neatis
601 1641 781 1677 corporibus,
802 1649 899 1675 omne,
918 1640 992 1677 quod

144 1688 297 1725 speciosum
315 1692 364 1722 est,
385 1688 497 1716 caetum
512 1687 628 1721 dicitur;
645 1687 727 1716 Isaiae
742 1687 990 1724 quadragesimo.
963 1688 990 1703 4·

147 1735 219 1771 Quis
248 1743 366 1763 mensus
390 1738 431 1763 est
455 1734 567 1772 puyt'llo
599 1743 694 1772 aquas
720 1738 746 1763 et
774 1734 866 1763 caelos
890 1734 991 1771 palmo

141 1781 336 1820 pondera-vit?
359 1782 430 1818 Quis
444 1782 582 1819 appendic
597 1781 691 1810 tribas
704 1781 805 1819 dt‘yz'tz's
819 1781 920 1809 molem
936 1785 991 1809 ter-

146 1829 218 1858 rae?
236 1845 274 1849 -—
290 1829 338 1857 Per
354 1837 449 1867 aqua-5
464 1829 625 1866 intelligitur
640 1828 804 1857 fluxibilitas
817 1828 948 1857 materiae
964 1828 990 1856 in

145 1884 174 1905 se
195 1877 268 1913 ipsa,
290 1876 361 1904 sicut
382 1876 493 1905 Genesis
521 1876 611 1912 primo
635 1875 752 1904 dicitur:
780 1875 911 1912 Spiritus
941 1875 992 1903 Dei

144 1923 294 1961 ferebatur
324 1932 414 1960 super
441 1932 545 1961 aquas.
580 1923 630 1951 Has
661 1931 778 1951 mensas
809 1926 850 1951 est
877 1922 990 1960 pztyt‘llo

144 1979 194 2008 per
215 1970 487 2008 superinductionem
516 1970 669 1998 formarum
695 1970 755 1998 eius
782 1970 987 1998 fluxibilitatem

144 2018 368 2052 terminantium,
389 2021 416 2046 et
437 2017 538 2046 dicitur
560 2025 606 2046 eos
625 2017 722 2045 metiri
742 2017 855 2054 pupillo
877 2020 990 2053 propter

144 2065 307 2102 parvitatem
329 2065 416 2102 ipsius
437 2067 564 2101 respectu
588 2064 784 2100 magnitudinis
802 2064 925 2098 divinae,
949 2064 990 2092 vel

145 2113 210 2149 quia
238 2115 294 2141 tota
323 2112 424 2140 matrix
454 2115 560 2145 terrae,
592 2111 618 2139 in
651 2119 706 2148 qua
738 2111 897 2139 recollectae
926 2114 991 2139 sunt

144 2167 247 2196 aquae,
276 2168 329 2188 non
358 2163 399 2188 est
430 2158 634 2195 comparatione
663 2158 852 2187 immensitatis
882 2158 990 2186 divinae

145 2207 195 2235 nisi
217 2206 328 2243 quidam
352 2206 481 2243 pugillus.
503 2205 601 2234 Caelos
616 2213 682 2234 vero
696 2205 798 2233 dicitur
810 2205 909 2241 palmo
923 2214 991 2242 pon-

145 2254 265 2287 derare,
289 2257 346 2282 tum
368 2253 434 2290 quia
455 2253 481 2280 in
504 2252 570 2281 locis
591 2252 649 2281 suis
670 2252 780 2281 stabiliti
807 2255 887 2286 sunt,
916 2252 990 2289 quod

145 2303 186 2329 est
204 2300 384 2337 ponderari,
407 2300 472 2337 quia
500 2299 607 2336 pondus
628 2303 669 2328 est
691 2299 846 2335 proprietas
874 2299 913 2327 rei
936 2302 990 2327 sta-

144 2347 242 2376 biliens
264 2355 323 2375 eam
344 2347 371 2375 in
389 2347 446 2375 loco
461 2355 526 2380 suo,
549 2350 607 2375 tum
624 2346 689 2383 quia
703 2346 828 2375 extendit
842 2353 888 2374 eos
903 2354 990 2383 quan-

146 2397 203 2423 tuni
225 2394 259 2422 ad
280 2398 407 2422 nostrum
429 2396 569 2430 aspectum
592 2393 625 2421 ad
640 2393 752 2421 modum
776 2393 895 2427 tentorii,
911 2393 990 2421 iuxta

145 2442 212 2470 illud
235 2441 331 2470 Psalmi
344 2442 370 2469 5:
395 2441 555 2469 Extendens
576 2440 669 2469 caelo-s·
689 2440 766 2468 sieut
786 2440 893 2476 pellem.
911 2440 942 2468 Et
964 2440 989 2468 iu

145 2489 197 2517 hoc
218 2491 330 2517 notatur
351 2488 504 2516 differentia
526 2495 671 2516 mensurae
692 2495 829 2524 aquarum
851 2490 878 2515 et
903 2487 988 2516 caelo-

146 2543 225 2569 rum,
247 2535 312 2571 quia.
332 2542 420 2571 aquae
440 2534 566 2571 pugillo,
589 2534 634 2563 sed
664 2534 730 2562 caeli
756 2533 853 2570 palmo
876 2542 990 2562 mensa-

146 2585 263 2610 ranno:
293 2581 358 2609 Nam
391 2589 478 2617 aquae
507 2581 579 2608 intra
607 2580 712 2609 viscera
740 2584 831 2609 terrae
861 2580 990 2609 videntur

146 2628 278 2657 coarctari
307 2628 339 2656 ad
369 2628 479 2656 moduni
506 2627 629 2664 puydlz',
651 2627 697 2656 sed
719 2627 784 2655 caeli
811 2628 921 2656 extendi
952 2628 990 2656 vi-

1052 243 1219 272 coarctatae,
1241 239 1358 275 palmas
1374 247 1439 268 vero
1453 244 1492 268 est
1514 249 1611 269 manus
1629 246 1767 270 extensae.
1792 244 1895 271 Tribus

1053 293 1118 314 vero
1132 286 1231 322 digitis
1252 286 1352 314 dicitur
1368 287 1529 323 appendere
1543 288 1643 315 molem
1659 292 1771 322 teri-affl
1794 290 1819 317 lii
1841 294 1896 319 tres

1051 331 1127 368 digiti
1159 332 1344 361 diversimode
1375 333 1566 369 accipiuntur:
1595 337 1643 362 aut
1671 336 1822 363 secundum
1852 337 1897 365 illa

1052 378 1121 411 tria,
1143 386 1213 414 quae
1236 382 1378 414 ponuntur
1401 379 1551 415 Sapientiae
1579 380 1724 409 undecimo
1739 382 1765 409 ⁶:
1791 382 1896 411 Omma

1052 425 1082 452 in
1105 433 1246 453 mensal-a
1267 429 1291 453 et
1313 434 1434 453 numero
1462 430 1487 453 et
1512 427 1639 462 pondere
1661 427 1848 464 disposuisti]
1870 432 1896 457 et

1052 471 1163 507 quidem
1186 480 1327 499 mensura
1344 472 1454 507 respicit
1470 472 1592 506 Patrem,
1614 477 1645 501 ut
1666 481 1681 501 a
1699 482 1755 510 quo
1770 479 1897 503 creatura

1051 517 1142 546 deficit
1171 521 1284 554 propter
1315 518 1453 546 Creatoris
1482 518 1699 548 immensitatem.
1731 521 1896 557 impossibile

1052 564 1124 593 enim
1146 568 1202 597 est,
1224 564 1326 601 aliquid
1349 572 1408 593 esse
1430 565 1610 599 immensum,
1633 567 1705 602 quod
1736 567 1818 595 liabet
1838 576 1896 596 esse

1054 614 1115 647 post
1136 619 1192 638 ozon
1215 619 1273 638 esse
1281 621 1290 643 ;
1312 614 1338 639 et
1360 611 1420 639 ideo
1445 611 1522 639 nulla
1543 615 1671 640 creatura
1697 616 1738 640 est
1766 614 1897 642 immensa

1052 657 1203 686 secundum
1219 658 1408 691 durationem,
1424 658 1470 686 sed
1487 662 1653 686 mensurata.
1671 659 1819 688 Numerus
1833 668 1896 689 vero

1052 704 1163 740 respicit
1184 705 1280 732 Filium
1303 708 1416 741 propter
1438 705 1497 733 eius
1515 705 1674 741 sapientiam
1691 707 1781 734 omnia
1802 707 1897 735 distin-

1051 754 1179 787 guentem
1195 754 1222 779 et
1237 755 1455 788 cognoscentem.
1472 751 1553 785 Nam,
1569 754 1601 779 ut
1614 752 1715 780 dicitur
1737 753 1762 780 in
1780 754 1896 788 Psalmo,

1052 798 1108 834 ipse
1123 801 1262 825 numerat
1275 798 1491 826 wtdcz'tndt'nem
1505 798 1674 832 stellarum,
1694 799 1759 835 quia
1773 801 1895 829 omnium

1050 844 1233 872 distinctivam
1257 844 1339 872 nabet
1367 844 1565 881 cognitionem3
1591 853 1654 873 nam
1685 853 1802 873 numero
1830 855 1897 875 una-

1050 898 1178 927 quaeque
1200 898 1243 919 res
1263 891 1298 919 ab
1319 891 1372 919 alia
1386 891 1574 928 distinguitur.
1595 892 1716 919 Pondus
1731 900 1796 920 vero
1812 894 1897 929 respi-

1041 939 1087 967 cit
1098 938 1231 974 Spiritum
1247 941 1372 966 sanctum
1389 942 1502 975 propter
1517 939 1558 966 sui
1576 938 1724 967 bonitatem
1741 940 1831 967 omnia
1847 943 1898 968 ter-

1051 985 1216 1019 minantem,
1235 985 1307 1013 sicut
1322 985 1442 1022 pondere
1458 985 1679 1022 unumquodque
1694 994 1744 1014 suo
1761 986 1818 1014 loco
1834 994 1897 1015 con-

1050 1031 1189 1060 stabilitur
1210 1035 1237 1060 et
1258 1031 1431 1060 terminatur.
1447 1048 1486 1051 —
1502 1031 1532 1059 Et
1547 1032 1605 1060 istis
1627 1031 1717 1060 tribus
1733 1033 1898 1069 respondent

1050 1078 1102 1107 alia
1123 1079 1191 1112 tria,
1213 1086 1284 1115 quae
1306 1078 1383 1115 ponit
1403 1079 1572 1115 Augustinus
1594 1079 1619 1106 in
1643 1079 1713 1107 libro
1741 1079 1774 1107 de
1795 1080 1899 1108 Natura

1050 1126 1113 1154 boni
1130 1126 1149 1159 ⁷,
1166 1125 1269 1154 scilicet
1295 1125 1437 1159 «modus,
1460 1125 1564 1162 species
1585 1129 1612 1154 et
1633 1126 1743 1160 ordo»,
1766 1127 1803 1154 ita
1823 1126 1897 1163 quod

1050 1173 1155 1201 modas
1170 1180 1333 1207 mensurae,
1354 1173 1461 1209 spectes
1477 1180 1610 1207 numero,
1632 1173 1678 1201 sed
1698 1174 1769 1201 ordo
1784 1174 1898 1210 ponderi

1049 1220 1258 1253 attribuuntur,
1281 1223 1308 1248 et
1336 1220 1373 1248 ita
1400 1219 1499 1248 modus
1521 1220 1643 1254 Patrem,
1673 1221 1777 1257 species
1801 1221 1897 1249 Filium

1050 1271 1077 1296 et
1097 1267 1165 1295 ordo
1186 1267 1318 1304 Spiritum
1342 1270 1467 1295 sanctum
1492 1270 1706 1303 repraesentant.
1728 1284 1763 1287 —
1784 1267 1832 1295 Vel
1854 1267 1897 1295 isti

1051 1317 1108 1342 tres
1129 1314 1214 1350 dz'yz'tz‘
1228 1317 1293 1342 sunt
1314 1314 1415 1348 unitas,
1432 1306 1532 1342 verita's
1554 1317 1580 1342 et
1602 1314 1709 1343 bonitas
1724 1314 1744 1347 Β,
1767 1315 1804 1343 ita
1824 1314 1897 1351 quod

1050 1361 1142 1390 unitas
1158 1361 1238 1394 Patri,
1254 1361 1356 1390 veritas
1371 1361 1445 1395 Filio,
1461 1361 1567 1389 bonitas
1582 1361 1695 1398 Spiritui
1712 1365 1806 1390 sancto
1820 1362 1898 1390 attri-

1050 1409 1186 1437 buuntur.
1203 1425 1239 1428 —
1257 1408 1286 1436 Et
1300 1408 1511 1445 distinguuntur
1532 1409 1598 1436 istae
1619 1411 1677 1437 tres
1697 1409 1898 1445 appropriatio-

1050 1463 1098 1484 nes
1112 1455 1278 1492 digitorum,
1300 1456 1365 1492 quia
1380 1455 1426 1483 illa
1442 1455 1502 1483 libri
1519 1455 1672 1492 Sapientiae
1686 1459 1727 1484 est
1746 1463 1840 1484 rerum
1856 1463 1898 1484 se—

1050 1503 1171 1531 cundum
1186 1502 1268 1538 fieri,
1290 1503 1336 1530 sed
1353 1502 1397 1530 illa
1412 1502 1554 1539 Augustini
1571 1505 1612 1530 est
1633 1510 1728 1531 reruni
1745 1502 1897 1531 secundum

1049 1558 1121 1583 esse,
1145 1549 1225 1578 tertia
1247 1557 1312 1578 vero
1333 1552 1373 1577 est
1396 1557 1504 1582 rerum,
1526 1549 1678 1577 secundum
1694 1549 1767 1586 quod
1784 1549 1898 1577 veniunt

1050 1598 1076 1625 in
1100 1605 1196 1624 ‘it-sttui..
1214 1613 1250 1617 —
1266 1596 1313 1624 Vel
1334 1596 1476 1624 moraliter
1493 1596 1644 1632 loquendo,
1661 1599 1718 1624 tres
1733 1596 1819 1633 diqitz'
1833 1596 1896 1630 Dei,

1049 1643 1152 1680 quibus
1173 1643 1274 1671 molem
1296 1646 1406 1671 nostrae
1432 1642 1600 1670 terrenitatis
1621 1650 1733 1670 sursum
1760 1642 1898 1679 appendit

1048 1689 1082 1717 ad
1104 1689 1227 1722 caelum,
1249 1692 1314 1717 sunt
1337 1692 1392 1717 tres
1412 1692 1491 1716 actus
1513 1688 1693 1722 hierarchici,
1710 1696 1779 1725 quos
1800 1696 1897 1725 opera-

1049 1739 1095 1765 tur
1118 1736 1145 1764 in
1166 1736 1272 1769 anima,
1295 1735 1398 1764 scilicet
1418 1743 1555 1772 purgare,
1577 1735 1734 1763 illuminare
1760 1738 1787 1763 et
1815 1735 1898 1771 perfi-

1048 1791 1126 1817 cere,
1149 1786 1175 1811 et
1197 1782 1308 1819 quidem
1330 1786 1443 1819 purqat
1464 1782 1532 1815 fide;
1555 1783 1671 1810 Actuum
1693 1782 1798 1810 decimo
1819 1782 1898 1818 quin-

1048 1834 1075 1859 to
1090 1830 1115 1858 ⁰:
1139 1830 1210 1858 Fide
1227 1829 1396 1866 parificans
1410 1830 1502 1858 eorda
1523 1838 1642 1862 eorum„-
1664 1829 1813 1857 illuminat
1834 1837 1897 1857 con-

1047 1878 1239 1914 templatione,
1262 1877 1307 1906 sed
1327 1876 1443 1914 perficit
1464 1876 1566 1904 amoris
1588 1876 1719 1905 unitione.

1126 1924 1237 1952 Caelum
1252 1932 1327 1960 ergo,
1343 1924 1369 1952 in
1384 1932 1440 1960 quo
1455 1923 1501 1951 dat
1516 1923 1702 1952 testimonium
1720 1923 1798 1951 beata
1812 1923 1898 1951 Trini-

1047 1975 1088 2000 tas
1109 1971 1142 1999 de
1170 1979 1199 1999 se
1220 1971 1294 2007 ipsa,
1316 1979 1344 1999 se
1366 1970 1452 2007 ipsam
1475 1971 1502 1999 in
1530 1978 1562 1999 eo
1588 1970 1819 2006 repraesentando
1848 1978 1897 2006 per

1047 2018 1158 2046 modum
1180 2017 1309 2055 vestiyz'i,
1332 2017 1443 2054 quidam
1472 2017 1630 2046 differenter
1656 2017 1800 2053 aspiciunt.
1830 2017 1896 2045 Nam

1047 2064 1157 2101 quidam
1179 2064 1351 2093 delectantur
1373 2064 1399 2092 in
1422 2064 1623 2100 pulcritudine,
1646 2064 1692 2100 qui
1717 2067 1805 2092 tamen
1827 2063 1896 2091 nihil

1048 2111 1219 2148 intelligunt3
1242 2111 1354 2148 quidam
1376 2118 1442 2139 vero
1467 2110 1640 2139 delectantur
1668 2111 1694 2138 in
1718 2110 1895 2147 intelligentia

1047 2166 1145 2187 eorum
1167 2166 1238 2195 quae
1261 2158 1370 2195 legunt,
1392 2157 1439 2186 sed
1466 2157 1499 2185 ad
1523 2165 1614 2185 mores
1643 2157 1749 2185 vivendi
1774 2165 1826 2185 non
1853 2165 1895 2185 re—

1047 2207 1155 2240 ferunt3
1178 2209 1205 2234 et
1227 2205 1338 2242 quidam
1361 2205 1543 2238 delectantur,
1565 2204 1630 2241 quia
1651 2204 1724 2241 quod
1747 2205 1841 2241 legunt
1862 2204 1895 2232 ad

1048 2254 1163 2282 salutem
1185 2253 1292 2281 animae
1314 2252 1447 2281 referunt.
1474 2252 1516 2280 Sic
1537 2251 1649 2288 quidam
1671 2251 1843 2280 delectantur
1868 2251 1895 2278 iu

1047 2299 1234 2337 pulcritudine
1255 2299 1320 2327 caeli
1351 2302 1378 2327 et
1405 2301 1615 2332 creaturarum,
1641 2297 1687 2326 sed
1717 2298 1771 2325 vim
1799 2305 1895 2326 earum

1047 2347 1190 2384 ignorant,
1212 2349 1244 2374 ut
1265 2345 1362 2382 pagani
1379 2345 1485 2379 stolidi;
1508 2345 1618 2381 quidam
1642 2352 1708 2373 vero
1723 2345 1895 2373 delectantur

1048 2394 1073 2422 in
1097 2393 1276 2430 intelligentia
1304 2392 1415 2420 virtutis
1443 2392 1582 2420 caelorum
1605 2395 1632 2419 et
1660 2391 1820 2425 stellarum,
1849 2391 1896 2419 sed

1047 2440 1204 2469 Creatorem
1227 2440 1253 2467 in
1284 2440 1329 2467 tali
1359 2438 1537 2475 intelligentia
1565 2446 1618 2466 non
1642 2440 1820 2471 venerantur,
1849 2437 1895 2466 sed

1047 2487 1148 2516 sistunt
1164 2487 1189 2515 iu
1205 2494 1256 2515 sua
1270 2486 1439 2523 cognitione,
1457 2488 1487 2513 ut
1510 2485 1680 2521 pliilosoplii;
1703 2484 1815 2521 quidam
1831 2492 1896 2513 vero

1047 2534 1270 2570 contemplantur
1302 2533 1424 2567 caelum,
1459 2536 1489 2560 ut
1521 2532 1556 2560 ibi
1585 2535 1755 2560 venerentur
1787 2532 1894 2560 beatam

1048 2581 1225 2614 Trinitatem,
1253 2580 1331 2608 iuxta
1353 2580 1420 2608 illud
1443 2580 1540 2608 Psalmi
1558 2580 1595 2607 ¹⁰:
1627 2579 1771 2615 Quoniam
1799 2577 1895 2606 videbo

1048 2628 1141 2656 caelos
1170 2631 1251 2660 taos,
1273 2636 1362 2664 opera
1391 2627 1550 2664 digitorum
1582 2631 1718 2659 litorum,
1741 2630 1768 2654 et
1789 2625 1826 2653 sic
1856 2625 1895 2652 in-

147 2676 247 2704 dentur
268 2675 301 2703 ad
323 2674 435 2703 moduni
457 2674 567 2711 palmi,
590 2674 655 2711 quia
673 2674 805 2711 papillas
826 2678 867 2703 est
892 2682 990 2703 manus
1018 2690 1020 2710 ᾗ
1049 2678 1162 2703 tuentur
1185 2674 1291 2702 caeluni
1315 2674 1370 2702 veri
1393 2674 1549 2702 Christiani.

211 2845 215 2858 ¹
236 2844 300 2866 Vers.
319 2843 357 2866 et.

210 2882 218 2895 ²
235 2882 280 2905 Cl'r.
298 2886 352 2905 tom.
371 2883 397 2904 V.
415 2882 491 2904 Collat.
511 2882 533 2904 In
551 2882 657 2904 Hexaeni.
675 2883 747 2905 collat.
765 2883 786 2904 9.
804 2889 824 2904 n.
844 2883 863 2905 3.

210 2921 219 2934 3
237 2922 298 2944 Libr.
315 2923 330 2943 l.
346 2922 413 2949 Phys.
431 2924 481 2944 text.
501 2922 537 2943 82.
556 2920 585 2945 (c.
602 2921 644 2949 9.).

210 2961 218 2973 ⁴
236 2961 301 2983 Vei-s.
323 2961 361 2987 ¹23
379 2961 482 2989 sequitur
499 2961 553 2982 Gen.
577 2961 593 2983 1.
612 2961 631 2982 -2,

242 3008 266 3031 S.
286 3008 376 3031 Bonae.
393 3020 423 3023 —
442 3008 509 3030 Toni.
526 3008 564 3029 lx.

768 2960 776 2972 ‘³
795 2961 874 2983 Psalm.
897 2961 950 2987 103,
969 2962 981 2982 2

1110 2843 1119 2856 ὓ
1136 2843 1202 2865 Vers.
1221 2844 1262 2871 21,
1280 2843 1384 2871 Sequitur
1402 2843 1435 2864 Ps.
1459 2842 1512 2869 lltj,
1529 2842 1548 2863 i.

1111 2882 1118 2894 ⁷
1136 2882 1191 2910 Cap.
1209 2883 1230 2903 3.

1110 2920 1118 2933 ³
1136 2921 1179 2943 Ci‘r⁴
1199 2924 1254 2943 tom.
1272 2921 1298 2942 V.
1317 2920 1394 2943 Colias.
1412 2920 1433 2941 in
1453 2920 1559 2941 Hexaieiu.
1577 2920 1651 2942 collat.
1668 2920 1689 2941 9.
1708 2926 1728 2941 n.
1749 2920 1767 2941 3.

1110 2959 1119 2972 ‘³
1137 2960 1201 2982 Ver-s.
1220 2960 1241 2982 ss.
1698 2958 1717 2970 ¹0
1735 2959 1816 2980 Psalni.
1835 2959 1856 2985 S,
1876 2957 1896 2979 «i.

1775 3005 1798 3027 'it'j

1908 438 2040 462 Appropriatio

1941 465 2006 483 prima.

1914 1042 2006 1060 Secunda.

1915 1276 1985 1295 Tei-tia.

1938 1417 2008 1435 Harum

1921 1440 2023 1459 distinctio.

1914 1604 2016 1623 Moraltter.

1918 1933 1961 1952 Tria
1976 1933 2035 1952 homi-

1910 1962 1953 1975 uum
1966 1962 2041 1980 genera.
