2243 3348
32 649 119 669 roduetto.

24 454 28 523 l

15 535 27 622 l]

13 635 31 718 l

19 782 24 893 l

13 1586 14 1589 ’
37 1587 111 1606 Divisio.

13 2104 48 2122 tart
59 2104 72 2122 1.
85 2104 112 2123 De

16 2127 112 2147 acritudine

26 2152 88 2170 status.

12 2337 109 2358 -ubdivisim

8 2619 112 2643 lui-gendum

8 2647 17 2661 11
27 2644 107 2663 tenebris

21 2668 94 2687 erroris.

608 144 764 173 DOMlNlCA
786 145 873 173 XVlll.
896 145 977 174 POST
999 146 1241 176 PENTECOSTEN.
1264 148 1373 177 SERMO
1396 149 1412 177 l.

1827 152 1884 181 423

602 293 759 322 DOMlNlCA
781 294 901 323 DECIMA
923 294 1052 324 OCTAVA
1076 296 1156 324 POST
1179 297 1420 327 PENTECOSTEN.

481 411 572 439 51111110
595 411 603 439 l
616 412 634 439 ².

214 503 324 540 Surye,
346 503 409 532 tolle
429 503 533 531 lectum
561 508 642 531 titum
666 508 692 532 el
716 505 789 533 mule
810 505 840 533 in
862 506 981 534 domum.

136 555 235 584 tuum,
257 550 384 578 Matthaei
406 558 479 578 nono
494 551 513 578 2.

213 597 360 634 Quoniam,
382 596 535 626 secundum
559 596 786 633 Philosophum-³,
816 609 829 622 α
845 598 981 634 potentiae

135 644 344 681 distinguuntur
359 644 415 672 sive
436 647 625 680 agnoscuntut
641 651 689 680 per
704 647 782 672 actus
796 645 838 673 vel
854 653 938 681 opera
948 656 979 680 »3

135 691 198 720 hinc
213 694 267 725 est,
283 691 355 727 quod
380 690 512 719 Dominus
526 698 576 727 per
591 698 661 727 opus
677 691 872 719 miraculosum
895 699 980 727 supra

134 741 261 766 naturam
276 737 339 766 fecit
354 737 479 773 cognosci
495 744 572 765 suain
596 737 744 773 potentiam
767 737 922 765 Divinitatis
940 737 980 765 di-

133 783 256 812 mittendi
273 787 391 820 peccata,
404 791 466 811 cum
483 783 540 812 solo
552 783 637 811 verbo
650 783 831 820 paralyticum
844 783 979 819 perfectae

134 830 255 859 restituit
276 830 402 864 sanitati,
424 830 518 859 dicens
539 830 566 858 in
588 830 674 858 verbo
695 830 852 866 proposito:
875 830 979 867 Surge,

134 877 196 906 tolle
216 877 319 906 lectum
338 881 423 905 titum
445 881 470 905 et
491 877 565 905 vade
585 877 617 905 in
641 877 759 905 [tomum
784 880 874 905 tuum.
904 877 980 905 Unde

133 927 263 961 tanquam
286 924 424 961 perfectus
445 924 569 953 medicus
596 932 746 960 corporum
775 927 802 952 et
823 924 978 952 animarum

132 971 159 999 in
188 971 248 1008 ipso
269 972 354 1000 verbo
376 971 453 1000 valde
474 971 654 1000 artificialiter
683 970 822 1008 procedit,
845 979 877 1000 eo
905 971 979 1008 quod

132 1018 191 1046 istis
211 1017 302 1046 tribus
322 1017 480 1052 vocabulis,
502 1018 620 1046 scilicet:
644 1018 751 1055 Szmyc,
774 1017 835 1046 totle
856 1022 880 1046 ct
895 1018 977 1052 vade,

133 1064 254 1101 perfecta
275 1064 377 1093 sanitas
398 1067 453 1093 tam
476 1064 595 1093 hominis
616 1064 764 1093 exterioris
788 1068 923 1101 quantum
945 1064 979 1093 ad

132 1119 250 1148 corpus,
272 1119 355 1148 quam
379 1111 499 1140 hominis
521 1111 661 1139 interioris
686 1114 822 1148 quantum
843 1111 876 1139 ad
898 1111 978 1148 spiri-

132 1161 190 1187 tum
212 1158 372 1195 designatur
398 1162 494 1187 contra
523 1158 575 1186 tria
606 1158 692 1192 mala,
715 1166 785 1195 quae
814 1157 878 1186 facit
898 1166 978 1194 para-

133 1205 197 1242 lysis
226 1205 375 1234 materialis
400 1205 427 1233 in
457 1213 589 1242 corpore,
611 1208 638 1234 et
660 1208 819 1242 peccatum,
841 1205 914 1242 quod
936 1207 978 1234 est

132 1252 265 1289 paralysis
293 1252 444 1289 spiritualis
473 1253 499 1280 in
530 1255 628 1281 mente.
661 1252 726 1280 Nam
756 1252 808 1281 ista
833 1252 978 1281 infirmitas

133 1299 221 1328 reddit
243 1299 382 1327 hominem
404 1299 584 1336 corporaliter
607 1299 755 1328 inhabilem
777 1299 810 1327 ad
831 1299 976 1333 standum,

131 1346 307 1383 impotentem
329 1347 362 1375 ad
378 1347 548 1384 operandum
565 1350 592 1375 et
606 1347 803 1383 impossibilem
824 1346 857 1375 ad
879 1347 978 1375 ambu-

132 1393 254 1422 landum.
277 1394 314 1422 lta
329 1398 471 1430 peccatum
488 1402 538 1422 suo
561 1394 640 1422 modo
654 1394 745 1423 aufert
766 1394 872 1423 animae
894 1394 977 1422 recti—

131 1441 258 1469 tudinem
273 1444 369 1469 slatus
384 1449 433 1478 per
449 1441 574 1478 culpam,
596 1440 800 1479 fortitudinem
823 1445 907 1470 (tetris
928 1449 977 1478 per

130 1488 290 1517 iniustitiam
313 1491 340 1517 et
357 1489 617 1525 promptitudinem
640 1493 736 1517 nictus
765 1497 813 1526 per
839 1489 978 1526 negligen-

130 1535 211 1569 tiam;
240 1535 286 1564 sed
316 1535 448 1564 Dominus
477 1539 572 1564 contra
600 1536 652 1564 ista
671 1536 724 1564 tria
746 1536 816 1564 mala
839 1536 978 1572 praecepit

130 1582 182 1610 tria
208 1582 286 1611 bona.
315 1582 382 1611 Nam
404 1583 494 1619 primo
523 1583 638 1619 imperat
660 1583 862 1611 rectitudinem
883 1586 978 1611 stritus

130 1636 179 1666 per
200 1629 383 1658 desertionem
405 1629 517 1666 culpae,
540 1637 602 1658 cum
618 1629 698 1658 dicit:
715 1629 825 1667 Surga-
847 1629 977 1663 secundo,

129 1674 330 1713 fortitudinem
350 1682 435 1705 actus
456 1684 505 1713 per
526 1676 733 1705 exsecutionem
756 1676 890 1711 iustitiae,
913 1684 975 1705 cum

130 1723 237 1751 subdit:
267 1723 329 1751 tolle
360 1723 461 1751 lectum
492 1727 593 1757 tuum,
626 1723 651 1751 id
679 1726 720 1751 est
751 1723 900 1757 iustitiam,
928 1730 977 1759 per

130 1778 212 1807 quam
235 1770 261 1798 in
284 1771 356 1799 omni
378 1778 461 1807 opere
482 1770 598 1807 exsequi
622 1771 750 1807 incipias;
766 1770 857 1804 tertio,
876 1778 977 1807 prom-

127 1817 298 1854 ptitudinem
328 1822 423 1846 motus
449 1825 497 1854 per
525 1818 733 1854 acquisitionem
762 1818 880 1854 gloriae,
912 1825 975 1846 cum

129 1864 285 1901 subiungit:
308 1869 333 1892 et
347 1865 420 1892 vctde
434 1865 463 1893 in
480 1865 600 1893 [tomum
615 1868 695 1893 luunt
706 1875 715 1898 ,·
736 1864 867 1893 Glossa4:
895 1876 907 1889 «
923 1864 976 1892 Do-

128 1919 210 1939 mum
238 1911 279 1940 ire
300 1915 342 1940 est
369 1911 401 1940 ad
432 1912 589 1948 paradisum
612 1912 744 1946 redire»,
773 1919 805 1940 eo
833 1911 907 1948 quod
930 1920 976 1948 pa-

128 1959 236 1987 radisus
257 1962 299 1987 est
327 1959 439 1995 propria
468 1959 599 1987 habitatio
621 1959 755 1992 bominis,
777 1959 842 1995 quia
868 1958 901 1986 ad
924 1959 976 1987 lioc

127 2005 216 2034 factus
238 2006 319 2034 bomo
340 2005 400 2034 fuit.

207 2053 224 2081 1.
247 2053 317 2082 Dicit
338 2061 419 2090 ergo:
436 2053 547 2091 Sur-gya-
568 2053 615 2081 ubi
638 2053 756 2089 imperat
774 2053 976 2081 rectitudinem

128 2103 222 2129 stritus
243 2108 293 2137 per
314 2100 497 2129 desertionem
513 2101 626 2137 culpae,
649 2100 713 2137 quia
735 2100 826 2128 anima
840 2099 912 2128 cadit
928 2099 976 2128 tri-

128 2148 244 2184 pliciter,
267 2147 370 2176 scilicet
398 2155 447 2184 per
469 2147 670 2185 iynorantium
693 2147 810 2181 erroris,
839 2147 975 2183 concupi:

127 2195 265 2223 scentiam
288 2194 379 2223 carnis
404 2198 430 2223 et
444 2194 612 2223 violentiam
633 2194 782 2222 diabolicae
802 2194 974 2227 tentationis3

128 2245 154 2270 et
177 2241 236 2270 ideo
257 2241 290 2269 ad
312 2242 380 2275 hoc,
402 2245 434 2270 ut
456 2242 555 2270 habeat
573 2241 766 2269 rectitudinem
789 2244 877 2269 status
899 2241 975 2270 dese-

128 2288 213 2317 rendo
234 2288 360 2325 culpam,
383 2288 578 2317 attendendum
608 2292 664 2321 est,
693 2291 723 2316 ut
751 2288 786 2317 ab
811 2288 855 2317 his
883 2288 975 2317 tribus

128 2338 270 2372 resurgat:
293 2339 320 2364 et
341 2335 430 2372 primo
459 2343 474 2363 a
506 2335 628 2363 tenebris
656 2335 843 2372 iquorctntiue
871 2335 975 2363 erroris

127 2382 314 2417 obcaecantis;
336 2383 473 2417 secundo,
495 2383 529 2411 ab
551 2382 689 2411 illecebris
717 2382 849 2411 carnalis
871 2390 975 2411 concu-

125 2431 284 2467 piscentiae
308 2431 492 2464 defoedantis;
515 2431 612 2464 tertio,
634 2438 649 2458 a
671 2430 879 2467 pruesiclenliis
897 2434 975 2467 potc-

127 2478 211 2505 statis
225 2478 387 2506 diabolicae
401 2478 590 2514 opprimentis.
607 2477 729 2505 Primum
753 2477 835 2506 babet
850 2477 908 2506 lieri
926 2485 975 2514 per

127 2527 267 2561 aspectum
290 2524 620 2558 veritatis;·secundum‚
644 2533 692 2561 per
711 2525 871 2561 amplexum
895 2524 974 2552 casti-

128 2571 205 2604 tatis;
229 2572 357 2605 tertium,
381 2580 429 2608 per
451 2572 615 2600 exercitium
640 2571 759 2599 virtutis.

208 2618 311 2652 Primo,
334 2619 381 2655 qui
398 2618 456 2646 vult
472 2618 574 2647 habere
589 2618 791 2646 rectitudinem
812 2622 907 2646 stritus
928 2618 974 2646 de—

128 2664 173 2694 bet
193 2674 314 2702 δαν-96111
334 2673 349 2693 a
371 2665 494 2693 tenebris
508 2665 621 2694 erroris
639 2669 665 2693 et
687 2665 856 2701 ignorantiae
877 2665 974 2693 obcae-

190 2790 197 2802 ¹
217 2791 246 2812 Ex
264 2790 373 2813 Vaticana
392 2793 413 2813 et
430 2790 532 2813 CDEF.
841 2790 850 2803 ²
869 2792 932 2813 ἵει-3,
951 2792 972 2813 G.

190 2829 198 2841 ³
215 2829 276 2851 Libr.
294 2831 318 2852 11.
338 2830 366 2852 de
384 2830 472 2857 Anima,
490 2833 543 2852 text.
561 2831 596 2852 33.
615 2837 634 2852 c.
654 2830 674 2852 4.

190 2869 199 2881 ÷
217 2869 305 2891 Scilicet
322 2869 445 2892 ordinaria
464 2870 524 2897 apud
544 2870 660 2896 111-(11111111
679 2869 700 2891 111
719 2870 778 2891 bunc
796 2870 879 2892 lorum.

190 2907 199 2920 ⁵
217 2908 282 2930 Vers.
299 2909 326 2935 7;
344 2911 472 2937 sequuntur
490 2910 549 2930 loan.
572 2908 603 2936 16,
623 2909 644 2930 ΞΖ.
661 2911 682 2930 et
700 2911 748 2931 Act.
766 2909 787 2935 9,
805 2909 826 2930 8,
845 2912 866 2931 et
885 2909 921 2931 10.

190 2946 199 2959 ⁰
216 2948 301 2975 Regula
321 2948 417 2975 Pastor„
436 2954 458 2975 p.
477 2948 508 2970 111.
526 2954 544 2970 c.
567 2948 600 2969 16.

1040 414 1142 448 cantis,
1170 418 1197 443 et
1225 416 1277 444 hoc
1304 424 1353 453 per
1381 421 1521 454 aspectum
1551 419 1689 454 veritatis;
1719 424 1745 449 et
1772 421 1805 450 de
1831 422 1882 451 hoc

1039 460 1140 489 dicitur
1162 463 1277 490 Δ4011111111
1300 471 1372 491 nono
1386 464 1413 492 ⁵:
1436 464 1530 502 δαν-96
1557 470 1583 494 et
1610 466 1760 504 iuyreclere
1780 468 1883 497 civita.-

1039 510 1106 541 tem,
1129 512 1153 536 et
1180 508 1222 537 ibi
1247 510 1360 538 (licetur
1388 511 1454 544 tibi,
1478 512 1549 549 quid
1574 517 1598 541 te
1619 518 1748 550 oporteat
1775 514 1880 552 facere.

1039 553 1120 587 Ecce,
1143 554 1216 591 quod
1239 555 1339 584 Paulus
1364 558 1582 594 persequebatur
1603 559 1752 596 discipulos
1780 562 1880 591 Christi

1038 600 1096 627 zelo
1117 600 1193 637 Legis
1208 601 1323 635 ductus,
1346 603 1476 637 credens,
1497 613 1526 632 se
1541 605 1707 643 obsequium
1726 612 1881 644 praestare

1040 646 1112 678 Deo,-
1133 647 1180 675 sed
1202 648 1267 684 quia
1288 649 1339 677 hoc
1361 657 1414 677 non
1437 653 1477 678 est
1495 658 1530 679 ex
1553 655 1628 680 certa
1642 653 1767 687 scientia,
1783 658 1830 683 aut
1845 663 1880 683 ex

1037 693 1156 727 malitia,
1178 694 1225 722 sed
1241 695 1403 723 tenebratur
1418 697 1522 725 erroris
1537 698 1704 734 ignorantia3
1727 700 1786 729 ideo
1802 709 1880 737 prae-

1037 739 1139 775 cipitur
1154 740 1270 776 inyrecli
1284 742 1446 776 civitatem,
1465 751 1514 779 per
1530 752 1612 780 quarn
1627 747 1800 783 congregatio
1815 748 1880 776 fide-

1037 785 1103 813 lium
1136 786 1307 823 intelligitur,
1337 789 1384 824 qui
1413 790 1465 818 sub
1487 790 1581 818 eodem
1604 791 1665 820 iure
1687 793 1793 821 vivendi
1816 799 1879 823 sunt

1037 832 1155 865 collecti,
1178 836 1209 861 ut
1230 833 1264 861 ab
1286 834 1324 862 eis
1340 834 1504 869 instruatur,
1526 837 1596 874 quiet
1611 846 1674 866 cum
1691 843 1820 875 oporteat
1834 840 1880 876 fit-

1036 886 1105 906 cere.
1128 879 1246 915 Dignum
1276 883 1303 908 et
1328 881 1431 909 iustum
1454 882 1520 916 fuit,
1543 886 1574 911 ut
1599 884 1645 920 qui
1674 886 1823 921 sapientem
1853 895 1880 915 se

1037 925 1147 953 tenebat
1168 928 1194 954 et
1215 925 1313 954 ducem
1338 927 1455 956 aliorum
1485 936 1514 957 se
1541 929 1672 964 faciebat,
1698 932 1737 959 acl
1758 940 1879 961 munitm

1036 971 1105 1000 sicut
1128 980 1226 1001 caecus
1241 972 1409 1002 traheretur
1423 978 1450 1003 et
1465 976 1582 1005 Ananiae
1603 977 1629 1005 in
1645 978 1809 1014 discipulum
1826 984 1880 1008 tra-

1035 1018 1158 1047 deretur.
1183 1019 1329 1056 Propterea
1351 1021 1471 1050 maxima
1493 1022 1544 1051 fuit
1566 1023 1693 1052 violentia
1719 1025 1744 1053 in
1767 1034 1880 1054 conver-

1036 1065 1117 1094 tendo
1140 1066 1270 1100 Paulum,
1293 1067 1339 1103 qui
1362 1075 1397 1096 ex
1420 1068 1573 1105 ignorantia
1600 1074 1627 1099 et
1648 1071 1705 1099 zelo
1729 1072 1880 1109 decipiente

1036 1115 1142 1140 rectum
1165 1113 1294 1142 credebat
1308 1114 1442 1151 quidquid
1465 1115 1587 1145 faciebat.
1604 1117 1678 1146 Unde
1693 1118 1841 1155 Gregorius
1853 1120 1879 1147 ⁶:

1040 1170 1053 1184 «
1065 1159 1132 1188 Cum
1153 1160 1242 1189 virtus
1256 1161 1353 1189 vitium
1370 1162 1502 1196 creditur,
1517 1163 1664 1193 difficiliter
1679 1166 1878 1195 emendatur».

1036 1206 1100 1234 Hinc
1121 1209 1176 1241 est,
1199 1207 1273 1244 quod
1296 1208 1322 1236 111
1345 1209 1391 1245 qui
1418 1210 1590 1239 sanctitatem
1618 1215 1766 1248 appetunt,
1788 1213 1814 1241 in
1837 1221 1880 1242 er-

1035 1261 1126 1281 rorem
1150 1254 1232 1290 lapsi,
1256 1255 1361 1284 tardius
1376 1259 1587 1291 convertuntur,
1608 1261 1713 1286 rectum
1735 1260 1880 1288 aestiman-

1035 1302 1075 1327 tes
1096 1299 1230 1336 quidquid
1246 1300 1364 1335 faciunt,
1387 1305 1414 1330 et
1435 1302 1506 1330 sicut
1520 1304 1694 1332 extolluntur
1716 1305 1827 1339 virtute,
1842 1306 1880 1334 sic

1034 1346 1100 1374 vitio
1123 1348 1355 1383 perseverantiam
1378 1348 1504 1385 iungunt.

1113 1393 1238 1422 Secundo
1266 1402 1355 1431 surye
1375 1395 1409 1423 ab
1431 1395 1569 1424 illecebris
1593 1398 1725 1426 eut-nutis
1746 1399 1880 1436 concupi—

1034 1441 1159 1469 scentiuc
1173 1440 1357 1475 defoedantis,
1379 1445 1406 1470 et
1427 1443 1479 1471 hoc
1494 1451 1543 1479 per
1557 1444 1716 1480 amplexum
1733 1446 1878 1480 castitatis;

1034 1487 1108 1515 unde
1137 1488 1225 1516 Lucae
1253 1488 1359 1517 decimo
1387 1489 1525 1525 quint07:
1555 1490 1684 1528 Suryum
1712 1496 1738 1520 et
1767 1492 1812 1521 ibo
1840 1493 1880 1521 cul

1032 1538 1149 1571 putrem
1171 1543 1267 1563 meum
1288 1536 1424 1564 ecdicum
1447 1537 1487 1565 ei:
1513 1538 1610 1572 Pater,
1629 1539 1748 1575 peccavi
1768 1539 1799 1567 in
1817 1548 1879 1568 cac-

1035 1581 1095 1609 lum
1110 1585 1136 1610 ct
1157 1590 1259 1610 corum
1280 1586 1312 1610 lc.
1336 1583 1385 1611 Per
1408 1583 1489 1612 istum
1506 1584 1591 1613 lilium
1615 1585 1759 1622 prodigum
1782 1586 1879 1615 intelli-

1034 1629 1109 1666 gitur
1125 1630 1207 1657 homo
1223 1630 1402 1664 luxuriosus,
1418 1630 1491 1659 unde
1505 1634 1532 1659 et
1551 1632 1755 1661 adolescentior
1769 1633 1879 1668 dicitur,

1034 1683 1066 1704 eo
1088 1676 1161 1712 quod
1176 1676 1209 1705 ad
1231 1677 1365 1706 vanitates
1380 1681 1406 1706 et
1427 1678 1461 1706 ad
1476 1678 1595 1706 carnalia
1609 1679 1805 1708 delectamenta
1823 1688 1879 1708 ma-

1034 1723 1075 1759 gis
1090 1723 1228 1758 intentus3
1251 1725 1297 1761 qui
1320 1728 1412 1753 erecta
1426 1725 1532 1754 cervice
1547 1726 1614 1762 petit
1630 1727 1792 1762 portionem
1813 1726 1880 1755 sub-

1034 1771 1177 1805 stantiae,
1207 1771 1323 1800 volendo
1351 1772 1390 1800 uti
1421 1772 1507 1801 libero
1528 1773 1658 1807 arbitrio,
1688 1777 1717 1801 ut
1743 1782 1795 1802 non
1825 1774 1877 1802 iam

1034 1818 1187 1847 secundum
1204 1819 1350 1855 imperium
1367 1819 1475 1848 divinae
1491 1820 1646 1853 voluntatis,
1666 1820 1711 1848 sed
1727 1821 1878 1849 secundum

1034 1869 1132 1894 nutum
1155 1866 1306 1894 voluntatis
1324 1874 1391 1895 suae
1412 1867 1527 1895 incedat.
1550 1867 1624 1896 Unde
1646 1868 1714 1896 Beda
1729 1868 1755 1896 ⁸:
1781 1880 1794 1893 «
1810 1869 1878 1897 Sub-

1034 1913 1133 1941 stantia
1154 1916 1195 1941 est
1216 1921 1309 1947 omne,
1325 1914 1398 1950 quod
1420 1914 1542 1950 agimus,
1557 1914 1676 1943 vivimus
1697 1918 1723 1943 et
1744 1915 1878 1951 sapimus,

1033 1959 1186 1996 cogitamus
1197 1963 1224 1988 et
1237 1960 1377 1997 loquimur
1387 1972 1412 1988 ».
1426 1960 1457 1989 Et
1468 1961 1581 1989 Seneca:
1598 1972 1610 1985 α
1624 1961 1748 1998 Erumpit
1762 1961 1788 1989 in
1802 1965 1878 1998 petu—

1003 2038 1005 2043 1
1034 2006 1144 2034 lantiam
1161 2007 1231 2035 male
1243 2007 1399 2044 dispensata
1415 2007 1527 2036 libertas
1538 2019 1564 2035 ».
1582 2008 1612 2035 Et
1628 2011 1692 2036 tunc
1703 2008 1775 2036 abiit
1789 2008 1820 2036 in
1834 2018 1878 2037 re-

1030 2054 1144 2091 gyionem
1161 2053 1362 2092 lonqinquctm,
1375 2054 1560 2091 perpetrando
1575 2058 1731 2091 peccatum;
1747 2055 1839 2083 Glossa
1851 2056 1877 2083 ⁴³:

1034 2101 1113 2129 Abiit
1135 2101 1166 2129 in
1188 2101 1333 2138 rcyioucnz
1355 2101 1562 2139 longinquam,
1596 2109 1677 2129 «non
1703 2101 1792 2130 locum
1818 2109 1878 2130 mu-

1034 2147 1124 2181 tando,
1146 2147 1191 2176 sed
1208 2148 1341 2176 animum.
1358 2148 1466 2184 Quanto
1481 2149 1544 2185 quis
1566 2148 1591 2176 in
1615 2156 1699 2185 pravo
1719 2156 1801 2185 opere
1816 2148 1878 2184 plus

1032 2194 1182 2231 delinquit,
1211 2198 1287 2223 tanto
1316 2204 1331 2223 a
1359 2195 1407 2224 Dei
1437 2196 1615 2224 similitudine
1643 2195 1745 2224 recedit
1773 2195 1878 2232 longin-

1033 2242 1116 2278 quius
1130 2253 1157 2268 ».
1181 2241 1321 2270 Acllzuesit
1342 2243 1397 2270 uni
1416 2243 1542 2277 civium,
1570 2243 1594 2271 id
1617 2246 1658 2271 est
1677 2242 1796 2276 diabolo,
1819 2242 1877 2271 eius

1032 2288 1201 2317 voluntatem
1223 2288 1362 2323 faciendo,
1384 2292 1412 2318 et
1432 2290 1532 2318 merito
1555 2289 1684 2318 recedens
1698 2298 1713 2317 a
1734 2289 1780 2317 Dei
1803 2289 1877 2317 311111-

1032 2335 1147 2364 litudine
1178 2336 1282 2364 accedit
1313 2336 1346 2365 ad
1379 2344 1545 2373 porcorum,
1575 2337 1599 2364 id
1629 2340 1669 2365 est
1696 2336 1876 2370 daemonum,

1032 2382 1256 2417 similitudinem,
1279 2391 1349 2420 quos
1371 2384 1500 2412 continue
1528 2383 1670 2420 pascebat,
1692 2383 1757 2411 dum
1787 2383 1877 2411 carnis

1033 2430 1187 2466 voluptates
1208 2438 1261 2459 non
1284 2431 1436 2460 deserebat.
1467 2431 1613 2467 Propterea
1634 2430 1764 2467 expendit
1785 2430 1877 2458 onmia

1032 2477 1103 2505 bona
1125 2477 1261 2505 naturalia
1283 2478 1403 2506 vivendo
1433 2478 1599 2512 luxuriose,
1622 2481 1646 2506 et
1667 2477 1800 2514 cupiebat
1824 2478 1877 2505 im-

1030 2524 1107 2561 plerc
1128 2528 1253 2552 ventrem
1275 2533 1364 2553 suum
1389 2525 1423 2553 (le
1443 2525 1567 2563 siliquis,
1589 2533 1664 2562 quus
1681 2524 1768 2561 porci
1787 2531 1877 2552 come-

1031 2571 1144 2605 debant,
1167 2571 1192 2599 id
1215 2574 1268 2605 est,
1297 2571 1430 2609 cupiebat
1451 2572 1610 2600 adinvenire
1631 2571 1740 2599 diversa
1768 2573 1877 2607 peccata

1032 2619 1131 2646 carnis.
1165 2618 1324 2656 «Siliqua,
1347 2621 1378 2647 ut
1406 2618 1471 2647 dicit
1498 2619 1592 2646 Glossa
1608 2618 1639 2652 ¹⁰,
1668 2621 1708 2646 est
1740 2617 1875 2654 quoddam

1031 2673 1119 2702 genus
1152 2665 1297 2701 leguminis
1325 2665 1432 2694 sonoris
1460 2665 1571 2693 follibus
1604 2668 1629 2693 et
1661 2664 1771 2697 vacuis,
1803 2664 1875 2700 quod

1094 2790 1102 2803 ⁷
1121 2792 1185 2813 Yers.
1207 2792 1241 2813 18,
1263 2792 1295 2813 12.
1318 2791 1351 2813 15.
1369 2797 1434 2820 seqq.

1093 2829 1102 2843 ⁸
1120 2830 1181 2852 Libr.
1200 2831 1236 2853 tv.
1254 2837 1273 2853 (·,
1292 2831 1329 2853 63,
1349 2831 1371 2853 in
1390 2832 1444 2853 Luc,
1461 2843 1490 2845 —
1508 2830 1616 2857 Sequitur
1635 2829 1733 2855 Seneca,
1751 2829 1765 2850 1.

1031 2871 1096 2893 neno.
1114 2876 1133 2892 e.
1155 2871 1188 2892 10.

1094 2908 1103 2921 ⁵*
1122 2908 1250 2932 Orclinuriu
1269 2916 1294 2931 ex
1312 2909 1382 2935 Beda,
1400 2909 1435 2930 IV.
1454 2914 1473 2930 c.
1491 2909 1528 2930 63.
1546 2908 1566 2929 111
1584 2908 1638 2930 Luc.
1661 2907 1692 2932 15,
1716 2907 1747 2929 13.

1095 2947 1114 2959 ¹⁰
1132 2947 1294 2971 interlinearis
1312 2950 1387 2970 sumta
1405 2953 1431 2969 ex
1449 2946 1556 2969 Anibi-os.
1574 2946 1594 2967 in
1614 2946 1666 2968 Luc,
1690 2946 1727 2973 15,
1750 2945 1784 2967 16,

1788 2828 1816 2850 de
1839 2828 1875 2849 110-

1893 1404 1945 1427 Item,
1952 1405 1976 1423 ab
1984 1405 2025 1424 ille·

1901 1428 1962 1455 cebris
1974 1434 2017 1455 con-

1890 1454 2023 1475 cupiscenttae.
