2243 3348
30 954 56 974 ne
69 954 128 974 tertia.

53 1609 98 1628 Pars
111 1609 133 1628 11.

28 1703 80 1722 Ratio
92 1703 124 1722 tri-

54 1727 102 1751 plex.

30 2125 56 2145 Do
67 2126 132 2150 prima.

25 2359 65 2386 Tria
85 2365 136 2380 exer-

51 2384 99 2403 citia-

718 168 876 196 DOMlNlCA
899 168 940 196 tV.
962 167 1145 198 ADVENTUS.
1167 169 1277 197 SERMO
1300 171 1316 197 Ι,
1849 174 1884 201 75

144 250 321 289 magnificus
339 249 370 277 in
384 247 549 280 sanctitate,
565 245 704 275 terribilis
719 249 804 283 atque
819 245 989 279 laudabilis,

143 298 256 336 faciens
276 294 450 324 mirabilia?
466 310 501 314 —
518 293 586 329 Quia
608 292 708 321 omnia
723 292 775 320 ista
789 291 990 328 contingyebant

145 345 202 374 illis
223 344 254 372 in
275 342 392 380 figura,
415 343 525 369 nostrae
546 339 717 368 liberationis
737 338 770 367 de
791 346 875 366 manu
896 338 989 366 diabo-

145 393 212 421 licae
233 389 390 427 potestatis;
413 387 472 416 ideo
494 386 647 416 secundum
669 385 823 414 exhibitam
845 385 989 413 veritatem

144 439 283 468 dicamus:
307 435 378 472 Qais
399 434 505 463 similis
526 433 570 461 tui
590 433 621 461 in
641 431 779 469 fortibus,
798 431 926 465 Domine,
942 439 990 467 po-

145 488 256 514 testates
276 482 425 511 diabolicas
446 481 472 509 in
495 479 664 517 protundum
681 478 770 515 abyssi
789 478 989 515 demergend03

145 532 210 571 qais
231 530 337 559 Similis
358 530 402 557 tui
422 527 600 565 magnificus
621 526 653 554 in
680 525 851 558 sanctitate,
880 524 988 553 fidelem

145 579 278 617 populum
299 585 315 605 a
337 575 514 613 percussione
536 573 632 617 mortis
653 576 781 601 aeternae
803 579 852 608 per
880 572 991 600 effusio-

147 634 207 655 nem
231 624 335 662 proprii
358 622 499 659 sanguinis
514 620 671 653 liberando;
688 618 864 652 laudabitis,
887 619 913 647 in
931 626 991 655 pas-

145 672 220 702 sione
242 673 355 708 propter
377 676 499 697 amorem
520 667 727 696 benevolentiae
747 669 775 694 et
795 665 932 699 caritatis3
948 669 991 693 at-

145 727 198 758 que
219 716 371 750 terribilis,
394 716 420 744 in
449 714 654 743 resurrectione
676 716 789 750 propter
817 712 990 749 splendorem

145 765 248 803 gloriae
268 768 295 793 et
316 763 464 795 claritatis;
486 765 512 790 et
531 760 644 798 faciens
659 759 826 793 mirabilia,
849 760 875 787 in
897 767 992 788 ascen-

146 813 221 842 sione
242 814 357 848 propter
372 809 552 838 elevationem
568 807 692 844 corporis
712 807 854 835 terrestris
875 806 908 834 ad
923 806 992 834 dex-

147 863 233 889 teram
257 858 352 886 Patris.

223 905 316 934 Tertio
337 907 379 933 est
399 903 488 932 iudex
511 903 691 931 rectissimus
713 902 818 930 ratione
846 900 993 937 aequitatis

145 957 172 982 et
188 952 322 985 institiae3
345 951 418 979 unde
433 949 586 986 Sophoniae
601 948 722 977 secundo
738 949 763 976 ¹:
787 947 923 983 Quaerite
940 947 993 975 Do-

145 1000 271 1033 minam,
289 1007 386 1027 omnes
400 996 548 1025 mansneti
570 1000 675 1029 terrae,
691 995 743 1033 qui
764 994 909 1023 indiciam
931 994 993 1022 eins

146 1047 213 1076 estis
234 1045 349 1082 operati
356 1055 366 1078 ;
394 1044 524 1082 quaerite
549 1043 672 1076 iustam,
701 1042 831 1080 quaerite
856 1049 992 1069 mansae—

147 1099 217 1123 tam.
241 1109 276 1113 —
300 1091 445 1120 Man-sueti
470 1094 565 1118 terrae
592 1090 725 1118 dicuntur
754 1088 873 1117 humiles
901 1088 992 1121 corde,

147 1141 193 1178 qui
216 1142 364 1178 quaerant
386 1138 544 1166 Dominam
565 1145 629 1165 cum
650 1136 820 1165 subiectione
842 1135 932 1164 filialis
954 1143 994 1163 re-

148 1187 302 1219 verentiae;
318 1186 369 1224 qai
384 1185 528 1213 titalieiam
543 1184 605 1212 etus
620 1183 750 1221 faciant,
768 1183 916 1219 praeterita
932 1191 994 1219 pec-

148 1237 207 1264 cata
235 1232 404 1262 emendando
435 1235 462 1260 et
494 1231 668 1268 postmodum
696 1238 749 1258 non
782 1230 993 1263 connnittendo;

149 1280 279 1320 quaerite
300 1280 422 1311 iustum,
445 1279 470 1306 in
488 1278 627 1315 puniendo
642 1277 847 1314 superbientes;
863 1277 995 1315 qucterite

147 1331 344 1360 mansuetam,
367 1327 393 1354 in
410 1325 567 1362 recipiendo
582 1325 767 1361 poenitentes3
787 1323 860 1352 unde
882 1324 996 1352 Bernar-

148 1374 200 1403 (lus
216 1374 241 1402 2:
265 1374 378 1410 Qualem
402 1376 427 1401 te
443 1372 493 1401 sibi
510 1371 619 1405 tribuis,
636 1372 715 1400 talem
738 1371 886 1399 adventum
909 1378 994 1407 cxpe-

150 1421 240 1455 neris,
263 1421 328 1457 quia
350 1428 416 1449 eam
437 1422 538 1447 saneto
559 1422 680 1446 sanetus
701 1418 774 1451 eris,
796 1422 820 1446 et
842 1426 909 1446 eum
932 1418 995 1445 viro

151 1468 299 1497 innocente
321 1468 457 1495 innocens
478 1467 546 1499 eris,
569 1470 594 1494 et
615 1474 682 1494 eum
703 1465 786 1493 eleeto
807 1465 911 1493 electas
926 1465 995 1499 eris,

149 1519 174 1545 et
194 1524 259 1544 eam
280 1523 418 1552 pei-uerso
439 1514 613 1551 perverteris
628 1514 647 1541 ³.

228 1563 257 1590 ll.
280 1562 428 1598 Sequitur:
452 1561 580 1593 Parate‚·
612 1560 658 1588 ubi
692 1562 803 1588 notatur
835 1559 996 1587 admonitio

149 1609 314 1638 excitativa.
338 1608 523 1637 Admonemur
544 1610 655 1641 autern,
677 1607 757 1635 iuxta
780 1606 915 1643 triplicem
937 1606 997 1634 eius

148 1656 350 1694 proprietatum
372 1655 564 1684 excellentiam
588 1657 618 1683 ut
636 1662 686 1683 nos
707 1661 914 1691 praeparemus.
930 1653 997 1681 Nam

149 1703 249 1741 primo,
271 1703 337 1740 quia
358 1702 499 1739 mayister
519 1701 772 1738 sapientissimus,
798 1708 998 1737 praeparemus

149 1758 199 1779 nos
227 1753 258 1779 ut
283 1749 423 1786 discipuli
453 1747 620 1777 anhelantes
648 1748 681 1776 ad
709 1747 878 1776 credendum
910 1747 997 1784 inagi-

150 1799 208 1826 stro
229 1796 336 1826 docenti
369 1804 418 1833 per
440 1795 650 1832 captivationem
673 1795 838 1824 intellectus.
862 1793 997 1828 Secunda

149 1844 215 1881 quia
236 1852 289 1872 rex
306 1843 541 1880 potentissimus,
564 1850 763 1879 praeparemus
784 1849 834 1870 nos
862 1843 894 1869 ut
920 1841 999 1869 servi

149 1891 329 1929 obsequentes
350 1890 383 1919 ad
404 1890 587 1919 obediendum
610 1889 787 1926 praecipienti
810 1896 859 1926 per
881 1896 998 1917 exsecu-

150 1938 251 1967 tionem
266 1938 388 1967 effectus.
408 1937 509 1971 Tertio,
522 1936 586 1974 quia
605 1937 693 1965 index
710 1936 902 1969 rectissimas,
918 1943 998 1972 prae-

150 1993 281 2022 paremus
306 1993 355 2013 nos
383 1988 414 2013 ut
445 1985 531 2013 oiri4
556 1984 733 2021 poenitentes
759 1983 793 2012 acl
830 1983 998 2020 responden-

150 2032 216 2061 dum
238 2032 319 2061 iudici
344 2040 392 2069 per
413 2032 632 2060 emendationem
655 2031 786 2060 defectus.

230 2080 319 2108 Primo
340 2079 416 2108 dico:
439 2086 637 2116 praeparemus
658 2086 708 2107 nos
733 2082 764 2106 ut
784 2078 925 2115 discipali
945 2087 998 2106 an-

152 2125 276 2155 helantes
297 2126 330 2154 ad
353 2125 521 2154 credendum
538 2125 669 2162 magistro
684 2125 790 2153 docenti
808 2133 856 2161 per
877 2125 998 2161 captiva—

150 2173 252 2202 tionem
286 2173 450 2201 intellectus.
481 2172 511 2200 Et
536 2172 570 2200 de
599 2172 649 2200 hoc
678 2175 768 2208 potest
799 2172 900 2208 exponi
931 2172 998 2200 illud

150 2220 230 2256 primi
255 2219 354 2248 Esdrae
376 2219 492 2255 septimo
507 2219 534 2246 ⁵:
558 2219 670 2247 Esdras
688 2218 812 2255 parauit
827 2227 877 2246 cor
898 2227 998 2252 suam,

150 2270 183 2294 ut
203 2266 391 2303 investiqaret
413 2265 498 2303 legyem
524 2265 647 2293 Domini.
670 2265 791 2301 Quilibet
812 2265 902 2294 bonus
924 2265 999 2293 Chri-

151 2313 258 2342 stianus
273 2313 401 2349 exemplo
418 2312 518 2341 Esdrae
532 2312 647 2341 deberet
662 2320 760 2349 parare
782 2319 829 2341 cor
851 2319 933 2341 suum
950 2320 999 2349 per

151 2360 325 2388 soliditatem
346 2359 415 2396 (idei
434 2360 461 2388 in
485 2359 630 2396 cognitiva,
653 2367 701 2396 per
722 2359 919 2388 sinceritatem
939 2360 1000 2396 spei

150 2407 178 2435 in
200 2406 334 2440 affectiva,
357 2414 405 2443 per
427 2406 608 2435 sedulitatem
629 2406 722 2435 stadii
742 2406 768 2434 in
798 2407 939 2443 operativa
965 2406 999 2434 ad

151 2453 373 2490 investigandum
396 2454 482 2490 legem
504 2453 699 2490 evangelicam,
721 2462 775 2482 non
791 2454 944 2482 secundum
959 2453 999 2482 di-

153 2505 260 2529 ctamen
285 2500 398 2528 rationis
412 2500 618 2537 philosophicae
633 2501 653 2534 ⁶,
676 2500 723 2529 sed
745 2500 897 2529 secundum
914 2500 999 2529 dicta-

152 2555 214 2576 men
237 2547 361 2575 veritatis
382 2550 519 2575 aeternae.
534 2547 609 2583 Quae
624 2547 735 2584 quidem
752 2547 798 2575 lex
820 2547 941 2576 illustrat
956 2555 999 2575 ra-

151 2594 281 2623 tionalem
303 2594 335 2622 ad
358 2593 578 2630 cognoscendum
602 2602 708 2627 verum,
724 2594 877 2622 inflammat
899 2602 999 2622 concu-

217 2770 224 2782 ¹
243 2770 309 2793 Vers.
328 2771 350 2792 3.

216 2808 225 2822 ²
243 2810 317 2832 Serm.
340 2810 377 2831 69.
405 2810 426 2831 in
450 2809 514 2832 Cant.
538 2816 558 2831 n.
581 2809 607 2831 7:
631 2809 701 2837 lgitur
723 2810 815 2839 qualem
839 2813 860 2833 te
882 2811 1001 2838 paraveris

153 2849 209 2876 Deo,
227 2849 276 2871 talis
293 2852 384 2876 oportet
401 2851 511 2877 appareat
529 2848 569 2871 tibi
588 2849 656 2871 Deus.
666 2848 725 2872 Cum
737 2851 819 2873 sancto
831 2851 928 2873 sanctas
945 2850 1000 2878 eris,

153 2888 176 2910 et
192 2892 246 2910 cum
262 2887 314 2910 viro
332 2887 453 2911 innocente
470 2887 582 2910 innocen-5
600 2887 655 2910 eris.

218 2925 226 2938 ³
245 2926 326 2948 Psalm.
345 2926 381 2954 17,
399 2926 437 2948 26.
454 2932 504 2955 seq.

216 2964 225 2977 ⁴
243 2966 273 2987 lta
290 2965 318 2992 F,
336 2965 372 2988 alii
391 2965 448 2989 veri.

1047 246 1196 282 piscibilem
1218 247 1251 275 ad
1266 247 1476 275 desiderandum
1492 248 1605 282 bonum,
1620 249 1708 276 elevat
1727 249 1888 278 irascibilem

1047 292 1080 321 ad
1102 293 1269 329 sperandum
1291 294 1419 322 arduum.

1126 339 1251 367 Secundo
1272 348 1470 376 praeparemus
1490 349 1537 369 uos
1562 345 1593 369 ut
1613 342 1691 370 serni
1712 342 1890 380 obsequentes
1907 350 1933 369 De
1942 351 2030 369 secunda.

1047 385 1079 413 ad
1093 385 1277 414 obediendum
1293 387 1469 423 praecipienti
1487 395 1535 424 per
1550 389 1755 417 exsecutionem
1768 389 1889 417 eftectus.

1049 432 1079 460 Et
1100 432 1133 460 de
1156 432 1207 460 hoc
1229 432 1330 461 dicitur
1352 433 1378 461 in
1398 434 1502 462 Psalmo
1517 434 1543 462 ⁷:
1567 435 1699 463 paratus
1714 444 1780 463 snm
1795 439 1819 463 et
1833 444 1891 464 non

1047 487 1114 506 sam
1136 479 1283 513 turbatus,
1306 484 1336 507 at
1358 480 1522 509 custodiam
1538 482 1680 510 nntnctata
1702 485 1762 510 tna.
1778 499 1815 502 —
1832 483 1890 511 Pa-

1048 530 1135 553 ratus
1165 534 1241 559 sam,
1270 526 1368 563 inquit,
1398 527 1444 555 ubi
1474 531 1584 556 notatur
1612 529 1800 565 promptitudo
1827 529 1891 557 obe—

1048 572 1155 605 diendi;
1177 576 1203 600 et
1233 581 1291 600 non
1322 582 1386 601 snm
1415 574 1564 607 turbatus,
1591 575 1655 611 quia
1684 576 1838 604 voluntarie
1865 579 1892 604 et

1049 626 1112 647 cum
1134 627 1228 647 amore
1251 619 1297 647 tibi
1320 620 1494 654 sacrificatum
1519 625 1549 649 nt
1563 622 1723 650 custodiam
1747 623 1890 651 intitulata

1049 669 1111 699 tua,
1133 673 1217 701 opere
1237 666 1381 703 diligenter
1402 667 1583 703 adimplemlo.
1608 668 1637 696 Et
1651 669 1684 696 de
1701 669 1751 697 hoc
1767 669 1891 697 similiter

1049 712 1130 748 primi
1154 713 1256 749 Regum
1280 713 1396 748 septimo
1411 713 1437 740 S:
1469 714 1649 750 Praeparale
1677 715 1768 743 coi-(la
1796 719 1892 743 'ceso-a.

1052 759 1173 787 Domino
1201 763 1225 787 et
1253 760 1355 788 servite
1382 760 1409 788 ei
1434 760 1498 793 soli,
1527 761 1602 789 nulla
1629 761 1802 790 admittentes
1828 770 1891 790 con—

1050 806 1144 839 traria,
1166 807 1241 834 nulla
1263 807 1475 843 aequiparantes
1495 808 1624 844 disparia,
1647 809 1692 836 sed
1718 816 1780 836 eum
1802 810 1888 837 extol-

1050 853 1136 881 lentes
1158 853 1313 881 sublimiter
1335 861 1419 890 super
1447 854 1553 887 omnia,
1575 862 1638 882 eum
1667 855 1748 883 corde
1769 856 1893 889 amando,

1049 908 1133 936 opere
1154 901 1341 937 exsequendo,
1363 909 1411 929 ore
1430 901 1619 937 praedicando,
1635 905 1661 929 et
1676 902 1695 930 si
1713 910 1822 930 necesse
1836 902 1894 930 fue-

1050 947 1095 981 rit,
1118 955 1234 984 corpore
1257 947 1383 983 patiendo
1405 948 1461 976 sive
1483 948 1633 976 moriendo.

1128 994 1221 1023 Tertio
1246 1002 1444 1031 praeparemus
1470 1003 1518 1023 nos
1540 998 1570 1023 ut
1593 995 1652 1022 oiri
1670 995 1840 1031 poenitentes
1861 995 1894 1023 ad
1911 1000 2014 1019 Detertia·

1050 1041 1273 1078 respondendum
1296 1041 1377 1069 iudici
1401 1049 1450 1077 per
1475 1042 1690 1070 emendationem
1714 1041 1843 1070 detectus.
1864 1042 1896 1069 Et

1050 1088 1157 1117 dehoc
1182 1088 1284 1116 dicitur
1313 1088 1492 1117 Ecclesiastici
1521 1088 1682 1117 secun<lo⁹:
1713 1088 1771 1124 Qui
1798 1088 1895 1116 [tinent

1054 1135 1209 1163 Dominam
1235 1134 1461 1172 praeparabant
1483 1135 1574 1163 eorda
1594 1143 1661 1168 saa,
1683 1138 1707 1163 et
1728 1135 1759 1163 in
1782 1143 1895 1171 conspe-

1051 1186 1099 1211 cta
1120 1182 1201 1210 illia-5
1222 1181 1449 1218 sanctificabunt
1471 1182 1589 1210 animas
1610 1190 1692 1215 suas,
1709 1182 1785 1218 quasi
1808 1182 1894 1210 dicat:

1053 1230 1112 1265 Qui
1133 1229 1233 1257 timent
1257 1229 1428 1262 Dominam,
1452 1229 1554 1257 scilicet
1577 1230 1674 1257 timore
1703 1229 1791 1257 tilialis
1821 1236 1896 1257 reve—

1030 1277 1167 1310 rentiae,
1194 1276 1423 1313 praeparabunt
1449 1277 1538 1304 eorda
1565 1284 1631 1309 sna,
1658 1284 1706 1312 per
1731 1276 1894 1304 amotionem

1052 1323 1177 1352 mortalis
1199 1323 1304 1359 culpae.
1332 1323 1406 1351 Unde
1420 1323 1569 1360 Gregorius
1586 1323 1623 1351 ¹⁰:
1649 1334 1662 1347 «
1678 1323 1698 1350 T
1700 1326 1777 1359 crgat
1802 1322 1897 1350 sordes

1052 1371 1130 1407 pravi
1153 1371 1245 1407 operis
1266 1371 1313 1407 qui
1336 1370 1392 1399 Deo
1408 1373 1554 1407 praeparat
1568 1370 1679 1398 domum
1704 1370 1802 1398 mentis
1818 1381 1843 1397 ».
1866 1370 1898 1397 Et

1054 1418 1085 1446 inv
1105 1421 1258 1454 conspecta
1280 1417 1370 1451 illias5
1393 1418 1496 1446 scilicet
1517 1418 1574 1451 Dei,
1596 1417 1821 1453 sanctifiealnmt
1835 1417 1897 1444 ani-

1055 1473 1119 1493 mos
1140 1473 1223 1498 sucis,
1246 1465 1271 1493 id
1294 1468 1335 1493 est
1355 1465 1469 1493 allectus
1490 1465 1591 1492 amoris
1613 1468 1639 1493 et
1661 1464 1872 1492 benevolentiae.

1134 1512 1172 1539 lll.
1195 1512 1287 1540 Tertio
1310 1514 1421 1540 notatur
1444 1512 1468 1539 in
1492 1511 1576 1539 verbo
1593 1511 1731 1547 proposito
1754 1510 1897 1547 informa-
1916 1514 1959 1533 Pars
1972 1514 2002 1533 11¹-

1055 1559 1093 1587 tio
1115 1559 1274 1592 clireetiva,
1297 1562 1327 1587 ut
1350 1559 1472 1595 regulam
1503 1558 1571 1586 bene
1600 1558 1706 1586 vivendi
1737 1565 1896 1589 sumamus,

1055 1614 1118 1635 cum
1140 1606 1220 1635 dicit:
1249 1606 1341 1634 Viam.
1358 1607 1471 1634 Summo
1492 1605 1563 1634 enim
1579 1605 1669 1633 studio
1685 1605 1755 1632 viam
1772 1604 1897 1632 mentalis

1056 1654 1204 1682 habitaculi
1228 1653 1260 1681 ad
1276 1653 1437 1689 exemplum
1452 1652 1511 1680 viae
1527 1652 1675 1680 materialis
1690 1652 1804 1679 Domino
1819 1658 1898 1687 prae-

1055 1708 1193 1738 paremus.
1216 1700 1270 1728 Nisi
1293 1699 1365 1728 enim
1388 1699 1431 1727 via
1446 1699 1573 1727 mentalis
1587 1698 1736 1727 habitaculi
1758 1698 1808 1726 sihi
1830 1698 1899 1726 bene

1055 1750 1220 1786 praeparata
1241 1747 1334 1781 fuerit,
1356 1754 1498 1783 nunquam
1521 1745 1647 1774 Christus
1668 1745 1759 1773 veniet
1779 1744 1812 1773 atil
1833 1752 1899 1778 nos,

1056 1803 1105 1824 nec
1126 1802 1176 1823 nos
1198 1794 1351 1831 poterimus
1372 1801 1520 1822 occurrere
1535 1793 1651 1821 Christo.
1674 1792 1749 1820 Sicut
1770 1792 1841 1820 enim
1857 1791 1901 1819 via

1055 1842 1206 1870 materialis
1227 1841 1297 1870 bene
1311 1843 1504 1877 praeparatur,
1521 1840 1609 1876 primo
1623 1847 1672 1875 per
1687 1838 1810 1867 sordium
1825 1846 1900 1866 amo-

1055 1889 1166 1922 tionem,
1188 1888 1308 1917 secundo
1337 1895 1387 1924 per
1420 1887 1535 1915 vestium
1568 1886 1788 1923 prostrationem,
1822 1884 1901 1913 tertio

1055 1944 1104 1973 per
1125 1936 1227 1964 florum
1250 1935 1515 1971 superpositionem3
1538 1934 1576 1962 sic
1598 1933 1641 1961 via
1656 1932 1782 1961 mentalis
1803 1934 1829 1961 et
1850 1931 1902 1967 spi-

1055 1983 1164 2011 ritualis
1186 1982 1334 2011 habitaculi
1359 1982 1427 2010 bene
1448 1984 1643 2017 praeparatur,
1667 1980 1768 2016 primo,
1783 1987 1832 2015 per
1848 1979 1900 2007 im-
1917 1982 2037 2024 p2‡{⁰?2}³‘³⁰

1055 2029 1220 2058 munditiae
1234 2033 1258 2057 et
1272 2027 1420 2066 foeditatis
1435 2027 1632 2064 expulsionem
1648 2027 1674 2055 in
1690 2027 1824 2063 completa
1838 2034 1901 2054 con-
1955 2011 1965 2029 p
2000 2019 2004 2023 ’

1056 2077 1187 2110 fessione3
1210 2076 1344 2109 secundo,
1360 2083 1409 2112 per
1425 2075 1562 2103 lasciviae
1577 2073 1708 2102 carnalis
1729 2072 1901 2110 prostratio-

1055 2133 1120 2152 nem
1146 2124 1172 2152 in
1198 2123 1317 2151 discreta
1345 2126 1372 2151 et
1399 2122 1490 2151 debita
1518 2121 1709 2157 castigatione3
1733 2120 1828 2153 tertio,
1854 2127 1902 2155 per

1054 2170 1179 2207 floridae
1200 2169 1346 2198 eastitatis
1360 2168 1645 2206 «supererogationem
1668 2167 1694 2195 in
1712 2174 1781 2203 pura
1803 2165 1901 2208 inentis

1056 2223 1083 2247 et
1104 2218 1230 2255 corporis
1252 2217 1467 2246 conservatione.

1136 2265 1225 2293 Primo
1245 2268 1337 2293 autem
1357 2264 1400 2292 via
1423 2263 1547 2292 mentalis
1563 2262 1709 2291 habitaculi
1733 2261 1801 2289 bene
1824 2268 1901 2297 prae-
1927 2262 1954 2281 De
1967 2262 2033 2285 tirima-

1056 2316 1171 2349 paratur
1204 2320 1253 2348 per
1278 2311 1467 2339 immunditiae
1493 2314 1519 2338 et
1547 2309 1681 2338 foeditatis
1710 2308 1901 2344 expulsionem

1057 2360 1083 2388 in
1113 2359 1252 2396 completa
1273 2357 1468 2395 confessione;
1497 2357 1569 2385 unde
1601 2355 1729 2384 leremiae
1761 2354 1902 2391 trigesimo

1058 2407 1146 2443 primo
1162 2407 1201 2433 n:
1225 2405 1325 2434 Statue
1347 2405 1398 2433 tihi
1417 2403 1575 2441 speculam,
1595 2411 1669 2440 pone
1684 2401 1736 2430 tibi
1756 2401 1902 2429 amarita-

1056 2453 1155 2487 dines,
1177 2453 1272 2490 dirige
1293 2461 1344 2481 eor
1366 2456 1448 2480 titum
1470 2452 1501 2479 in
1521 2451 1602 2479 viam
1628 2454 1744 2478 rectam.
1772 2466 1808 2469 —
1838 2448 1902 2476 Sta-

1057 2501 1166 2529 tuenda
1187 2503 1228 2528 est
1248 2499 1380 2537 specula,
1403 2502 1434 2527 ut
1456 2501 1612 2535 peccatores
1635 2497 1742 2525 videant
1764 2504 1827 2524 suas
1842 2504 1903 2523 con-

1058 2548 1186 2576 scientias
1206 2547 1240 2575 ad
1262 2546 1447 2575 confitendum
1470 2548 1596 2581 peccata;
1618 2552 1690 2580 pone
1713 2543 1764 2571 titt
1788 2542 1901 2570 amai-i-

1058 2594 1188 2627 tortines,
1211 2592 1430 2629 compunctionis
1451 2592 1484 2620 ad
1512 2590 1711 2627 deplorandum
1741 2589 1900 2621 commissa;

1120 2770 1128 2782 ⁵
1148 2771 1211 2793 Vers.
1234 2771 1268 2792 10.

1120 2809 1130 2822 ⁶
1146 2810 1220 2833 Codd.
1238 2810 1281 2832 DE
1298 2808 1445 2838 sophisticae.

1122 2849 1129 2862 ⁷
1148 2850 1229 2872 Psalm.
1252 2849 1301 2876 118,
1319 2848 1356 2870 60.

1121 2888 1130 2900 Β
1148 2889 1213 2911 Vers.
1231 2888 1252 2910 3.
1703 2901 1708 2904 .
1753 2877 1762 2893 θ
1780 2881 1844 2903 Vei-s.
1862 2881 1899 2902 20.

1122 2926 1141 2939 ¹⁰
1159 2926 1219 2949 Libr.
1237 2927 1260 2949 ll.
1278 2926 1360 2947 Homil.
1379 2925 1399 2946 in
1418 2925 1505 2951 Evang.
1526 2922 1602 2944 homil.
1620 2922 1655 2943 30.
1674 2928 1696 2943 n.
1715 2921 1736 2942 2.

1122 2966 1140 2978 ¹¹
1160 2966 1225 2988 Vers.
1244 2966 1279 2987 21.
