2243 3348
252 855 297 873 Pars
311 853 340 872 lll.

231 876 360 900 Praegustatio

240 900 353 927 contempla-

262 926 325 942 tionis.

226 947 302 971 Triplex
315 946 358 965 etie-

242 972 290 989 ctus.
303 970 343 988 Pri—

271 998 319 1012 mus.

253 1784 356 1804 Secundus.

276 2111 358 2130 Tertius.

242 2251 358 2276 Exemplum.

369 215 426 243 280

369 292 416 329 qui
438 292 465 320 in
488 300 586 329 magno
606 291 691 320 dubio
711 292 850 327 quaerunt
871 287 1019 324 fugientia,
1041 286 1107 322 quia
1124 284 1213 322 quasi

370 338 422 376 qui
442 336 630 375 apprehendit
651 335 789 364 ‘umbram
810 338 836 362 et
860 332 1047 370 persequitur
1077 333 1211 363 ventum,

369 384 412 413 sic
434 387 458 412 et
478 384 530 421 qui
550 382 670 411 attendit
691 382 731 409 ad
754 381 816 408 visa
837 378 1008 411 mendacia,
1032 375 1212 405 Ecclesiastici

370 430 512 467 trigesimo
533 432 633 466 quarto
646 430 664 462 ¹,
686 432 713 456 et
733 426 894 455 undecimo:
917 425 950 454 Si
969 428 1086 453 secutus
1106 422 1211 460 fiteris,

370 485 428 505 non
449 475 653 513 apprehendes.
675 474 792 502 Econtra
813 472 914 501 dicitur
936 471 969 499 de
984 469 1126 507 sapientia,
1142 476 1213 506 quae

370 530 444 551 nunc
466 522 584 550 habetur
606 528 654 557 per
676 519 792 556 gratiam
814 522 841 547 et
862 518 888 546 in
911 518 1006 546 futuro
1022 524 1071 553 per
1086 515 1212 553 gloriam,

371 568 523 605 Sapientiae
538 570 618 596 sexto
630 567 655 593 ²:
674 566 765 594 Clara
780 568 820 593 est
834 568 858 593 et
872 572 948 602 quae
961 570 1116 601 nunquam
1131 570 1212 590 mar-

370 615 455 644 cescit
474 613 637 650 sapientia,
659 617 683 640 et
703 611 791 649 facile
812 611 926 639 videtur
947 610 984 639 ab
1013 609 1059 638 his
1080 609 1132 647 qui
1152 609 1214 637 dili-

368 664 444 698 yunt
464 668 536 688 eam.
568 659 713 694 Quoniam
741 657 845 694 digynos
866 665 896 685 se
916 657 983 694 ipsa
1003 656 1111 685 circuit
1131 664 1215 694 quae-

370 715 437 735 rens
464 709 489 734 et
517 706 547 733 in
581 705 635 733 viis
663 704 785 732 ostendit
815 712 845 732 se
866 703 924 732 illis
951 702 1104 736 liilariter;
1126 703 1215 730 Lucae

370 752 532 781 undecimo:
557 751 672 785 Omnis,
694 751 746 789 qui
764 750 844 787 petit,
867 750 974 787 accipit
994 752 1045 778 etc.

450 798 488 826 ΙΙΙ.
511 798 605 826 Postea
625 797 769 834 sequitur:
791 804 866 834 quac
883 804 1006 824 sursum
1020 798 1089 824 sunt
1104 795 1214 833 sapite,

370 845 398 873 in
420 852 475 881 quo
496 847 609 872 notatur
635 843 839 880 praeyustatio
865 842 983 871 divinae
1003 841 1216 878 contemplatio-

370 891 417 919 nis
438 898 623 927 supernorum
647 889 783 918 bonorum
805 892 832 918 et
858 892 1045 917 aeternorum.
1067 888 1099 916 Et
1120 890 1215 916 notan-

371 937 454 971 dum,
476 936 550 973 quod
581 936 633 965 hoc
663 936 728 965 facit
758 936 785 964 in
808 938 1003 973 praegustante
1025 935 1090 968 tria,
1113 934 1216 963 scilicet

371 992 452 1013 omne
481 987 624 1012 terrenum
656 983 763 1012 bonum
794 983 955 1020 despicere,
987 982 1053 1019 quia
1079 993 1092 1007 α
1106 984 1216 1019 gustato

372 1031 481 1068 spiritu,
502 1030 601 1067 desipit
622 1030 712 1059 omnis
732 1030 819 1059 caro⁸
833 1040 858 1064 »;
881 1029 954 1058 uude
975 1029 1115 1058 psalmus:
1139 1029 1216 1064 Quid

371 1079 448 1107 enim
470 1077 544 1106 milti
563 1082 603 1106 est
624 1077 655 1105 in
676 1077 773 1111 caelo,
795 1080 820 1105 et
841 1085 861 1105 a
881 1080 906 1105 te
926 1076 997 1114 quid
1018 1075 1098 1104 votui
1127 1084 1216 1112 super

373 1125 504 1154 terram?
526 1125 649 1153 Primum
670 1124 782 1161 quidem
804 1124 916 1160 ponitur
931 1123 1103 1157 admirative,
1118 1130 1216 1151 secun-

373 1173 438 1201 dum
455 1172 636 1208 descriptiva,
651 1174 678 1200 et
699 1174 740 1200 est
754 1171 914 1207 exemplum
929 1170 963 1199 de
978 1170 1072 1203 Petro,
1088 1169 1215 1197 Matthaei

372 1219 478 1248 decimo
499 1218 615 1255 septimo
626 1218 647 1252 ⁴,
669 1218 726 1255 qui,
747 1221 857 1254 gustata
888 1216 1120 1253 praefiguratione
1141 1223 1215 1244 sum-

374 1274 434 1294 mae
455 1266 558 1303 gloriae
586 1265 704 1298 Christi,
725 1264 818 1293 statim
840 1263 925 1292 dixit:
951 1264 1064 1291 Bonum
1085 1265 1141 1296 est,
1163 1270 1216 1290 nos

373 1312 418 1341 liic
432 1321 499 1341 esse.
515 1312 679 1349 Gregorius:
696 1311 744 1340 «Si
757 1311 973 1344 consideremus,
986 1317 1057 1346 quae
1072 1312 1099 1338 et
1113 1312 1217 1346 quanta

373 1363 453 1393 sunt,
475 1367 546 1396 quae
567 1359 646 1387 nobis
678 1358 880 1395 promittuntur
913 1357 938 1385 in
961 1356 1059 1390 caelis,
1081 1356 1217 1384 vilescunt

372 1405 464 1434 animo
485 1405 588 1439 omnia,
604 1413 675 1442 quae
690 1404 829 1433 habentur
851 1404 877 1432 in
901 1403 1020 1432 terris».
1043 1403 1075 1430 Et
1089 1402 1217 1439 Augusti-

372 1460 426 1481 nus
447 1452 527 1481 dicit:
553 1463 567 1476 α
582 1452 668 1479 Tanta
688 1451 741 1479 erit
768 1450 897 1484 felicitas,
920 1452 994 1478 tanta
1016 1449 1069 1478 erit
1090 1449 1217 1477 iucundi-

373 1501 415 1527 tas
435 1498 505 1527 lucis
525 1501 668 1531 aeternae,
684 1501 727 1531 ut,
743 1497 847 1525 etiamsi
871 1505 923 1525 non
940 1496 1035 1525 liceret
1055 1496 1174 1532 amplius
1190 1495 1217 1523 in

373 1553 405 1574 ea
426 1552 538 1573 manere
559 1552 641 1581 quam
664 1544 747 1572 unius
775 1543 827 1572 diei
851 1551 943 1577 mora,
966 1546 1079 1580 propter
1100 1543 1153 1571 hoc
1174 1550 1217 1571 so-

373 1592 431 1620 lum
453 1591 667 1620 innumerabiles
688 1591 751 1619 anni
773 1591 858 1619 huius
878 1590 963 1624 vitae,
980 1590 1051 1627 pleni
1066 1590 1171 1619 deliciis
1191 1592 1218 1618 et

373 1638 594 1666 circumfluentia
614 1637 807 1674 temporalium
822 1637 958 1665 bonorum
974 1640 1048 1666 recte
1063 1636 1218 1673 meritoque

373 1687 626 1713 contemnerentur.
658 1684 716 1712 Non
744 1683 817 1712 enim
848 1683 916 1712 falso
941 1686 989 1712 aut
1011 1691 1096 1720 parvo
1118 1683 1218 1711 affectu

374 1731 478 1760 dictum
511 1734 552 1760 est
582 1731 610 1759 in
641 1730 789 1759 Psalmo⁵:
811 1730 911 1759 Melior
931 1734 973 1759 est
1002 1730 1062 1758 (lies
1094 1738 1156 1758 una
1187 1730 1219 1758 in

373 1778 460 1807 atriis
482 1778 541 1806 tuis
555 1786 644 1815 super
665 1777 797 1806 millia».
815 1794 850 1798 —
866 1777 953 1806 Omne
968 1777 1081 1806 malum
1102 1786 1161 1805 non
1185 1777 1218 1805 ti-

373 1833 466 1858 mere,
488 1825 569 1854 etiam
591 1828 723 1858 mortem;
745 1824 819 1853 unde
840 1824 995 1853 Dominus⁶
1018 1825 1097 1853 Petro
1118 1824 1218 1853 dicenti

373 1872 489 1900 Domino
510 1872 611 1900 volenti
632 1872 673 1900 ire
701 1871 735 1900 ad
763 1871 932 1908 passionem:
955 1871 1038 1900 Absit
1059 1880 1079 1900 a
1100 1874 1140 1905 te,
1165 1871 1219 1899 Do-

374 1919 451 1947 mine
471 1921 533 1952 ete,
554 1918 710 1955 respondit:
738 1918 814 1946 Vade
834 1921 912 1946 retro
933 1927 993 1952 me,
1008 1918 1134 1946 satana!
1149 1926 1219 1956 quo-

375 1966 456 1994 niam
477 1974 534 1994 non
555 1965 638 2002 sapis
659 1973 734 2003 quae
757 1965 808 1993 Dei
827 1970 912 1999 sunt,
935 1965 1013 2002 quasi
1035 1965 1122 1994 dicat:
1144 1965 1166 1994 si
1188 1973 1219 1994 ea

375 2020 446 2049 quae
466 2012 514 2041 Dei
529 2015 607 2046 sunt,
622 2020 742 2049 saperes,
764 2015 880 2041 mortem
896 2020 950 2041 non
972 2012 1084 2041 timeres
1104 2020 1155 2041 nec
1170 2012 1218 2041 tibi

376 2067 426 2088 nec
446 2059 530 2093 mihi,
552 2059 624 2087 sicut
644 2062 738 2095 postea
760 2059 863 2096 patuit:
892 2059 1011 2088 Obedire
1032 2063 1141 2096 oportet
1162 2060 1220 2087 Deo

374 2106 473 2143 mayis
493 2114 583 2144 quam-
604 2104 778 2134 hominibus.
795 2123 833 2127 —
847 2106 900 2135 Nec
921 2106 1010 2135 solum
1032 2106 1096 2134 facit
1117 2114 1171 2135 non
1187 2106 1220 2134 ti-

376 2160 452 2181 mere
474 2153 593 2187 malum,
609 2153 655 2182 sed
671 2153 752 2182 etiam
774 2153 856 2182 dulce
869 2157 1026 2190 reputare,·
1042 2153 1086 2182 lob
1101 2156 1181 2183 sexto
1192 2154 1218 2181 ⁷:

378 2200 459 2235 Quae
477 2200 565 2236 prius
586 2199 699 2228 nolebat
713 2204 831 2237 tangere
846 2200 949 2229 anima
964 2209 1039 2234 mea,
1054 2209 1134 2229 nunc
1145 2209 1221 2237 prae

376 2247 517 2284 angustia
548 2246 605 2275 cibi
634 2247 691 2275 mei
716 2251 793 2275 sunt.
826 2247 990 2284 Exemplum
1019 2247 1052 2276 de
1074 2247 1219 2284 Apostolis,

375 2295 493 2322 Actuum
515 2294 626 2331 quinto:
651 2294 735 2322 Ibant
763 2294 895 2331 Apostoli
922 2294 1082 2332 pandentes
1111 2303 1130 2322 a
1158 2302 1220 2323 con-

375 2344 473 2377 spectu
505 2340 636 2374 concilii,
658 2341 799 2378 quoniam
827 2341 912 2378 digni
941 2340 1036 2369 habiti
1066 2345 1136 2369 sunt
1165 2349 1220 2378 pro

375 2387 491 2415 nomine
522 2387 588 2415 Iesu
620 2387 825 2416 contumeliam
851 2388 925 2424 pati.
950 2387 981 2415 Et
1010 2388 1063 2416 hoc
1084 2390 1126 2416 est
1147 2387 1220 2424 quod

376 2433 478 2462 dicitur
500 2434 705 2463 Deuteronomii
728 2434 870 2471 trigesimo
890 2434 988 2463 tertio:
1013 2434 1221 2462 [mandationes

376 2480 472 2508 maris
492 2481 580 2517 quasi
600 2480 645 2509 lac
665 2484 785 2518 sugent,
801 2480 873 2509 sicut
888 2483 977 2517 patet,
1003 2480 1077 2517 quod
1102 2481 1220 2509 leccator

377 2526 411 2554 ad
432 2526 543 2555 odorem
565 2530 671 2555 assatae
699 2527 739 2555 rei
769 2527 887 2555 dulciter
916 2527 1034 2555 comedit
1055 2534 1153 2563 panem
1173 2526 1222 2555 sic·

378 2579 456 2606 cum,
479 2580 542 2601 cum
557 2573 590 2601 ad
606 2581 727 2609 superna
747 2573 889 2602 ardentius
910 2574 1061 2610 aspiraret,
1076 2573 1147 2601 sicut
1169 2573 1221 2601 lec-

1034 207 1206 237 SERMONES
1226 206 1269 234 DE
1290 205 1453 234 TEMPORE.

1269 285 1354 316 cat-or,
1369 290 1431 311 cum
1447 284 1539 319 gustat
1550 281 1583 310 de
1599 289 1730 310 manu
1747 281 1890 318 paululum
1906 281 1968 310 boni
1981 281 2046 315 vini,
2059 289 2112 309 non

1269 332 1371 363 cessat,
1393 336 1540 365 quousque
1561 327 1652 356 veniat
1678 330 1741 356 ante
1762 327 1865 356 dolium
1881 328 1900 356 Β.
1923 329 1961 357 lta
1982 331 2112 366 tanquam

1269 374 1427 411 spirituales
1448 374 1597 403 leccatores
1617 381 1692 402 nunc
1712 373 1846 403 debemus
1873 382 2003 411 saporare
2027 375 2113 404 caele-

1269 424 1325 450 stes
1345 421 1456 449 delicias
1476 423 1503 449 et
1525 420 1655 449 continuo
1675 420 1789 454 ardere,
1811 420 1896 450 donec
1919 421 1961 450 his
1981 421 2113 450 satiemur

1269 470 1297 498 et
1317 467 1403 496 donec
1424 467 1542 501 scimus,
1564 470 1595 496 ut
1598 489 1644 501 .....
1666 467 1712 496 ubi
1735 470 1859 496 torrente
1879 467 2037 505 voluptatis
2054 468 2114 497 eius

1267 514 1378 551 potabit
1399 522 1452 541 nos
1463 513 1485 547 ⁹,
1507 513 1554 542 ubi
1575 513 1709 550 fluminis
1735 514 1858 550 impetus
1886 513 2024 550 laetificat
2044 514 2114 543 civi-

1271 564 1356 589 tatem
1380 560 1432 588 Dei
1438 570 1448 593 ;
1480 560 1618 589 psalmus:
1644 559 1765 589 Gustate
1792 564 1817 588 et
1844 560 1952 595 videte,
1974 560 2114 599 quoniam

1270 607 1373 635 suavis
1393 610 1434 635 esc
1457 607 1607 635 Dominus.
1630 606 1747 635 Econtra
1773 607 1874 635 dicitur
1899 607 1933 636 de
1960 615 2015 636 non
2036 615 2115 644 sapo-

1271 654 1398 683 rantibus
1427 653 1631 682 Deuteronomii
1661 653 1803 690 trigesimo
1834 653 1955 683 secundo
1966 654 2004 682 1⁰:
2040 654 2115 683 Gens

1271 700 1379 739 absque
1400 700 1519 729 consilio
1540 703 1580 728 est
1601 703 1626 728 et
1639 699 1702 728 sine
1715 700 1882 737 prudentia.
1904 700 2022 729 Utinam
2035 709 2115 737 sape-

1271 751 1335 775 rent
1349 750 1374 775 et
1388 746 1577 783 intettz'qerem
1591 755 1627 775 ac
1640 746 1802 775 novissima
1822 746 2024 783 providerent!
2042 747 2116 776 unde

1272 794 1410 823 Psalmus:
1426 793 1590 830 Intelliyite,
1606 793 1773 830 insipientes
1793 793 1824 821 in
1842 793 1968 830 populo‚·
1982 797 2007 822 et
2020 793 2115 828 stulti,

1271 840 1433 879 aliquando
1447 840 1548 878 sapite.
1565 840 1662 869 Dicant
1675 848 1742 877 ergo
1756 843 1917 876 saporantes
1931 840 2003 869 sicut
2017 848 2117 877 sponsa

1272 887 1299 915 in
1321 887 1454 916 Canticis:
1483 886 1578 915 Tralie
1599 895 1652 921 me,
1664 889 1730 923 post
1745 890 1769 914 te
1783 895 1939 915 curremus
1953 887 1985 915 in
1999 887 2116 916 odorem

1274 937 1490 972 unquentorum
1512 938 1640 962 tuorum.
1663 933 1695 961 Et
1716 933 1873 962 Bernardus
1894 933 1974 962 dicit:
2001 945 2014 959 «
2030 934 2056 962 Si
2078 934 2117 963 sic

1272 984 1393 1010 currunt
1412 980 1446 1009 ad
1467 980 1589 1014 odorem,
1611 979 1679 1017 quid
1699 979 1800 1008 facient
1820 979 1854 1008 ad
1876 987 2002 1017 saporem
2019 982 2051 1008 u?
2065 980 2116 1009 Ro-

1272 1036 1369 1065 gemus
1391 1028 1537 1056 Dominum
1560 1030 1611 1056 etc.

1597 1130 1689 1157 Sentio
1711 1128 1743 1156 lV
1758 1130 1790 1156 ¹¹.

1343 1223 1422 1252 Item,
1443 1230 1523 1248 sermo
1551 1223 1638 1247 fratris
1666 1222 1857 1247 Bonaventurae
1876 1223 1901 1247 in
1929 1223 2026 1254 capella
2053 1223 2119 1255 regis

1273 1266 1401 1290 Franciae.

1353 1354 1490 1383 Surrexit
1512 1354 1654 1383 Dominus
1675 1363 1740 1383 vere
1760 1358 1786 1383 et
1815 1355 1960 1391 apparuit
1990 1355 2118 1390 Simoni,

1275 1402 1362 1430 Lucae
1383 1401 1515 1438 vigesimo
1536 1402 1681 1438 quart012.

1353 1449 1515 1477 Declaratur
1537 1449 1615 1477 nobis
1647 1449 1690 1477 his
1721 1449 1813 1478 verbis
1841 1449 1943 1478 veritas
1969 1449 2122 1479 dominicae

1275 1495 1488 1524 resurrectionis
1508 1495 1672 1532 dupliciter,
1694 1496 1799 1524 scilicet
1826 1499 1962 1533 quantum
1983 1496 2018 1525 ad
2038 1497 2121 1525 certi-
2139 1495 2216 1514 Diviffi·

1275 1542 1404 1570 acclinem
1426 1542 1470 1570 rei
1488 1540 1604 1578 factae,
1626 1542 1679 1571 ibi:
1702 1542 1839 1571 Surrexit
1872 1543 2014 1572 Dominus
2040 1552 2121 1577 vere;

1275 1591 1411 1626 quantum
1442 1588 1475 1617 ad
1507 1587 1772 1625 manifestationem
1801 1590 1944 1626 propriae
1961 1598 2121 1627 personae,

1276 1635 1327 1664 ibi:
1349 1639 1375 1664 et
1395 1635 1539 1673 apparuit
1560 1636 1681 1664 Simoni.

1355 1682 1371 1710 l.
1394 1682 1473 1711 Circa
1494 1682 1617 1719 primum
1639 1685 1715 1717 nota,
1738 1683 1811 1720 quod
1841 1683 2054 1713 resurrectionis
2074 1684 2122 1713 do·
2139 1683 2185 1701 ΡΜ
2197 1682 2212 1701 1·

1276 1730 1393 1758 minicae
1413 1732 1489 1758 tanta
1510 1729 1668 1758 solemnitas
1699 1729 1781 1759 debet
1812 1738 1872 1759 esse
1897 1730 1976 1759 nobis
2008 1731 2123 1760 materia

1274 1776 1382 1814 yaudii
1395 1779 1422 1805 et
1435 1776 1574 1813 exempli:
1594 1776 1717 1813 yaudii,
1740 1777 1806 1814 quia
1827 1777 1908 1806 hodie
1929 1777 2054 1806 Salvator
2074 1786 2123 1807 no-
2134 1776 2216 1818 '33²²'ssss
2229 1789 2236 1818 ,ς

1276 1827 1332 1853 ster
1353 1824 1386 1853 de
1407 1823 1524 1852 inimicis
1545 1823 1603 1852 suis
1625 1823 1747 1860 plenarie
1762 1823 1974 1861 triumphavi&
1988 1824 2123 1854 Numero-
2174 1828 2223 1847 ¹³⁹¹·

1276 1879 1338 1900 rum
1360 1870 1466 1899 decimo
1479 1870 1514 1898 ¹³:
1538 1870 1645 1908 Sarye,
1663 1871 1797 1904 Domine,
1820 1875 1846 1899 et
1865 1871 2045 1908 dissipentur
2066 1872 2122 1901 ini-

1276 1918 1347 1947 mici
1367 1918 1418 1946 tui.
1448 1934 1486 1938 —
1511 1917 1582 1954 Quia
1612 1917 1762 1954 perfectam
1795 1918 1879 1946 vitam
1909 1919 2014 1955 gratiae
2044 1919 2123 1948 nobis

1275 1965 1471 2002 benignissime
1492 1964 1684 1998 condonavit‚·
1705 1965 1811 2002 prImae
1838 1965 1871 1994 ad
1903 1965 2061 1994 Corinthios
2080 1965 2124 1995 de-

1276 2013 1346 2042 cimo
1366 2012 1478 2049 quinto:
1503 2010 1636 2041 Christus
1650 2012 1816 2040 resurrexit
1829 2020 1849 2040 a
1863 2012 2004 2047 mortuis,
2017 2012 2124 2049 primi-

1277 2060 1334 2088 tiae
1354 2059 1571 2088 dormientium.
1594 2075 1630 2078 —
1652 2059 1721 2095 Quia
1742 2059 1777 2087 ab
1798 2059 1871 2087 omni
1894 2059 1976 2096 culpa
2006 2067 2056 2088 nos
2077 2067 2124 2097 pe-

1276 2107 1351 2135 nitus
1372 2105 1561 2143 iustificavit;
1582 2105 1617 2134 ad
1638 2106 1772 2134 Romanos
1792 2109 1908 2143 quarto:
1930 2106 2071 2138 Traditus
2084 2110 2124 2135 est

1273 2156 1394 2190 propter
1415 2152 1519 2181 delicta
1550 2156 1654 2180 nostra
1674 2155 1725 2181 etc.
1747 2168 1785 2172 —
1806 2152 1876 2189 Quia
1904 2160 1981 2189 spem
2012 2152 2124 2181 futurae

1277 2199 1491 2228 resurrectionis
1521 2199 1601 2228 nobis
1633 2199 1768 2227 veraciter
1796 2198 1998 2236 confirmavit,-
2018 2199 2124 2236 primae

1277 2246 1311 2274 ad
1331 2246 1487 2274 Corinthios
1508 2246 1614 2275 decimo
1635 2246 1732 2283 quinto
1745 2246 1781 2274 ¹4:
1797 2245 1829 2274 Si
1851 2245 1986 2274 Christus
2004 2246 2125 2283 praedi-

1277 2296 1379 2326 catur,
1401 2293 1479 2330 quod
1499 2293 1666 2321 resurremit
1685 2301 1705 2321 a
1726 2292 1865 2326 morluiS,
1887 2293 2030 2331 quomodo
2061 2293 2125 2331 qui-

1277 2338 1348 2367 dam
1368 2339 1469 2367 dieunt
1490 2339 1521 2367 in
1542 2339 1636 2373 vobis,
1652 2339 1793 2377 quoniam
1807 2339 1984 2368 resurrectio
1998 2344 2125 2368 mortuo-

1278 2393 1347 2413 rum
1367 2393 1426 2413 non
1446 2385 1508 2413 cst?

1356 2433 1442 2461 Debet
1462 2440 1522 2461 esse
1543 2433 1625 2461 etiam
1647 2433 1675 2461 in
1698 2432 1776 2461 nobis
1797 2432 1912 2461 materia
1932 2432 2070 2470 exempli,
2092 2436 2123 2462 ut
2156 2431 2240 2479 ggffissfi·

1277 2480 1380 2509 scilicet
1401 2480 1530 2516 exemplo
1558 2480 1618 2508 eius
1646 2488 1828 2517 resurgamus
1852 2479 1886 2508 ad
1909 2480 2000 2508 Deum
2028 2480 2124 2518 requi-
2137 2478 2239 2502 q⁰³⁴¹fflp¹⁹

1277 2526 1417 2559 rendum,
1440 2526 1487 2563 qui
1503 2526 1536 2554 de
1550 2526 1716 2555 adversariis
1732 2526 1926 2563 triumphavit;
1948 2526 2123 2556 Canticorum

1278 2573 1359 2601 tertio
1372 2573 1409 2601 1⁵:
1432 2573 1561 2610 Suryam
1577 2577 1601 2601 et
1616 2573 1746 2602 circuibo
1767 2574 1926 2608 civitatem,
1939 2582 1993 2611 per
2009 2574 2085 2603 vicos
2100 2578 2126 2603 et

441 2717 448 2730 ¹
469 2718 533 2740 Vers.
550 2719 572 2740 2.
591 2721 613 2740 ct
629 2718 682 2740 dein
700 2724 718 2740 c.
741 2719 775 2745 Η,
793 2719 830 2740 1l0.

441 2755 449 2768 ²
467 2757 534 2779 Vers.
555 2758 588 2779 13.
614 2757 652 2784 17,
669 2757 773 2786 sequitur
791 2758 844 2780 Luc.
863 2759 899 2786 lt,
921 2759 954 2780 10.

441 2795 450 2808 ³
467 2796 585 2823 Bernard.‚
603 2797 672 2824 Epist.
691 2797 744 2818 ill.
766 2803 788 2819 n.
806 2798 827 2819 3.
845 2810 872 2813 —
893 2797 1001 2826 Sequitur
1018 2798 1054 2820 ΡΒ.
1070 2798 1109 2825 72,
1127 2799 1164 2820 25.

441 2834 450 2846 1
468 2835 534 2857 Vers.
544 2834 565 2856 4.
576 2847 604 2850 —-
615 2835 741 2863 sequentes
751 2835 794 2858 loci
803 2839 856 2858 sunt
866 2837 969 2863 Gregor.5
979 2837 1002 2858 ll.
1012 2837 1094 2859 Homil.
1104 2837 1125 2859 in
1135 2838 1223 2865 Evang.

380 2874 457 2896 homil.
470 2874 507 2896 37.
519 2881 542 2897 n.
555 2875 574 2903 l,
588 2877 609 2897 et
626 2874 730 2903 August„
748 2875 781 2897 ΙΙΙ,
797 2875 826 2898 de
843 2875 924 2898 Libero
940 2875 1051 2905 Arbitrio,
1068 2882 1087 2899 c.
1100 2877 1138 2899 25.
1149 2883 1173 2899 n.
1184 2876 1223 2899 77.

442 2912 452 2925 ⁶
469 2914 552 2936 Psalm.
569 2914 606 2942 83,
625 2915 661 2936 40.

443 2951 452 2964 ⁶
469 2953 545 2975 Matth.
568 2953 606 2981 16,
623 2954 666 2981 223
683 2956 812 2982 sequuntur
829 2954 897 2975 Marc.
914 2954 936 2981 8,
953 2954 992 2976 33.
1008 2957 1030 2976 et
1047 2955 1096 2976 Act.
1114 2954 1139 2981 5,
1158 2954 1195 2976 29.

443 2991 452 3004 ⁷
469 2992 535 3014 Vei-s.
553 2992 579 3019 7,
597 2995 725 3021 sequuntur
742 2993 789 3015 Act.
808 2993 834 3021 5,
853 2992 889 3015 41.
906 2996 928 3015 et
945 2993 1012 3015 Deut.
1030 2993 1072 3020 33,
1091 2994 1098 3015 11
1106 2993 1127 3015 9.

1342 2718 1350 2731 ⁸
1367 2720 1408 2742 Hic
1425 2723 1447 2742 et
1463 2726 1534 2748 supra
1551 2722 1603 2742 ante
1616 2719 1748 2749 paululum
1761 2719 1816 2743 boni
1829 2719 1879 2743 vini
1889 2723 1911 2742 et
1922 2720 1979 2742 infra
1992 2720 2125 2743 exciderunt

1279 2759 1394 2787 quaedam
1413 2758 1493 2781 verba.
1511 2760 1597 2781 Sensus
1614 2762 1648 2781 est
1665 2759 1786 2782 obscurus.

1342 2796 1351 2809 ⁹
1368 2798 1449 2820 Psalm.
1467 2799 1508 2825 35,
1526 2799 1552 2825 83
1570 2801 1699 2827 sequuntur
1716 2799 1751 2821 Ps.
1771 2799 1806 2825 45,
1825 2798 1844 2821 Ιι.
1862 2801 1885 2821 et
1902 2799 1942 2827 33,
1961 2799 1982 2821 8.

1344 2836 1363 2849 ¹⁰
1382 2837 1446 2860 Vers.
1463 2838 1501 2859 28.
1518 2844 1578 2867 seq.;
1595 2840 1723 2866 sequuntur
1740 2838 1777 2861 Ps,
1796 2838 1833 2865 93,
1851 2839 1872 2860 8.
1890 2840 1912 2860 et
1928 2837 1992 2860 Cant.
2009 2838 2030 2865 sl,
2048 2838 2070 2860 3.

1342 2875 1360 2888 11
1379 2877 1409 2898 Ex
1427 2877 1444 2899 A
1462 2877 1498 2899 sol.
1517 2878 1560 2899 «1⁴6
1578 2883 1598 2900 v.
1618 2880 1640 2900 et
1658 2878 1673 2899 B
1691 2878 1727 2900 sol.
1747 2877 1784 2900 42.

1342 2914 1361 2927 ¹³
1380 2916 1445 2938 Vers.
1463 2916 1503 2945 353

1342 2952 1362 2966 ¹4
1380 2954 1444 2977 Vers.
1466 2955 1499 2977 12.

1343 2992 1362 3005 ¹⁵
1380 2994 1446 3016 Vers.
1463 2995 1488 3022 23
1506 2997 1635 3023 sequuntur
1652 2995 1701 3017 lud.
1718 2995 1745 3022 5,
1764 2995 1801 3017 12.
1820 2997 1842 3017 et
1860 2995 1916 3022 Eph.
1935 2995 1956 3022 5,
1978 2994 2012 3016 14.

1966 2876 1985 2890 ¹²
2005 2878 2068 2900 Vers.
2087 2877 2124 2899 34.

1522 2919 1651 2945 sequuntur
1668 2917 1683 2939 1.
1700 2916 1753 2939 Cor.
1771 2916 1811 2944 15,
1829 2917 1865 2938 20.
1884 2919 1906 2939 et
1922 2917 1988 2939 Rom.
2008 2916 2034 2943 4,
2052 2916 2089 2938 25.
