2243 3348
346 158 399 186 124

421 236 448 263 ln
469 235 521 263 isto
543 233 773 263 reverendissimo
795 232 940 268 Evangelio
968 231 1040 259 cirffi
1069 230 1186 264 Christi,

342 282 561 320 superbenedicti
593 281 640 309 Dei
670 280 743 313 Filii,
775 279 922 315 gratiosam
955 277 1124 306 nativitatem
1153 276 1187 304 de

211 336 257 355 0⁰1⁰
270 335 325 362 huips
343 330 468 367 Virgine,
490 328 523 357 ad
545 327 760 356 aedificationem
782 325 904 354 fidelium
925 327 987 352 octo
1012 330 1187 359 summopere

218 359 313 382 Evaugelu

209 382 324 401 meditanda.

197 1738 242 1757 Tria
250 1738 328 1757 laudan-

199 1764 229 1780 tur
238 1762 257 1780 in
266 1763 327 1785 pasto-

232 1785 291 1804 ribus.

254 2585 330 2603 Divisio.

342 376 507 414 speculanda
528 378 606 407 sunt,
628 374 731 402 scilicet
762 372 898 408 temporis
928 370 1029 399 Christi
1061 369 1187 398 nativita-

342 425 376 453 tis
397 422 518 452 decentis
539 421 659 458 gratiosa
680 419 839 452 idoneitas,
861 418 927 455 quia
955 420 1080 453 tempore
1107 416 1187 444 Octa—

343 470 413 499 viani
435 468 559 506 Augusti,
581 467 624 496 cui
648 469 722 495 totus
745 465 865 494 mulidus
879 467 939 493 erat
954 463 1081 492 subditus
1096 466 1123 491 et
1139 470 1187 499 per

342 525 404 546 eum
428 520 492 544 tunc
514 514 670 550 descriptus
690 515 717 541 et
738 512 886 548 protessus.
910 527 946 531 —
962 510 1030 538 Loci
1045 509 1187 538 venerabi—

342 565 374 593 lis
395 562 588 600 praeordinata
609 559 754 598 qualitas,
777 559 842 595 quia
864 558 891 586 in
914 557 1011 585 ludaea
1032 556 1187 593 provincia,

344 610 502 639 Bethlehem
534 608 651 637 civitate.
676 624 710 627 ——
735 607 914 635 lntemeratae
948 604 1078 641 Virqinis
1106 603 1188 632 bene—

341 657 413 685 dicta
433 655 616 693 fecunditas,
638 653 704 690 qnia
724 652 834 689 impteti
853 655 923 679 suunt
944 650 1022 684 dies,
1044 653 1076 678 ut
1101 657 1188 686 pare-

343 708 394 738 ret,
416 708 440 731 et
459 702 569 740 peperit
591 700 702 729 Fttz'zmi
722 708 811 727 suum
831 697 1068 735 prinioyenitum.
1085 713 1123 717 —
1137 696 1188 724 Su-

343 749 551 788 perbenedictae
573 747 670 776 Prolis
692 750 770 775 natae
792 745 918 774 sublimis
939 744 1022 773 simul
1043 747 1070 772 et
1095 744 1188 780 singu-

342 798 407 827 laris
428 796 594 829 humilitas,
615 797 778 832 paupertas
799 796 826 822 et
847 792 1007 829 asperitas,
1029 791 1094 828 quia
1112 799 1188 827 pan-

341 845 388 873 nis
409 847 450 873 est
472 843 634 876 involutus,
655 842 686 870 in
699 840 851 878 praesepio
866 839 1036 872 reclinatus,
1052 838 1078 866 in
1093 838 1188 866 diver-

342 892 420 920 sorio
440 894 538 919 orcitus.
561 906 600 909 —
622 888 692 917 Beati
716 886 817 924 loseph
844 886 965 915 officiosa
986 885 1069 914 simul
1097 888 1123 913 et
1145 883 1189 920 pia

341 938 495 971 sedulitas,
511 936 584 974 quod
600 936 663 964 hinc
686 934 747 963 inde
762 933 988 966 subministrans,
1003 931 1189 960 venerabatur

342 990 369 1014 et
390 986 501 1013 Parium
531 987 558 1012 et
586 982 746 1020 parientem.
770 997 806 1002 —
829 981 990 1009 Pastorum
1022 977 1188 1014 simplicium

342 1031 543 1068 devotarsimul
564 1033 591 1059 et
612 1030 719 1058 sincera
750 1027 925 1060 credulita&
957 1025 1022 1062 quia
1052 1028 1138 1053 erant
1158 1024 1189 1052 in

342 1079 457 1116 reyione
478 1078 577 1106 eadem
590 1078 629 1104 ¹...
652 1093 689 1096 —
712 1075 915 1112 Super-norum
936 1072 1098 1110 spirituum
1119 1078 1190 1099 nova

343 1126 424 1155 simul
446 1128 472 1153 et
494 1124 564 1152 mira
585 1123 772 1156 iucunditas,
795 1121 860 1158 quia
881 1119 963 1158 facta
984 1122 1025 1147 est
1045 1126 1113 1146 euni
1128 1119 1189 1146 An-

340 1173 401 1210 yeto
423 1176 473 1201 etc.
496 1188 535 1191 —
557 1170 691 1199 Humani
709 1168 823 1207 perieris
845 1168 972 1195 inchoata
986 1170 1013 1195 et
1028 1164 1189 1194 annuntiata

342 1219 484 1256 felicita&
511 1218 575 1255 quia
598 1217 673 1245 discit
694 1216 752 1245 iilis
774 1214 919 1251 Anqel‘us:
943 1212 1121 1250 Evanyetizo
1144 1220 1190 1240 zio-

344 1267 386 1295 bis
405 1266 553 1304 quintium
575 1268 625 1293 etc.

652 1351 742 1377 5110110
764 1348 843 1376 ΧΧΙΥ
857 1347 875 1375 ⁹.

413 1430 552 1455 Summaria
572 1428 691 1456 intentio,
711 1427 740 1451 ut
759 1427 841 1458 prius,
860 1424 1002 1456 Evangelii,
1022 1423 1086 1455 quod
1105 1422 1193 1447 canta-

344 1475 384 1500 tur
403 1475 428 1498 iu
447 1473 525 1498 Missa
545 1471 695 1496 Nativitatis
714 1471 739 1494 111
759 1476 861 1497 aurora,
878 1468 938 1492 haec
957 1468 1004 1491 est.
1017 1467 1101 1491 Sermo
1113 1466 1191 1490 Bona-

344 1518 471 1545 1700111100,
491 1524 505 1540 a
525 1515 596 1540 sociis
615 1514 728 1538 Pal-isius
747 1520 821 1543 super
840 1511 885 1536 1100
904 1510 1040 1542 requisitus
1058 1509 1089 1533 ad
1111 1508 1192 1533 aedifi-

343 1561 471 1586 cationem.

422 1642 561 1669 Pastores
584 1638 775 1676 loquebantur
797 1640 862 1671 etc,
884 1637 973 1664 Lucae
995 1634 1147 1664 50000003.

422 1688 459 1717 Ad
482 1690 604 1716 nostram
621 1684 831 1714 commendatur
846 1682 1063 1712 aedificationem
1078 1681 1192 1718 diligen-

345 1737 381 1766 tia
395 1739 537 1773 pastorum
554 1734 580 1762 iu
596 1733 648 1761 1100
664 1731 822 1768 Evangeli03
838 1729 1048 1759 commendatur
1063 1738 1078 1757 a
1093 1728 1192 1762 tribus,

345 1784 447 1813 50111001
462 1790 478 1810 a
491 1780 684 1810 sollicitudine
705 1777 904 1816 inquisitionis
919 1775 1055 1809 fervidae,
1074 1776 1140 1812 quia
1155 1775 1193 1803 lo-

345 1830 508 1869 quebantur
520 1828 561 1856 ad
575 1827 712 1855 invicem.-
731 1826 931 1853 Transeamus
943 1827 993 1852 etc.
1008 1824 1042 1852 Et
1054 1826 1194 1851 venerunt

345 1877 513 1915 festinantes
528 1878 578 1904 etc.
602 1892 641 1896 —
661 1874 680 1902 A
700 1872 870 1901 certitudine
885 1870 1057 1899 inventionis
1076 1869 1192 1903 solidae,

346 1925 411 1962 quia
428 1924 600 1952 invenerant
616 1920 745 1949 illuriani
767 1922 791 1947 et
811 1916 911 1955 Iosepli
931 1921 955 1945 et
977 1915 1133 1953 Infantem.
1156 1932 1194 1936 -

346 1973 365 2000 Α
382 1970 565 2008 gratitudine
586 1967 745 1997 devotionis
765 1965 907 1998 abundae,
923 1964 988 2001 quia
1002 1963 1112 1992 reuersi
1126 1966 1194 1991 sunt

345 2017 542 2056 ylorilicantes
561 2019 585 2044 et
601 2015 755 2044 laudantes
772 2013 861 2041 Deum
878 2014 929 2040 etc.
945 2011 1107 2039 Habuerunt
1121 2010 1193 2038 enim

348 2066 427 2094 fidem
450 2064 591 2095 caelicam‚
615 2061 748 2094 vividam,
770 2060 910 2093 devotam,
932 2058 1066 2091 sobriam,
1088 2057 1194 2093 perspi-

347 2120 453 2146 cacem,
477 2110 647 2147 religiosam,
670 2108 777 2145 plenam
800 2106 903 2143 gratia,
925 2105 1041 2138 fiducia,
1064 2104 1173 2133 laetitia.

664 2195 755 2222 Seniue
778 2192 847 2221 XXV
858 2193 878 2220 4.

418 2276 557 2301 Summaria
575 2274 681 2299 intentio
700 2272 842 2303 Evangelii,
857 2271 922 2302 quod
940 2270 1058 2295 cantatur
1074 2270 1099 2294 10
1118 2269 1196 2293 Missa

347 2320 433 2345 maiori
452 2318 617 2346 Nativitatis,
637 2317 697 2341 haec
716 2316 754 2340 est
773 2314 907 2339 secundum
923 2313 1027 2338 fratrem
1039 2312 1196 2338 Bonaventu—

348 2371 409 2392 ram,
430 2369 511 2387 coram
531 2361 602 2386 sociis
622 2360 646 2384 et
665 2359 794 2390 magistris
814 2358 838 2382 et
851 2356 996 2382 baccalariis
1010 2356 1038 2380 de
1052 2355 1141 2380 Ordine
1155 2362 1195 2379 no-

349 2407 401 2431 stro
420 2405 549 2437 plurimis,
569 2403 690 2428 Parisius.

427 2488 462 2515 In
480 2485 629 2523 principio
648 2488 712 2512 erat
733 2483 855 2511 Verbum
871 2485 936 2515 etc„
953 2481 1058 2509 loannis
1073 2480 1163 2517 primo
1174 2479 1194 2507 ⁵.

427 2534 454 2561 10
477 2534 529 2562 isto
552 2531 696 2568 Evangelio
715 2529 885 2558 reverentiae
907 2527 1054 2564 singularis
1069 2526 1196 2555 describi-

349 2584 395 2609 tur
417 2580 499 2609 Verbi
521 2578 654 2608 incarnati
678 2585 794 2614 persona
816 2576 972 2612 dupliciter,
991 2574 1094 2603 scilicet
1109 2581 1196 2610 quan-

350 2631 408 2656 tum
424 2628 457 2656 ad
472 2630 601 2655 naturam
620 2623 788 2653 Dim'nitatis
803 2622 960 2655 altissimae,
972 2621 999 2649 in
1012 2629 1066 2658 qua
1078 2620 1197 2649 declara-

1006 153 1178 182 SERMONES
1199 153 1242 181 DE
1263 153 1426 182 TEMPORE.

1244 234 1290 259 tur
1312 231 1369 267 ipse
1390 231 1438 259 Dei
1453 230 1536 259 Filius
1551 233 1583 259 ut
1597 230 1782 259 aeternaliter
1794 234 1950 268 yeneratus
1964 238 1980 259 a
1995 231 2088 263 Patre,

1244 285 1306 305 011111
1328 277 1446 305 dicitur:
1470 277 1503 305 ln
1522 276 1670 313 principio
1691 280 1755 305 erat
1780 276 1910 305 Verbum.
1926 293 1963 296 —
1979 277 2012 305 Ut
2025 285 2090 313 per-

1243 323 1382 352 sonaliter
1397 323 1553 351 distinctus
1568 323 1594 351 in
1611 323 1752 357 Trinitate,
1768 330 1831 351 011111
1846 322 1962 351 dicitur:
1978 326 2004 351 et
2024 323 2089 350 Ver-

1244 370 1313 398 bum
1334 374 1398 398 erat
1420 369 1502 406 apud
1525 370 1625 397 Deum.
1649 385 1684 389 —
1707 370 1740 398 Ut
1761 369 1926 407 coaequatis
1948 369 1979 397 in
2000 369 2088 397 niaie-

1243 420 1332 450 state,
1365 424 1427 445 cum
1460 416 1577 444 dicitur:
1599 420 1625 444 et
1658 416 1732 444 Deus
1753 420 1816 444 erat
1845 415 1975 444 Verbum.
1998 432 2035 436 —
2056 415 2089 444 Ut

1245 468 1416 492 coaeternus
1438 463 1467 491 in
1491 463 1675 496 aeternitate,
1698 470 1760 491 cum
1782 462 1899 491 dicitur:
1916 461 1967 490 lioc
1981 465 2044 490 erat
2059 462 2090 490 in

1243 510 1391 547 principio
1424 510 1505 546 apud
1538 509 1638 537 Deum.
1661 524 1697 530 —
1720 509 1754 538 Ut
1781 509 1965 546 principium
1996 508 2090 536 omnis

1245 561 1417 590 creaturae,
1451 564 1513 585 cum
1546 556 1663 584 dicitur:
1696 556 1796 584 omnia
1814 564 1868 592 per
1890 555 1985 592 ipsum
2007 553 2090 592 facta

1244 607 1321 632 ‚s-unt.
1344 620 1382 623 —
1403 603 1436 632 Ut
1457 603 1518 631 vita
1540 606 1566 631 et
1588 602 1665 631 ratio
1688 602 1782 630 omnis
1805 602 1848 630 rei
1867 602 1954 630 sactae
1975 604 2002 630 et
2023 601 2090 629 flen-

1244 650 1310 684 dae,
1332 658 1396 679 01110
1418 650 1536 678 dicdur:
1559 650 1635 687 quod
1656 649 1772 687 sactum
1792 651 1831 677 est
1852 651 1902 677 010.
1925 665 1963 669 -
1984 648 2017 676 Ut
2039 647 2090 676 tux

1245 698 1429 730 animarum,
1453 705 1515 725 cum
1538 696 1655 724 dicitur:
1671 700 1695 724 et
1710 696 1771 724 vita
1785 700 1848 724 erat
1863 695 1915 724 tuae
1931 694 2089 724 hominum.

1245 762 1283 765 —
1306 746 1338 774 Ut
1365 744 1512 781 sapientia
1541 743 1737 780 Anqeloruni,
1770 750 1833 771 cnm
1854 742 1971 771 dicitur:
1994 745 2019 770 et
2039 741 2090 769 tux

1245 793 1276 820 in
1298 791 1420 820 tenebris
1442 790 1530 823 tacet,
1552 793 1577 818 et
1599 789 1730 818 tenebrae
1750 798 1814 817 eam.
1832 797 1890 817 non
1908 786 2091 825 comprehen-

1245 839 1358 867 derunt.

1324 885 1464 920 Quantum
1486 883 1519 911 ad
1542 886 1670 911 naturam
1690 881 1883 910 humanitatis
1898 884 2049 914 assumtae,
2064 880 2090 909 in

1246 940 1301 968 qua
1323 931 1491 968 exprimitur
1513 933 1545 958 ut
1567 929 1736 966 testificatus
1757 929 1926 962 solemniter,
1948 928 2014 965 quia
2033 926 2094 964 sitit

1246 977 1329 1007 ltomo
1351 978 1460 1006 missus
1481 985 1500 1005 a
1524 977 1580 1005 Deo
1602 980 1666 1010 etc.;
1689 975 1735 1004 liic
1750 975 1826 1003 venit
1841 975 1872 1003 in
1887 974 2091 1003 testiinonium.

1246 1042 1284 1045 —
1305 1025 1338 1054 Ut
1357 1033 1410 1061 per
1431 1032 1515 1062 quem
1536 1023 1705 1052 irradiatus
1726 1026 1767 1051 est
1788 1022 1909 1050 mundus
1930 1021 2093 1050 universali-

1247 1075 1298 1105 ter,
1321 1071 1386 1108 quia
1408 1075 1471 1099 erat
1493 1071 1544 1099 iux
1566 1079 1637 1098 vera
1658 1072 1709 1098 etc.
1731 1086 1770 1089 -
1791 1069 1824 1097 Ut
1845 1076 1861 1097 a
1877 1067 1980 1097 ludaeis
1994 1075 2093 1104 repro-

1248 1119 1332 1148 batus
1354 1118 1556 1152 damnabiliter,
1578 1117 1644 1154 quia
1664 1117 1696 1145 in
1714 1116 1842 1154 propria
1862 1115 1946 1144 venit.
1968 1131 2005 1134 -—
2027 1114 2061 1143 Ut
2078 1122 2094 1142 a

1246 1166 1394 1195 mundanis
1415 1168 1442 1194 et
1464 1165 1597 1193 mundum
1620 1164 1777 1193 amantibus
1802 1163 1958 1200 ignoratus
1986 1161 2094 1198 pericu-

1248 1214 1304 1242 lose
1325 1215 1352 1241 et
1373 1212 1576 1246 miserabiliter,
1598 1212 1663 1248 quia
1684 1211 1715 1240 in
1736 1210 1846 1239 mundo
1868 1212 1945 1243 erat,
1965 1212 1990 1237 et
2008 1217 2094 1236 mun-

1248 1260 1304 1288 dus
1323 1268 1378 1296 per
1400 1259 1498 1296 ipsum
1519 1258 1619 1295 faetus
1640 1262 1689 1291 est,
1705 1257 1876 1286 eimundus
1896 1264 1962 1284 eum
1976 1264 2035 1284 non
2050 1263 2095 1284 co-

1247 1306 1353 1344 ynovit.
1376 1322 1413 1326 —
1436 1306 1470 1334 Ut
1490 1314 1541 1342 per
1563 1313 1645 1343 quein
1668 1304 1800 1341 adoptati
1821 1311 1919 1332 sumus
1944 1302 2095 1340 spirituali-

1250 1357 1301 1387 ter,
1323 1353 1389 1390 quia
1409 1355 1547 1390 quotquot
1568 1354 1737 1388 receperunt
1757 1359 1840 1384 eum,
1862 1349 1939 1378 dedit
1960 1349 2000 1378 eis
2019 1352 2096 1386 pote-

1248 1405 1351 1429 statem
1372 1399 1448 1436 sitios
1471 1399 1524 1427 Dei
1543 1398 1610 1434 fieri
1630 1401 1680 1426 etc.
1696 1414 1734 1417 —
1749 1397 1783 1425 Ut
1796 1401 1914 1425 nostrae
1928 1396 2016 1425 carni
2029 1395 2096 1424 uni—

1250 1453 1296 1476 tus
1318 1448 1477 1480 clementer,
1499 1445 1565 1482 quia
1592 1444 1714 1473 Verbum
1736 1452 1807 1472 caro
1821 1442 1937 1480 factum
1951 1442 2096 1472 031011111-

1251 1495 1353 1523 bitam't
1373 1494 1405 1522 in
1426 1493 1516 1522 nobis.
1539 1509 1576 1513 —-
1598 1493 1632 1521 Ut
1653 1490 1861 1528 manifestatus
1876 1499 1963 1519 verus
1979 1491 2055 1518 Deus
2070 1492 2097 1519 et

1249 1550 1336 1570 verus
1358 1540 1441 1569 ltomo
1463 1548 1511 1577 per
1533 1547 1617 1576 opera
1638 1538 1788 1572 evidenter,
1810 1538 1876 1574 quia
1896 1537 2024 1566 vidimus
2037 1536 2097 1574 yto-

1249 1588 1329 1617 riam
1351 1588 1424 1621 etus,
1444 1587 1573 1624 qloriam
1595 1585 1683 1624 quasi
1708 1584 1854 1622 Uniqeniti
1874 1593 1893 1612 a
1916 1584 2019 1618 Patre,
2040 1583 2097 1621 pie-

1249 1644 1322 1663 num
1343 1634 1459 1672 yratiae
1480 1637 1506 1662 ct
1527 1633 1666 1661 veritatis.

1559 1727 1651 1755 5001110
1672 1725 1751 1754 XXVI
1764 1725 1784 1753 ⁶.

1332 1822 1364 1850 In
1385 1821 1442 1849 sote
1455 1820 1552 1857 posuit
1567 1818 1792 1848 tabernaculum
1805 1826 1905 1852 suum,
1920 1822 1946 1846 et
1960 1818 2020 1855 ipse
2035 1820 2098 1845 tan-

1251 1877 1338 1907 quam
1361 1876 1487 1905 sponsus
1500 1867 1656 1904 procedens
1672 1866 1705 1894 de
1720 1864 1848 1894 tltalamo
1863 1874 1927 1899 suo,
1943 1864 2067 1893 Psalmus
2078 1863 2098 1892 ⁷.

1331 1916 1357 1943 ln
1380 1914 1466 1943 verbo
1486 1914 1628 1950 proposito
1650 1913 1785 1949 Propheta
1808 1912 1893 1941 David
1912 1912 1977 1941 satis
1991 1912 2099 1948 elegan-

1252 1967 1293 1991 ter
1309 1962 1440 1991 describit
1454 1961 1624 1989 nativitatem
1639 1959 1751 1993 Christi,
1763 1959 1907 1988 insinuans
1919 1958 1997 1987 nobis
2009 1958 2099 1995 primo

1253 2010 1426 2038 nativitatem
1449 2008 1509 2036 eius
1530 2008 1561 2035 in
1583 2011 1681 2041 utere,
1703 2014 1766 2035 cum
1788 2006 1868 2034 dicit:
1885 2006 1920 2034 lii
1933 2005 1990 2034 sote
2000 2005 2100 2042 posuit

1252 2055 1476 2085 tabernaculum
1496 2063 1603 2087 suum;
1625 2053 1746 2082 secundo
1767 2061 1833 2082 vero
1855 2052 2025 2081 nativitatem
2039 2051 2100 2080 eius

1251 2113 1286 2132 ex
1307 2107 1405 2137 utero,
1427 2110 1490 2131 cum
1513 2101 1621 2130 subdit:
1654 2105 1680 2129 et
1710 2101 1770 2138 ipse
1801 2104 1944 2138 tanquam
1974 2107 2100 2136 sponsus

1249 2150 1407 2188 procedens
1428 2150 1462 2177 de
1484 2148 1612 2177 thalamo
1632 2157 1694 2176 suo.

1332 2198 1348 2225 l.
1372 2197 1456 2225 Natus
1477 2199 1569 2224 antem
1592 2195 1643 2223 fuit
1663 2195 1791 2223 Christus
1813 2195 1843 2222 in
1864 2197 1964 2227 utero,
1989 2192 2100 2230 quando

1253 2252 1347 2273 sacrae
1368 2243 1488 2280 Virginis
1509 2246 1620 2271 uterum
1647 2242 1711 2270 fecit
1742 2241 1791 2270 sibi
1825 2240 2034 2270 tabernaculum
2065 2239 2100 2268 ad

1252 2291 1433 2324 manendum,
1455 2291 1534 2318 iuxta
1555 2289 1627 2326 quod
1650 2289 1733 2326 Virgo
1754 2289 1839 2317 Maria
1859 2290 1949 2325 potest
1962 2287 2053 2316 dicere
2067 2287 2100 2315 il—

1254 2338 1301 2367 lud
1324 2337 1502 2366 Ecclesiastici
1527 2337 1657 2373 vigesimo
1672 2339 1786 2373 quarto:
1805 2335 1862 2371 Qui
1876 2334 1984 2363 creavit
1998 2342 2042 2362 nic
2057 2342 2100 2362 re-

1253 2385 1361 2423 quievit
1381 2385 1412 2412 in
1434 2384 1622 2412 tabernaculo
1643 2392 1713 2411 meo.
1737 2383 1768 2411 Et
1789 2382 1919 2419 quoniam
1941 2382 1999 2418 ipsa
2017 2381 2100 2418 Virgo

1253 2432 1338 2460 Mater
1360 2431 1406 2459 Dei
1429 2434 1456 2459 et
1476 2431 1608 2459 altissima
1629 2434 1688 2459 erat
1709 2430 1735 2458 in
1757 2429 1888 2466 dignitate
1910 2429 1937 2457 in
1952 2431 2101 2465 conspectu

1253 2479 1345 2507 divino
1367 2482 1393 2506 et
1414 2478 1531 2514 parvula
1551 2480 1611 2506 erat
1638 2485 1673 2506 ex
1707 2476 1861 2505 humilitate
1893 2475 1920 2504 in
1952 2478 2101 2511 conspeetu

1254 2533 1319 2559 suo;
1342 2525 1402 2553 ideo
1423 2525 1505 2553 simul
1528 2527 1705 2561 comparatur
1727 2522 1915 2552 tabernaculo
1937 2526 1963 2551 et
1983 2521 2047 2555 soli,
2070 2524 2101 2550 ut

1254 2572 1424 2605 ostendatur,
1457 2571 1646 2600 habitaculum
1677 2570 1748 2599 uteri
1771 2570 1913 2607 virginalis
1934 2577 1950 2597 a
1971 2569 2026 2597 Deo
2047 2568 2101 2597 ele-

1254 2623 1329 2647 ctum
1352 2619 1434 2647 simul
1456 2626 1515 2647 esse
1535 2618 1642 2646 hamne
1663 2621 1690 2647 et
1710 2617 1847 2646 sublime:
1868 2616 1975 2645 humile
1989 2615 2101 2653 quidem

413 2797 420 2809 ¹
439 2798 461 2819 ln
479 2797 530 2819 Mss.
549 2796 585 2818 hic
604 2794 700 2817 habetur
718 2795 811 2820 lacuna,
829 2793 924 2821 supple:
941 2792 1065 2822 imitantes
1082 2793 1103 2814 ei
1123 2793 1196 2814 custo-

350 2836 436 2859 dientes
456 2835 548 2865 riqilias
567 2834 640 2858 noctis
658 2837 701 2855 etc.

413 2875 421 2887 ²
439 2877 469 2897 Ex
487 2876 505 2897 A
524 2875 561 2897 sol.
579 2875 606 2896 69
626 2880 644 2896 r.
1007 2870 1016 2883 ³
1035 2871 1099 2893 Vers.
1121 2869 1196 2891 15-20.

412 2914 421 2926 ⁴
439 2915 469 2936 Ex
487 2915 505 2935 A
524 2914 560 2936 tol.
579 2913 606 2935 69
625 2919 643 2934 r.
1023 2908 1032 2921 ⁵
1050 2909 1115 2931 Vers.
1138 2908 1196 2930 i-it.

414 2952 422 2965 ⁰
440 2954 479 2975 Η10
498 2959 575 2975 sermo
594 2951 691 2974 liabetur
708 2951 820 2973 monachii
839 2950 862 2972 in
879 2949 983 2971 biblioth.
1000 2949 1075 2977 regia,
1091 2948 1142 2971 cod.
1158 2948 1196 2969 101.

1253 2790 1281 2812 M.
1296 2790 1367 2811 7776.
1385 2789 1483 2811 membr.
1502 2789 1522 2811 in
1541 2789 1562 2810 4.
1580 2795 1597 2811 s.
1618 2789 1677 2810 XIV.
1694 2791 1716 2810 et
1732 2794 1750 2810 s.
1769 2787 1824 2814 xiil,
1843 2787 1863 2809 in
1876 2792 1923 2815 quo
1936 2786 1999 2808 multi
2016 2791 2101 2808 sermo·

1253 2835 1294 2851 nes
1311 2832 1372 2851 certo
1388 2832 1439 2851 sunt
1452 2835 1469 2850 s.
1484 2828 1671 2855 Bonaventurae3
1684 2827 1786 2854 signatur
1799 2826 1837 2847 W.
1851 2825 1942 2853 Optime
1959 2825 2101 2847 conveniunt

1253 2873 1372 2890 sermones
1390 2867 1457 2889 codd.
1477 2867 1572 2889 Tudert.
1585 2873 1607 2888 n.
1625 2866 1672 2888 168.
1687 2866 1723 2888 sol.
1737 2865 1765 2888 50
1777 2872 1796 2887 r.
1808 2867 1830 2887 et
1841 2871 1863 2886 n.
1880 2864 1928 2886 182.
1944 2864 1980 2886 sol.
1999 2864 2011 2885 9
2030 2869 2054 2885 v.
2071 2875 2100 2879 —-

1254 2908 1335 2929 Sermo
1353 2907 1388 2929 hio
1406 2907 1499 2929 omnino
1517 2906 1577 2934 sapit
1593 2906 1699 2933 spiritum
1719 2905 1901 2927 Bonaventnrae.

1317 2945 1325 2958 ⁷
1344 2946 1425 2968 psalm.
1444 2946 1485 2973 tS,
1504 2946 1529 2972 ὃς
1550 2945 1654 2973 sequitur
1671 2944 1738 2966 Ecclt.
1757 2943 1798 2971 24,
1821 2944 1853 2965 12,

2207 186 2209 208 Ι

2207 217 2210 228 1

2120 237 2147 256 De
2160 237 2173 256 Ι.
2186 239 2209 258 dit

2106 260 2164 279 niuniu
2176 266 2194 281 ιιι

2106 283 2140 302 bro
2152 286 2205 308 octo«

2104 309 2197 327 seruntur.

2106 889 2161 911 Item,
2175 888 2199 908 de
2222 897 2226 903 ν

2129 912 2211 931 membro
2230 919 2233 923 ·

2129 937 2206 959 septem.
2227 942 2235 952 f

2116 1917 2195 1936 Divisio.
2234 1933 2235 1939 ,

2117 2199 2163 2217 Pars
2175 2198 2189 2217 1.
