2243 3348
8 389 9 392 ’
41 388 126 409 Tertium.

1 516 10 663 1

3 664 9 710 i

0 899 9 984 ‘i

34 951 127 975 Quartum.

17 1886 127 1906 introductio.

643 162 798 191 DOMlNlCA
822 163 849 190 ll.
873 162 954 190 POST
977 162 1218 190 PENTECOSTEN.
1240 162 1349 190 SERMO
1372 163 1387 191 l.

146 240 334 277 probationem
365 248 494 269 errorum
523 240 660 277 ipsorum;
682 240 764 268 Marci
787 240 919 267 ultim01:
944 239 990 267 Illi

144 290 241 315 autem
269 286 396 324 profecti
424 287 674 323 praedicaverunt
708 285 829 323 ubique,
867 285 988 313 Domino

145 337 315 370 cooperante
335 337 360 361 et
374 341 533 361 sermonem
549 332 739 368 confirmante
752 331 936 369 sequentibus
949 331 988 358 si-

143 380 218 418 ynis.
240 396 278 400 κ
299 380 422 408 Tertium
439 383 480 408 est
494 378 700 415 triumphalitas
713 378 940 415 martyriorum.
960 377 988 404 In

144 427 195 455 boc
217 427 289 455 enim
312 429 353 455 est
384 426 544 462 triumphus
574 424 701 461 Martyris
723 424 801 458 fidei,
822 424 902 461 quia,
925 431 987 452 cum

143 481 217 502 unus
228 473 413 506 occidebatur,
431 472 509 500 multi
525 471 619 500 fideles
634 471 837 507 consurgebant
848 470 881 499 ad
897 470 987 498 fidem.

144 520 218 549 Unde
246 519 292 548 ubi
322 519 389 547 tides
421 518 556 547 Ecclesiae
585 517 683 546 babuit
704 518 929 554 impugnatores,
951 516 987 545 ibi

143 565 264 594 maxime
285 565 385 598 crevit,
407 568 439 593 ut
462 565 570 593 Romae.
593 563 644 592 Sed
676 572 730 592 non
753 563 791 592 sic
812 566 853 592 est
875 564 901 591 in
923 563 988 591 hae-

143 613 251 647 reticis,
273 612 351 649 quia,
367 612 413 640 ubi
429 612 624 645 destruuntur,
646 619 699 639 non
722 611 880 639 animantur
895 610 939 638 alii
954 609 988 638 ad

144 667 278 689 errorem.
312 659 372 687 Ideo
403 659 468 687 dicit
490 658 622 687 Dominus
655 657 761 686 loannis
787 657 987 685 duodecim02:

145 706 211 735 Nisi
223 714 355 743 ‘eranum
369 705 522 743 frumenti,
535 705 641 733 cadens
656 705 686 732 in
702 708 824 738 terram,
839 707 988 732 mortuum

143 753 245 790 fuerit,
260 753 358 789 ipsum
370 752 462 781 solum
479 755 594 785 manet,·
611 751 639 780 si
652 755 750 779 autem
764 754 914 779 mortuum
929 749 990 787 fue-

143 800 200 833 rit,
222 799 348 828 multum
379 798 513 836 frucmm
545 797 637 836 affert.
670 797 801 826 Haeretici
830 797 901 825 euim
930 805 989 825 mo-

144 846 246 875 rientes
267 854 321 874 non
336 848 402 874 sunt
416 853 550 882 granum,
565 845 612 873 sed
627 844 755 881 pellicula
769 851 869 877 vacua,
885 843 989 872 babens

144 893 351 922 similitudinem
372 892 450 929 grani
473 892 578 925 solum,
600 895 628 920 et
649 891 708 920 ideo
730 891 832 919 mortui
854 899 908 919 non
930 890 989 919 fru-

145 940 273 969 ctificant.
303 956 338 961 —
362 940 497 976 Quartum
526 942 568 967 est
598 938 748 967 auctoritas
779 937 988 970 conciliorum,-

144 995 207 1016 nam
231 986 344 1015 trecenti
373 985 559 1022 duodeviginti
583 988 675 1022 patres
702 985 815 1013 suerunt
843 985 869 1012 in
899 984 989 1013 conci-

144 1034 180 1062 lio
201 1034 333 1067 Nicaeno,
355 1032 428 1069 quod
450 1032 541 1061 tribus
561 1032 641 1060 annus
665 1032 785 1066 durans,
816 1031 910 1059 multis
938 1031 989 1059 mi-

144 1080 246 1109 raculis
267 1079 437 1113 coruscavit;
459 1079 506 1116 qui
529 1082 607 1107 erant
629 1079 678 1107 viri
704 1078 852 1107 doctissimi
876 1081 902 1106 et
927 1086 988 1106 sau-

144 1127 272 1160 ctissimi;
295 1126 367 1155 unde
389 1127 504 1155 Actuum
520 1126 625 1154 decimo
640 1125 772 1163 quint0³:
789 1125 990 1154 Surreoeerunt

144 1174 264 1212 quidam
280 1174 313 1202 cle
328 1172 443 1202 liaeresi
458 1172 708 1206 Pharisaeorum,
724 1172 776 1210 qui
793 1172 988 1205 crediderunt,

144 1221 280 1254 dieentes,
303 1220 374 1258 quia
396 1223 520 1256 oportet,
543 1219 718 1248 circumcidi
738 1227 801 1252 eos,
822 1218 990 1255 praecipere

143 1276 254 1306 quoque
274 1275 393 1295 servare
415 1266 502 1304 teyem
523 1266 634 1304 Moysi,-
649 1270 897 1304 conveneruntque
913 1267 990 1303 Apo-

143 1314 210 1342 stoli
229 1317 254 1342 et
274 1314 401 1342 seniores
422 1313 519 1342 videre
540 1313 573 1341 de
605 1312 689 1341 verbo
711 1311 771 1341 lioc.
797 1312 870 1341 Cum
891 1316 989 1341 autem

144 1368 254 1397 mayna
275 1359 448 1397 conquisitio
469 1359 563 1396 fieret,
585 1367 710 1396 sui-qens
726 1359 832 1387 Petrus
847 1359 922 1387 dixit
937 1361 988 1387 etc.

144 1406 219 1435 Unde
250 1414 312 1435 cum
344 1406 429 1435 multa
460 1406 657 1434 deliberatione
678 1409 705 1434 et
733 1398 897 1434 auctoritate
919 1405 989 1434 sacta

1832 167 1887 195 357

1045 242 1086 267 est
1106 239 1256 275 divulgatio
1278 239 1338 268 fidei
1362 240 1536 269 christianae.
1552 257 1588 261 —
1604 241 1734 277 Quintum
1754 245 1795 270 est
1810 251 1888 279 prae-

1046 284 1155 312 claritas
1176 284 1414 313 documentorum
1424 296 1434 319 ;
1449 286 1601 322 Sapientiae
1623 291 1734 316 octavo:
1750 289 1888 317 Praecla-

1045 331 1120 358 ritas
1141 330 1172 358 in
1194 331 1455 360 communicatione
1468 341 1636 361 sermonum
1652 334 1756 370 ipsius,
1772 335 1836 371 quia
1858 335 1888 362 il-

1046 376 1172 405 lustratio
1196 376 1317 405 veritatis
1339 380 1380 405 est
1401 377 1426 405 in
1450 378 1509 414 ipsa
1529 386 1607 407 sacra
1622 380 1780 416 Scriptura,
1802 388 1888 416 quae,

1045 423 1094 451 etsi
1118 430 1172 451 non
1195 423 1293 459 probet
1314 424 1478 457 necessario,
1496 427 1525 452 ut
1541 424 1607 453 tides
1630 426 1758 454 meritum
1782 426 1889 459 habeat,

1046 472 1138 498 tamen
1159 469 1339 505 probabiliter
1360 470 1448 498 multa
1470 470 1619 499 traduntur
1640 479 1656 499 a
1674 471 1833 501 doctoribus
1848 481 1890 501 sa-

1046 524 1157 545 crarum
1180 516 1405 552 Scripturarum,
1427 520 1454 545 et
1473 517 1520 553 qui
1550 522 1736 546 narraverunt
1767 527 1798 547 ea
1819 528 1890 556 quae

1046 562 1190 598 viderunt3
1213 562 1349 591 secundae
1372 563 1442 592 Petri
1465 564 1594 600 primo&
1611 564 1675 592 Non
1696 565 1771 592 enim
1791 566 1890 594 doctas

1045 608 1165 646 fabulas
1185 610 1291 643 secuti,
1306 613 1405 638 notam
1419 609 1544 646 fecimus
1564 610 1645 639 vobis
1666 611 1784 639 Domini
1797 613 1892 640 nostri

1048 657 1111 685 lesu
1135 656 1244 685 Cliristi
1265 657 1401 685 virtutem
1422 660 1447 685 et
1465 658 1682 694 praesentiam,
1697 658 1747 686 sed
1760 658 1890 695 specula-

1046 708 1121 732 tores
1141 702 1216 740 faeti
1230 703 1310 732 itlius
1324 704 1558 741 magnitudini&
1575 705 1680 733 loannis
1697 705 1791 733 tertio:
1809 706 1892 741 Quod

1045 750 1157 779 seimus
1179 750 1344 788 loquimur,
1366 755 1391 778 et
1422 751 1499 788 quod
1530 751 1658 779 vidimus
1680 755 1830 780 testamur.
1855 769 1889 772 -

1046 797 1161 825 Sextum
1183 800 1224 825 est
1246 796 1379 825 stabilitas
1401 797 1612 831 assertionum,
1634 798 1699 834 quia
1726 806 1769 826 «a
1790 798 1892 835 princi-

1046 844 1090 880 pio
1112 844 1206 872 mundi
1229 851 1318 880 usque
1339 843 1373 872 ad
1394 844 1477 872 tinem
1498 844 1581 873 durat
1596 844 1663 873 fides
1678 845 1825 879 Ecclesiae,
1841 853 1891 874 nec

1047 893 1183 925 mutatur,
1206 891 1332 927 quamvis
1353 894 1478 927 tempora
1499 891 1553 919 sint
1575 891 1717 926 variata»,
1739 892 1891 920 secundum

1045 937 1227 974 Augustinum
1239 938 1259 971 ⁵,
1286 949 1299 962 «
1315 938 1380 974 quia
1401 938 1476 974 quod
1497 941 1590 975 patres
1612 938 1790 967 crediderunt
1815 939 1891 967 futu-

1046 992 1125 1018 rum,
1157 992 1207 1013 nos
1239 984 1379 1013 credimus
1410 993 1470 1013 esse
1500 985 1603 1014 factum
1618 996 1644 1019 ”3
1678 985 1891 1014 Proverbiorum

1046 1031 1243 1060 duodecim0⁶:
1266 1031 1391 1059 Labium
1412 1032 1544 1060 veritatis
1565 1032 1687 1069 firmum
1708 1033 1762 1060 erit
1783 1033 1814 1061 in
1825 1041 1891 1070 per-

1043 1081 1184 1115 petuum;
1206 1078 1342 1106 secundae
1363 1078 1395 1106 ad
1411 1078 1587 1107 Timotheum
1603 1078 1738 1107 secundo:
1755 1079 1891 1107 Firmum

1046 1123 1274 1161 limitamentum
1298 1125 1350 1153 Dei
1369 1128 1436 1153 stat.
1454 1142 1488 1145 —
1512 1125 1663 1161 Septimum
1686 1129 1727 1154 est
1748 1125 1892 1154 uniformi-

1047 1175 1088 1199 tas
1109 1170 1338 1208 confessionam,
1361 1172 1426 1209 quia
1447 1180 1542 1200 omnes
1563 1172 1697 1200 Ecclesiae
1718 1173 1745 1201 in
1764 1173 1892 1202 omnibus

1046 1218 1173 1254 partibus
1193 1218 1290 1246 mundi
1311 1218 1479 1247 concordant
1494 1218 1520 1246 in
1537 1226 1592 1247 una
1608 1218 1777 1247 confessione
1793 1219 1893 1247 verita-

1048 1264 1081 1293 tis
1103 1264 1175 1298 fidei,
1198 1265 1278 1293 iuxta
1299 1265 1365 1293 illud
1389 1265 1494 1301 primae
1515 1265 1549 1293 ad
1564 1265 1720 1294 Corinthios
1735 1266 1839 1302 primo:
1860 1266 1895 1294 [Ji

1047 1311 1078 1339 id
1093 1312 1190 1348 ipsum
1212 1311 1319 1340 dicatis
1341 1320 1455 1345 omnes,
1471 1316 1495 1339 et
1509 1320 1567 1340 non
1588 1311 1646 1339 sint
1668 1312 1698 1340 in
1720 1312 1799 1340 vobis
1818 1311 1893 1340 solii-

1047 1363 1155 1386 smata.
1178 1358 1248 1387 Sitis
1270 1362 1369 1387 autem
1388 1358 1512 1395 perfecti
1532 1359 1562 1386 in
1584 1359 1679 1386 eodem
1708 1367 1794 1387 sensu
1816 1364 1842 1387 et
1863 1359 1893 1387 in

1047 1405 1147 1434 eadem
1168 1405 1316 1433 sententia.
1340 1406 1478 1442 Rogemus
1499 1408 1550 1434 etc.

672 1532 828 1561 DOMlNlCA
848 1532 995 1561 SECUNDA
1018 1531 1099 1560 POST
1121 1531 1362 1560 PENTECOSTEN.

489 1644 580 1672 Samio
602 1644 610 1671 I
626 1644 645 1671 ⁷.

223 1739 315 1767 Homo
337 1738 459 1776 quidam
480 1736 548 1775 fecit
569 1745 687 1766 coenam
703 1745 843 1774 mapnam
862 1739 885 1765 et
906 1744 990 1764 voca-

144 1786 186 1815 vit
205 1785 328 1820 multos,
351 1786 438 1814 Lucae
459 1784 564 1813 decimo
586 1787 686 1821 quarto
701 1783 721 1811 ⁸.

223 1832 280 1861 Sub
301 1832 435 1861 velamine
456 1832 572 1860 istorum
588 1831 737 1860 verborum
758 1830 940 1867 mystificatur
964 1832 991 1858 et

144 1880 294 1909 involvitur
309 1880 433 1908 caelestis
454 1879 556 1916 gloria,
571 1886 655 1915 quam
678 1878 811 1907 Dominus
826 1877 919 1907 electis
933 1877 991 1906 suis

144 1927 171 1955 in
194 1927 248 1955 fine
270 1926 363 1955 mundi
386 1925 544 1960 exhibebit;
566 1926 640 1954 unde
661 1933 749 1954 coena
771 1924 898 1959 refectio,
920 1932 991 1961 quae

144 1977 186 2003 est
206 1974 233 2002 in
256 1973 309 2002 fine
330 1973 577 2009 diei‚appellatur.
593 1972 808 2000 Commendatur
829 1974 922 2000 autem
938 1971 991 1999 Do-

145 2021 237 2049 minus
251 2023 344 2049 noster
359 2028 375 2048 a
390 2019 480 2048 tribus
494 2019 521 2048 in
538 2019 622 2048 verbo
637 2019 792 2055 proposito,
807 2026 878 2055 quae
894 2026 991 2055 quam-

144 2068 210 2096 libet
238 2075 349 2096 coenam
379 2066 498 2095 reddunt
526 2066 689 2102 completam
717 2068 744 2094 et
772 2065 936 2101 perfectam,
965 2068 992 2093 et

144 2115 234 2151 primo
255 2114 289 2142 ab
310 2113 474 2142 excellentia
491 2112 656 2150 sinffltlaris
671 2112 842 2149 dignitatis,-
857 2111 991 2145 secundo,

144 2161 178 2190 ab
200 2160 353 2198 affluentia
365 2160 376 2176 ⁹
391 2159 572 2188 abundantis
587 2158 784 2196 copiositatis;
799 2159 896 2191 tertio,
912 2166 927 2186 a
949 2157 992 2186 be-

144 2208 304 2236 nevolentia
319 2207 472 2235 invitantis
487 2205 667 2234 curialitatis
682 2206 739 2234 sive
754 2204 884 2234 caritatis.
901 2205 992 2233 Primo

145 2262 211 2291 ergo
232 2254 440 2283 commendatur
462 2261 477 2281 a
491 2252 700 2290 singyutaritate
714 2252 894 2280 excellentiae
915 2254 941 2280 et
955 2251 993 2279 di-

145 2301 272 2338 gnitatis,
295 2309 357 2329 cum
379 2300 458 2329 dicit:
482 2300 574 2328 Homo
588 2299 728 2337 qnidam,-
749 2299 775 2326 in
798 2298 930 2335 singulari
953 2298 993 2326 di-

146 2348 218 2377 citur
240 2348 323 2376 homo
344 2347 455 2384 quidam
475 2347 601 2375 Christus
621 2350 734 2383 propter
749 2345 991 2382 incomparabilem

146 2397 173 2423 et
194 2394 374 2423 excellentem
396 2394 565 2431 dignitatem.
588 2393 713 2421 Sec-undo
742 2392 950 2421 commendatur
978 2400 994 2420 a

147 2440 319 2469 liberalitate
343 2440 500 2469 affluentiae
528 2443 555 2468 et
582 2439 765 2476 copiositatis,
794 2446 857 2467 cum
885 2438 992 2467 subdit:

147 2496 265 2516 coenam
286 2495 436 2525 magynam.
452 2487 544 2515 Tertio
566 2486 774 2515 commendatur
790 2493 805 2513 a
826 2485 994 2514 curialitate

147 2535 352 2564 benevolentiae
374 2537 400 2562 et
422 2534 559 2567 caritatis,
582 2541 645 2562 cun]
668 2532 820 2561 subinfert:
842 2536 868 2560 et
880 2532 994 2560 vocavit

1048 1642 1161 1670 multos.
1184 1642 1322 1679 Benignus
1336 1645 1363 1671 et
1378 1642 1535 1671 misericors
1550 1643 1624 1671 Deus
1639 1643 1727 1671 noluit
1741 1651 1800 1672 esse
1819 1644 1894 1672 solus

1048 1689 1075 1717 in
1097 1697 1181 1717 coena
1200 1689 1319 1726 gloriae,
1342 1690 1425 1718 immo
1440 1690 1545 1718 ratione
1566 1698 1632 1718 suae
1647 1690 1809 1719 curialitatis
1823 1691 1894 1719 mul-

1047 1740 1089 1765 tos
1110 1736 1244 1765 invitavit.

1128 1784 1144 1812 1.
1167 1784 1239 1812 Dicit
1252 1784 1342 1813 enim:
1361 1784 1454 1812 Homo
1469 1784 1608 1822 quidam,
1624 1784 1670 1813 ubi
1687 1785 1894 1814 commendatur

1048 1830 1175 1859 Christus
1196 1831 1230 1859 ab
1251 1831 1415 1859 excellentia
1444 1831 1610 1868 sinyularis
1631 1831 1801 1869 cliyo'zitatis,
1824 1840 1895 1869 quae

1048 1881 1137 1915 potest
1153 1878 1321 1907 manifestari
1337 1877 1437 1914 triplici
1454 1878 1575 1907 ratione:
1591 1878 1693 1915 primo,
1709 1878 1814 1907 ratione
1829 1887 1895 1908 suae

1045 1924 1188 1961 puritatis
1209 1928 1234 1953 et
1254 1925 1433 1953 innocentiae
1462 1925 1487 1953 in
1517 1924 1663 1953 evitatione
1683 1925 1807 1953 omnium
1832 1932 1895 1961 pec-

1048 1974 1189 2005 catorum;
1212 1971 1348 2005 secundo,
1371 1972 1477 2000 ratione
1496 1970 1714 2009 profunditatis
1735 1971 1895 2009 sapientiae

1048 2018 1074 2046 in
1098 2018 1264 2047 revelatione
1286 2018 1443 2047 divinorum
1466 2019 1654 2052 occultorum;
1677 2019 1774 2052 tertio,
1790 2019 1895 2047 ratione

1048 2065 1244 2093 virtuositatis
1262 2065 1408 2102 potentiae
1429 2066 1455 2093 in
1485 2065 1644 2102 operatione
1671 2066 1823 2094 multorum
1845 2065 1896 2094 mi-

1050 2112 1180 2140 raculoru
1185 2120 1219 2140 ni.

1131 2159 1221 2187 Primo
1235 2159 1363 2187 Christus
1377 2159 1555 2196 singulariter
1570 2162 1597 2187 et
1611 2159 1780 2187 excellenter
1794 2159 1895 2187 dicitur

1050 2205 1133 2234 liomo
1155 2208 1268 2242 propter
1286 2206 1449 2242 puritatem
1477 2205 1634 2243 originalis
1661 2206 1841 2234 innocentiae
1868 2205 1895 2233 in

1050 2252 1196 2281 evitatione
1211 2252 1334 2280 omnium
1350 2255 1542 2289 peccatorum;
1564 2252 1638 2281 unde
1658 2253 1747 2281 Lucae
1765 2252 1896 2288 vigesimo

1051 2298 1132 2327 tertio
1150 2298 1186 2326 ¹⁰:
1209 2298 1330 2326 Nullam
1351 2307 1474 2327 causam
1496 2298 1594 2327 inveni
1609 2298 1639 2326 in
1653 2297 1767 2326 liomine
1787 2299 1840 2326 isto
1862 2307 1896 2326 esc

1050 2344 1112 2379 liis,
1134 2345 1164 2373 in
1190 2344 1296 2383 quibus
1323 2354 1388 2373 eum
1417 2345 1574 2374 accusatis.
1603 2345 1640 2373 Ad
1672 2345 1791 2373 litteram
1821 2345 1896 2374 nulla

1050 2400 1133 2421 causa
1154 2392 1257 2428 peccati
1280 2392 1472 2421 inveniebatur
1488 2392 1514 2420 in
1530 2392 1649 2426 Christo,
1670 2392 1701 2420 in
1722 2391 1827 2429 qm'bus
1848 2400 1897 2420 ac-

1051 2438 1195 2467 cusabant
1215 2446 1278 2467 eum
1302 2439 1401 2468 ludaei.
1423 2439 1480 2467 Non
1509 2439 1597 2473 enim,
1626 2441 1658 2467 ut
1678 2438 1728 2475 ipsi
1754 2438 1896 2473 dicebant,

1050 2486 1082 2514 in
1102 2486 1228 2522 pcccatis
1248 2488 1338 2514 natus
1359 2489 1419 2514 erat
1434 2489 1526 2519 totus,
1549 2486 1614 2522 quia
1635 2494 1687 2514 non
1709 2485 1742 2514 de
1761 2485 1832 2514 virili
1855 2493 1897 2514 se-

1052 2533 1139 2566 mine,
1161 2532 1208 2561 sed
1229 2532 1262 2561 de
1284 2533 1388 2569 Spiritu
1410 2536 1504 2561 sancto
1526 2536 1675 2569 conceptus
1696 2532 1763 2566 fuit,
1785 2535 1810 2560 et
1837 2532 1897 2561 ideo

212 2682 219 2694 ¹
237 2683 292 2711 Cap.
315 2683 348 2709 16,
366 2683 403 2705 20.

211 2721 220 2734 2
238 2722 304 2744 Vers.
322 2722 360 2744 24.
377 2728 426 2751 seq.

211 2761 220 2773 ³
239 2761 303 2783 Vers.
322 2762 344 2783 5.
361 2768 439 2790 seqq.;
457 2761 561 2790 sequitur
579 2761 631 2788 Sap.
650 2761 671 2788 S,
694 2761 727 2782 18.

211 2799 221 2812 ⁴
238 2799 294 2828 Cap.
314 2800 353 2827 '163
373 2800 477 2828 sequitur
495 2801 554 2822 toan.
572 2800 593 2827 3.
615 2800 648 2821 11,
689 2817 692 2819 .

213 2838 222 2851 ⁶
240 2839 310 2867 Epist.
328 2839 379 2861 190.
398 2839 461 2867 (alias
483 2839 541 2868 157.)
559 2845 578 2862 c.
594 2840 615 2860 2.
627 2845 650 2861 n.
671 2839 696 2865 53
718 2839 758 2860 cfr.
775 2838 841 2866 epist.
863 2839 911 2861 157.
930 2838 994 2866 (alias

152 2878 199 2906 88.)
213 2884 235 2899 n.
249 2877 284 2899 14.
298 2877 320 2899 in
333 2878 388 2905 linc;
409 2878 446 2900 lib.
464 2878 493 2900 ad
508 2878 640 2905 Deogratias
657 2877 693 2899 vel
710 2876 775 2904 epist.
797 2877 846 2899 102.
865 2877 929 2905 (alias
947 2876 992 2904 49.)

151 2924 174 2946 q.
187 2918 209 2939 2.
221 2923 243 2939 n.
259 2917 291 2938 12.
304 2920 323 2939 et
348 2917 385 2944 153
402 2918 505 2939 Euat-rat.
517 2918 539 2939 in
551 2918 586 2939 Ps.
599 2917 636 2943 50,
653 2916 686 2938 14.
698 2922 719 2938 n.
732 2916 754 2937 7.
767 2919 788 2938 et
800 2916 821 2938 in
834 2916 893 2940 ioan.
906 2917 993 2943 Evang.

153 2960 179 2979 tr.
198 2957 234 2979 te.
252 2963 273 2978 n.
291 2957 313 2978 Ε).
333 2957 391 2979 Vide
409 2957 465 2978 Petr.
485 2956 617 2983 Lombamt„
636 2956 667 2977 111.
686 2956 746 2978 Sent.
764 2955 786 2977 (1.
805 2956 879 2977 XXV.
896 2961 916 2977 c.
935 2956 954 2977 l.

1113 2681 1123 2696 ⁶
1141 2682 1207 2704 Vers.
1228 2682 1268 2709 ‘¹93
1287 2683 1416 2710 sequuntur
1434 2682 1458 2703 ll.
1476 2681 1536 2703 Tim.
1554 2682 1575 2707 2,
1598 2682 1632 2703 19.
1648 2684 1670 2703 et
1687 2681 1700 2702 l.
1719 2680 1770 2703 Cor.
1792 2681 1809 2707 l,
1828 2681 1864 2702 10.

1113 2719 1122 2733 ⁷
1140 2722 1170 2743 Ex
1190 2721 1297 2743 Vaticana
1316 2723 1338 2743 et
1355 2720 1457 2743 CDEF.
1476 2720 1562 2742 Divisio
1579 2719 1692 2748 generalis
1712 2719 1809 2741 habetur
1828 2720 1896 2741 etiam

1052 2760 1073 2782 in
1092 2760 1257 2789 cod.rTudert.
1274 2766 1297 2781 n.
1319 2759 1369 2782 104.
1389 2760 1425 2782 sol.
1449 2760 1493 2781 206
1511 2766 1540 2785 12,
1562 2759 1601 2787 qui
1619 2759 1702 2781 deinde
1726 2758 1794 2780 babet
1816 2758 1898 2780 multas

1051 2802 1072 2821 et
1090 2799 1194 2821 diversas
1211 2798 1393 2826 subdivisiones,
1410 2798 1492 2821 diffuse
1509 2798 1639 2825 explicatas.

1114 2836 1122 2849 Β
1142 2838 1206 2859 Vers.
1226 2838 1262 2859 iss.

1114 2875 1123 2888 ⁹
1141 2876 1214 2899 Codd.
1232 2877 1272 2898 EF
1291 2875 1375 2898 babent
1392 2875 1526 2904 influentia,
1545 2878 1567 2897 et
1584 2875 1639 2897 intro
1652 2875 1715 2897 solus
1727 2875 1742 2896 Ε
1755 2874 1897 2903 influentiae.

1115 2914 1134 2927 ¹¹¹
1154 2916 1218 2937 Yers.
1247 2915 1284 2943 143
1311 2914 1395 2937 deinde
1420 2914 1524 2942 sequitur
1542 2915 1602 2936 loon.
1626 2915 1651 2941 9,
1674 2913 1710 2935 34.
1734 2917 1756 2935 et
1777 2914 1898 2941 respicitur

1052 2955 1104 2977 Luc.
1128 2955 1145 2981 l,
1164 2954 1200 2976 35.

1905 251 1999 274 Quintum.

1907 806 1990 825 Sextum.

1908 1134 2019 1158 Septimum.

1912 1789 1958 1808 Pars
1970 1790 1985 1808 1.

1912 1883 2027 1903 Subdivisio.

1910 2164 1935 2182 Co
1938 2164 2033 2183 mmenda-

1921 2190 1950 2206 tur
1963 2188 2024 2211 primo

1913 2212 1985 2230 ratione
1998 2216 2032 2235 pu-

1936 2235 2005 2254 ritatis.
