2243 3348
12 551 25 581 ⁵1¹.
43 565 112 584 Prima.

22 658 113 678 Secunda.

45 752 113 770 'rei-tia.

40 892 116 916 Quarta.

40 986 115 1009 Quinta.

53 1126 107 1145 Sexta
112 1139 116 1144 .

0 1280 1 1286 i
26 1267 116 1291 Septima.

614 156 644 184 IN
665 156 860 185 NATIVITATE
881 156 1006 185 DOMINI.
1028 158 1137 186 SERMO
1158 158 1223 187 XVI.
1247 159 1287 187 ET
1309 160 1384 187 XVII.

127 233 237 262 ‘mundo
253 240 412 269 apparens,
427 235 543 260 vocatur
564 236 591 260 et
611 236 652 261 est
670 234 837 270 paradisus
850 234 971 270 quidam,

128 282 156 308 et
171 278 248 307 faciei
270 278 330 307 eius
351 278 454 306 lumine
467 278 613 314 paradiso
628 279 750 313 caelesti,
767 280 924 309 hominihus
944 280 971 308 in

128 325 268 358 claritate,
290 324 480 361 (assimilatur)
503 328 616 361 propter
637 326 846 362 quatuordecim
868 327 973 355 nobiles

128 371 304 405 conditiones,
320 371 346 399 in
363 379 395 399 eo
410 373 534 407 repertas
548 371 582 399 ah
596 374 661 399 ortu
676 374 703 400 et
718 380 765 408 per
780 375 864 401 totam
878 373 972 407 vitam,

128 417 337 454 quatuordecim
360 417 575 453 proprietatibus
596 418 714 453 paradisi
735 419 859 447 caelestis
881 427 973 447 corre-

128 464 300 501 spondentes.
800 471 805 478 ⁴

208 511 341 547 Apparuit
362 518 480 547 namque
502 510 529 538 in
550 518 582 538 eo
596 513 624 538 et
638 510 689 538 suit
704 511 775 539 sicut
789 514 900 540 aeterna
914 520 975 540 ma-

131 557 219 585 iestas
233 557 265 585 ad
282 557 503 590 venerationeni;
527 556 705 585 Ecclesiastici
721 557 933 594 quadrages-imo
949 559 973 585 1:

138 604 236 632 Timor
259 603 376 632 Domini
400 603 474 632 sieut
505 603 669 639 paradisus
698 603 908 632 benedictionis.

130 651 247 679 Aeterna
260 650 369 678 ¹meritas
384 650 416 678 ad
432 650 630 683 eruditionem;
648 650 824 678 Ecclesiastici
845 650 975 686 vigesimo

131 700 246 734 quarto:
270 698 303 725 El
328 697 404 725 sieut
432 697 633 734 aquaeductus
658 696 736 724 exivi
762 697 796 724 de
823 697 974 733 paradiso.

132 761 168 764 —
181 745 295 773 Aeterna
307 744 419 772 bonitas
434 744 467 772 ad
481 743 676 776 imitationem:
692 743 804 771 Genesis
818 743 938 771 secundo
949 744 974 770 2;

133 791 325 819 plantaverat
345 794 441 818 autem
467 790 608 818 Dominus
632 790 707 817 Deus
728 790 909 826 paradisum
929 798 976 817 vo-

132 837 252 875 luptatis
273 846 292 865 a
311 837 477 874 principio;
491 837 523 865 in
537 845 593 875 quo
607 837 704 873 posuit
726 835 878 870 hominem,
894 845 977 874 quein

131 884 322 923 formaverat.
345 901 382 905 —
403 885 519 913 Aeterna
539 884 674 912 suavitas
702 883 734 911 ad
761 883 976 917 recreationem:

133 933 220 961 Lucae
231 931 363 968 vigesimo
374 931 455 960 tertio
466 942 471 959 :
483 930 575 959 Hodie
588 939 700 959 meeum
711 930 769 958 eris
780 930 812 958 in
825 930 976 967 paradiso.

134 995 172 1000 -—
185 980 301 1007 Aeterna
322 978 524 1016 tranquillitas
538 977 571 1005 ad
589 977 818 1014 pacificationem3
842 977 977 1005 secundae

133 1026 167 1055 ad
182 1025 337 1054 Corinthios
352 1025 514 1053 duodecimo
529 1025 555 1052 ³:
572 1025 685 1061 Raptus
700 1028 740 1052 est
755 1024 785 1052 in
797 1024 977 1060 paradisum

132 1076 158 1101 et
185 1072 301 1102 aztdivit
328 1080 445 1100 arcana
473 1071 577 1105 verba,
599 1079 674 1109 quae
701 1079 759 1099 non
781 1071 844 1099 ticet
868 1069 979 1099 homini

133 1119 219 1157 toqui.
241 1135 280 1138 —
300 1119 416 1147 Aeterna
436 1117 608 1155 formositas
630 1117 661 1145 acl
684 1117 914 1154 speculationem:
931 1117 977 1145 Ec—

133 1166 275 1195 clesiastici
297 1165 508 1202 quadragesimo
530 1167 645 1201 quarto:
667 1163 783 1192 Henocli
796 1164 907 1201 ptaeuit
924 1164 978 1192 Deo

133 1216 159 1241 et
187 1211 351 1240 translatus
379 1215 420 1239 est
447 1211 478 1239 in
497 1211 695 1248 paradisum,
722 1214 753 1238 ut
775 1211 819 1239 det
847 1210 979 1248 pentibus

131 1259 345 1297 poenitentiam.
368 1275 405 1278 ——
426 1260 541 1287 Aeterna
560 1258 702 1286 serenitas
723 1257 754 1286 ad
778 1257 980 1294 contemplatio-

133 1315 212 1339 nem;
234 1306 345 1335 Genesis
360 1305 441 1334 tertio
456 1306 481 1332 4:
505 1305 575 1333 Dum
591 1305 782 1333 deambularet
800 1304 934 1332 Dominus
949 1304 977 1332 in

43 1361 117 1379 octava.
131 1353 277 1391 paradiso
298 1352 338 1381 ad
359 1360 469 1381 aurant
483 1355 547 1389 post
567 1351 727 1380 meridiem.
743 1368 781 1371 -—
797 1353 912 1379 aeterna
927 1351 979 1379 iin-

57 1454 117 1473 Nona.

35 1594 118 1614 Decima.

5 1689 119 1708 tUndecima.

0 1829 121 1848 vuodoeima.

0 1923 71 1965 »eciffa
86 1924 121 1942 ter-

50 1952 73 1965 la.

26 2017 103 2036 Decima

26 2042 98 2064 quarta.

134 1400 300 1429 morta-titas
325 1399 356 1428 ad
374 1399 592 1432 rohorationem3
615 1398 727 1427 Genesis
749 1398 869 1427 secundo
885 1399 911 1426 ⁵:
935 1398 980 1426 Li—

134 1456 224 1485 9nuin
247 1447 334 1475 etiam
355 1447 432 1475 vitae
453 1447 482 1475 in
513 1446 605 1474 medio
630 1446 779 1482 paradisi.
803 1462 838 1466 —
866 1446 980 1473 Aeterna

136 1495 253 1523 libertas
274 1494 307 1522 ad
329 1494 525 1527 evolati01ieni;
548 1493 722 1529 Apoealypsis
751 1492 887 1521 secundo:
917 1492 980 1520 Vin-

136 1542 209 1570 centi
228 1541 303 1570 dabo
324 1541 405 1569 edere
426 1541 459 1569 de
480 1540 558 1578 liquo
581 1540 671 1573 vitae,
693 1539 770 1577 quod
800 1543 840 1567 est
871 1540 901 1567 in
928 1548 980 1575 pa-

136 1589 238 1618 radiso
261 1588 313 1616 Dei
332 1588 396 1616 inei.
425 1604 463 1607 —
492 1588 607 1616 Aeterna
627 1586 772 1615 securitas
793 1586 826 1614 ad
848 1586 981 1614 certifica-

136 1636 254 1670 tionem:
270 1635 418 1664 Ezechielis
433 1634 574 1671 trigesimo
588 1634 679 1670 primo
694 1634 720 1662 ⁶:
745 1634 831 1662 Cedri
848 1642 905 1662 non
919 1632 981 1670 fue-

137 1687 208 1712 runt
239 1682 357 1712 altiores
388 1682 436 1710 illo
467 1682 498 1710 in
529 1681 672 1718 paradiso
706 1681 764 1709 Dei.
797 1697 835 1701 ——
867 1681 983 1709 Aeterna

137 1731 250 1759 caritas
280 1730 314 1758 ad
345 1729 546 1762 dilatationem;
568 1728 680 1757 Genesis
701 1727 836 1756 secundo:
859 1727 982 1755 Flavius

138 1777 339 1815 eqrediebatur
360 1777 394 1805 de
414 1776 474 1804 loco
496 1775 651 1812 voluptatis
667 1775 707 1803 ad
727 1774 919 1811 irriyanduin
931 1782 983 1811 pa-

137 1824 284 1853 radisum.
311 1840 347 1844 —
372 1825 488 1852 Aeterna
509 1822 680 1851 iucunditas
701 1822 735 1850 ad
753 1821 981 1855 consolationem:

137 1871 229 1908 quarti
245 1871 346 1900 Esdrae
360 1874 456 1899 octavo
471 1870 497 1898 ⁷:
520 1869 602 1898 Vobis
617 1873 738 1906 apertus
752 1872 793 1897 est
809 1868 982 1905 paradisus,

136 1918 273 1955 plantata
293 1921 334 1946 est
354 1917 445 1946 arbor
465 1917 550 1945 vitae.
567 1933 603 1937 ——
623 1918 738 1945 Aeterna
756 1916 851 1952 pietas
872 1915 905 1943 ad
920 1923 983 1943 con-

136 1965 361 1999 descensionem
384 1965 496 1993 Genesis
510 1964 616 1992 decimo
631 1964 728 1992 tertio:
749 1963 891 1991 Universa
911 1965 984 1990 terra

140 2011 327 2049 irriyabatur
354 2012 431 2040 sicut
458 2011 623 2048 paradisus
650 2010 774 2038 Domini.
804 2026 839 2030 -—
870 2010 985 2037 fleterna

139 2059 282 2087 sanctitas
296 2058 330 2087 ad
345 2058 582 2091 iustificationem;
606 2058 754 2086 Ezechielis
769 2057 909 2094 trigesimo
929 2056 984 2092 pri-

139 2113 199 2134 mo:
224 2106 313 2134 Omne
335 2106 448 2143 tiynurn
466 2105 608 2142 paradisi
631 2105 681 2133 Dei
700 2113 757 2133 non
780 2108 820 2132 est
837 2102 984 2131 assimila-

140 2157 202 2181 tum.
225 2152 267 2180 itui*
286 2156 310 2180 et
329 2152 528 2189 pulcritudini
548 2152 618 2180 eius.

464 2254 554 2281 Sannio
570 2252 625 2280 XVI
641 2251 661 2279 8.

210 2347 288 2377 Item⁷
314 2354 393 2372 sermo
411 2347 499 2372 fratris
518 2346 710 2371 Bonaventurae
728 2346 752 2370 in
773 2345 810 2369 die
829 2343 986 2372 Nativitatis,

141 2391 260 2420 Parisius,
276 2398 357 2416 coram
377 2398 433 2422 rege
450 2390 569 2415 Frauciae
583 2390 608 2414 et
621 2389 680 2414 filiis
694 2389 718 2413 et
730 2388 877 2417 consiliarie,
891 2388 916 2411 in
929 2387 987 2411 aula

141 2434 232 2466 regali,
251 2435 315 2458 circa
333 2434 464 2465 Vesperas.

227 2527 309 2555 Vobis
330 2530 451 2564 apertus
472 2530 512 2555 est
531 2526 706 2563 paradisus,
725 2524 861 2561 plantata
876 2527 915 2551 est
937 2530 986 2550 ar-

143 2574 194 2602 bor
214 2574 299 2607 vitae,
322 2574 412 2611 quarti
436 2573 536 2602 Esdrae
558 2576 654 2601 octavo
669 2572 688 2599 ⁹.

1815 164 1868 191 119

1106 235 1234 264 Caelestis
1255 236 1385 273 Angelus,
1400 238 1593 274 supercaelesti
1615 238 1737 267 radiatus
1754 239 1870 268 illustra-

1029 281 1114 315 tione,
1136 282 1251 319 loquens
1265 291 1301 311 ex
1317 291 1433 320 persona
1456 284 1541 313 Patris
1555 285 1657 313 aeterni
1674 293 1724 321 pro
1739 286 1870 314 hodierna

1029 327 1200 357 solemnitate
1230 337 1316 358 novae
1345 330 1493 359 nativitatis
1515 338 1563 367 per
1588 339 1715 365 carnem,
1737 332 1870 368 populum

1029 374 1127 402 salvari
1145 375 1280 404 volentem
1296 376 1447 413 alloquitur
1462 377 1554 406 verbis
1568 378 1711 412 assumtis,
1727 378 1752 406 in
1768 378 1870 415 quihus

1030 419 1130 448 Christi
1145 421 1314 450 nativitatem
1330 422 1460 451 describit
1473 423 1628 460 dupliciter,
1644 424 1746 452 scilicet
1766 428 1797 453 ut
1812 424 1870 453 fon-

1031 466 1083 494 tale
1108 467 1291 504 principium
1312 469 1408 497 salutis
1433 470 1584 503 humanae,
1606 474 1632 499 et
1659 475 1691 499 ut
1716 471 1870 500 universale

1031 512 1202 550 confugiunt
1225 515 1314 543 omnis
1334 516 1449 545 animae.
1466 517 1597 551 Primum,
1620 518 1671 546 ibi:
1694 518 1775 546 Vobis
1789 527 1870 555 aper-

1032 562 1078 586 tus
1099 564 1139 587 est
1158 561 1339 596 paradisus;
1360 563 1526 597 secundum,
1549 564 1600 592 ihi:
1614 564 1749 600 plantata
1770 569 1810 593 est
1824 573 1871 593 ar-

1032 604 1083 633 bor
1106 606 1187 634 vitae.

1888 432 1964 450 Divisio.

1111 652 1188 680 Circa
1209 653 1300 682 omnia
1322 658 1393 689 nota,
1415 656 1488 692 quod
1509 656 1635 685 Christus
1655 658 1682 686 in
1705 666 1754 686 sua
1774 659 1870 687 nativi—
1884 664 1912 683 De
1925 666 1963 683 toto
1976 669 2008 683 nu-

1034 700 1088 725 tate
1109 701 1135 726 et
1157 707 1205 734 per
1227 702 1309 728 totam
1333 701 1414 729 vitain
1443 702 1530 731 sactus
1555 707 1596 731 est
1620 704 1709 732 arbor
1730 705 1805 733 vitae
1825 713 1870 741 ge-

1034 744 1091 772 neri
1115 745 1236 773 hnmano
1257 746 1289 774 ad
1318 748 1492 777 salvationem
1522 752 1549 777 et
1569 750 1745 779 imitationem
1774 755 1800 780 et
1829 760 1871 780 re-

1033 790 1193 825 fectionem;
1215 792 1295 820 cuius
1315 794 1405 821 radim
1426 794 1478 822 fuit
1498 796 1611 829 caritas:
1634 797 1809 826 Ecclesiastici
1832 798 1871 826 vi-

1034 838 1138 874 gesimo
1150 842 1249 875 quarto
1263 839 1299 867 l⁰:
1313 840 1456 869 Radieavi
1470 842 1499 869 in
1509 843 1614 879 populo
1627 842 1821 880 honorificato.
1836 861 1870 865 -——

1035 883 1126 921 Stipes
1141 884 1192 912 fnit
1208 885 1364 920 humilitas;
1380 887 1413 915 ad
1429 887 1613 924 Philippenses
1628 890 1759 917 secundo:
1774 891 1873 918 Humi-

1035 930 1117 958 liavit
1131 931 1325 968 semetipsum,
1337 931 1435 969 factus
1447 933 1576 961 obediens
1588 942 1677 972 usque
1691 936 1730 963 ad
1743 940 1872 971 mortem,

1034 980 1152 1005 rizorteni
1176 981 1270 1006 autem
1294 979 1409 1012 erucis;
1420 983 1540 1016 propter
1559 982 1635 1018 quod
1655 985 1680 1010 et
1701 982 1776 1010 Deus
1797 983 1873 1011 exal—

1035 1024 1106 1052 tavit
1128 1024 1219 1052 ittam.
1243 1042 1279 1045 -—
1302 1026 1390 1054 Ranii
1409 1026 1523 1055 fuerunt
1544 1028 1702 1056 caelestium
1727 1029 1873 1057 desiderio-

1034 1078 1097 1099 rum
1119 1071 1248 1104 aviditas:
1272 1072 1449 1101 Ecclesiastici
1466 1073 1595 1109 vigesimo
1611 1077 1709 1110 quarto
1725 1075 1762 1103 ¹¹:
1783 1075 1876 1111 Quasi

1035 1116 1209 1145 terebinthus
1229 1119 1343 1147 extendi
1362 1127 1463 1147 ramos
1489 1128 1575 1154 ineos,
1602 1124 1627 1148 et
1646 1122 1727 1149 rami
1747 1123 1802 1150 mei
1828 1122 1876 1151 lio—

1034 1164 1116 1192 noris
1137 1167 1162 1192 et
1180 1165 1304 1201 gratiae.
1329 1182 1363 1185 ——
1383 1166 1483 1194 Floras
1503 1167 1617 1195 fuerunt
1638 1168 1776 1204 religionis
1790 1172 1816 1197 et
1832 1170 1876 1197 ho-

1036 1211 1147 1239 nestatis
1170 1219 1274 1245 mores:
1299 1212 1475 1241 Ecclesiastiei
1492 1213 1621 1250 vigesimo
1643 1218 1756 1251 quarto:
1781 1216 1877 1244 Floras

1035 1258 1092 1285 inei
1111 1257 1229 1294 fruetus
1250 1257 1369 1286 lionoris
1383 1263 1407 1287 et
1422 1258 1585 1288 honestatis.
1605 1278 1643 1281 -—
1667 1261 1750 1289 Folia
1765 1262 1877 1290 fuerunt

1036 1304 1184 1332 verborum
1207 1308 1365 1333 sanctorum
1393 1306 1608 1341 aediticati01ies3
1639 1308 1785 1337 Ezechielis
1810 1317 1877 1345 qua-

1036 1351 1190 1388 dragesimo
1211 1352 1326 1388 septimo
1343 1353 1380 1380 ¹²:
1404 1353 1487 1381 Folia
1508 1353 1571 1381 eius
1586 1355 1625 1382 ad
1642 1355 1832 1388 medicinanu
1851 1359 1877 1384 et

1038 1398 1210 1434 apocalypsis
1231 1399 1343 1427 ultimo:
1366 1399 1449 1427 Folia
1471 1400 1544 1437 tigni
1571 1401 1611 1429 ad
1630 1402 1785 1430 sci-nitatem
1810 1410 1877 1439 gien-

1038 1445 1119 1473 tium.
1143 1462 1178 1464 —
1202 1446 1330 1473 Fructus
1350 1445 1464 1474 fuerunt
1485 1447 1636 1476 sanctitatis
1657 1452 1683 1476 et
1704 1449 1826 1478 seruatis
1851 1453 1877 1478 et

1037 1492 1165 1520 bonitatis
1186 1492 1373 1528 operationes:
1398 1493 1607 1522 I‘roverhiorum
1630 1496 1709 1523 tertio
1726 1495 1763 1523 18;
1781 1496 1879 1524 Primi

1037 1543 1062 1566 et
1080 1538 1238 1575 purissimi
1257 1538 1374 1574 fruetus
1395 1539 1465 1567 eius,
1491 1556 1529 1559 —
1562 1540 1670 1569 Umbra
1691 1541 1742 1569 fuit
1763 1550 1876 1570 conver-

1038 1585 1150 1613 sationis
1177 1585 1263 1621 pietas
1291 1589 1317 1613 et
1343 1585 1430 1614 famae
1458 1586 1592 1621 suavitas3
1622 1587 1740 1616 Danielis
1761 1593 1875 1625 quarto:

1040 1632 1097 1661 Sub
1110 1631 1216 1660 umbra
1231 1632 1310 1660 iltius
1324 1632 1526 1670 requieverunt
1540 1642 1637 1662 omnes
1651 1634 1781 1663 volueres
1796 1635 1874 1664 caeti.

1039 1695 1076 1699 -—
1097 1678 1283 1715 Frayrantia
1303 1678 1355 1706 fuit
1376 1679 1506 1707 orationis
1527 1679 1700 1714 virtuositas;
1724 1682 1813 1717 quarti
1831 1682 1874 1710 Es-

1039 1725 1105 1754 drae
1125 1725 1245 1753 secundo
1261 1725 1298 1752 14:
1322 1725 1444 1762 Liynuin
1466 1726 1542 1754 vitae
1563 1727 1617 1755 erit
1638 1727 1695 1755 iltis
1716 1728 1746 1755 in
1761 1728 1876 1757 odorem

1040 1772 1189 1809 unquenti.
1211 1788 1249 1792 ——
1277 1772 1418 1800 Virictitas
1438 1772 1491 1800 fuit
1504 1773 1654 1802 devotionis
1670 1774 1796 1808 uhertas;
1814 1775 1877 1803 Pro—

1040 1818 1197 1847 verbiornm
1220 1818 1379 1847 undecimo:
1402 1819 1530 1847 Fructus
1551 1819 1622 1848 iusti
1642 1820 1751 1857 ligyrium
1775 1821 1856 1849 vitae.

1345 1904 1435 1932 Sannio
1456 1904 1523 1932 XVII
1539 1904 1570 1932 ¹⁵.

1111 1986 1183 2014 Item,
1203 1994 1281 2010 sermo
1300 1986 1387 2010 fratris
1400 1986 1588 2010 Bonaventurae
1602 1994 1655 2011 sero
1669 1987 1817 2012 Nativitatis
1831 1988 1879 2013 Do-

1041 2030 1100 2053 mini
1118 2029 1184 2060 apud
1203 2029 1311 2053 Monte-m
1330 2029 1506 2058 Pessulanum,
1520 2036 1600 2054 coram
1615 2029 1746 2054 Fratribus
1759 2031 1829 2061 quasi
1848 2030 1879 2055 ad

1041 2072 1223 2097 recreationem.

1121 2146 1246 2182 Accipite
1274 2145 1483 2173 iucunditatem
1503 2145 1615 2181 yloriae
1640 2149 1766 2179 vestrae,
1788 2146 1878 2182 quarti

1043 2193 1142 2221 Esdrae
1163 2192 1283 2220 seeundo
1298 2192 1329 2218 ¹⁶.

1121 2238 1209 2267 Verba
1232 2239 1297 2266 haec
1313 2245 1411 2274 pauca,
1426 2245 1460 2265 ex
1478 2245 1592 2273 persona
1609 2238 1694 2265 Patris
1712 2238 1816 2274 prolata
1827 2230 1879 2275 'per

1042 2286 1172 2323 Angelum
1194 2286 1227 2314 ad
1250 2285 1369 2318 Esdram,
1391 2288 1506 2321 possunt
1537 2292 1596 2313 esse
1617 2285 1780 2321 Angelorum
1803 2288 1881 2313 nocte

1041 2333 1192 2361 dominicae
1213 2332 1361 2360 nativitatis
1383 2331 1551 2360 cantantium
1568 2334 1595 2359 et
1615 2331 1653 2360 sic
1674 2331 1706 2359 ad
1728 2334 1814 2359 totum
1836 2339 1881 2368 ge-

1043 2388 1095 2408 nus
1116 2380 1268 2407 humanum
1291 2379 1512 2407 exclamantium.
1536 2378 1563 2407 ln
1586 2378 1688 2415 quihus
1709 2378 1758 2415 ipsi
1780 2378 1882 2407 descri-

1043 2427 1112 2455 bunt
1132 2426 1231 2454 Christi
1249 2425 1416 2453 nativitatem
1432 2433 1528 2453 novam
1552 2428 1579 2453 et
1593 2425 1739 2462 gratiosam
1762 2433 1810 2461 per
1825 2433 1882 2454 car-

1043 2482 1105 2502 nem
1125 2473 1280 2509 dupliciter,
1302 2472 1404 2500 scilicet
1418 2475 1449 2499 ut
1464 2471 1612 2500 liberaliter
1634 2474 1659 2499 et
1681 2471 1824 2508 dignanter
1838 2472 1878 2500 di-

1043 2521 1145 2549 vinitus
1166 2519 1275 2547 mundo
1296 2517 1462 2551 exhibitam,
1478 2522 1504 2546 et
1526 2521 1557 2546 ut
1579 2518 1711 2546 laetanter
1732 2520 1759 2546 et
1779 2518 1883 2547 deside-

1044 2567 1166 2595 rabiliter
1182 2566 1217 2593 al)
1237 2565 1401 2593 hominibus
1422 2564 1657 2601 anipteetemlani.
1681 2565 1814 2598 Primum,
1830 2565 1882 2593 ilii:

205 2710 213 2722 ¹
232 2711 297 2732 Vers.
315 2711 357 2737 283
374 2710 478 2739 seqnitur
496 2709 538 2736 24,
557 2709 593 2731 41.

206 2748 214 2761 ²
233 2750 298 2771 Vers.
317 2750 343 2777 8;
361 2749 464 2777 sequitur
482 2750 535 2771 Luc.
554 2749 591 2777 23,
609 2748 646 2770 43.

207 2787 215 2800 ⁸
234 2789 300 2810 Vei-s.
318 2788 343 2815 43
361 2789 464 2816 seqnitur
482 2788 548 2810 Eccli.
568 2788 604 2815 tt,
623 2788 630 2808 i
638 2788 658 2809 6.

207 2827 215 2841 ⁴¹
233 2827 299 2849 Vers.
316 2827 342 2849 8:
362 2826 456 2849 Domini
471 2826 515 2850 Dei
531 2825 705 2849 deambulantis
722 2825 747 2848 iu
762 2823 875 2854 paradiso
894 2826 936 2846 etc.

207 2865 215 2878 ⁵
233 2866 298 2888 Vers.
317 2867 342 2894 93
360 2866 464 2895 sequitur
481 2866 553 2894 Apoc.
571 2866 592 2892 2,
610 2866 630 2887 7.

206 2903 215 2917 ⁶
234 2906 298 2928 Vers.
316 2906 342 2932 83
360 2905 464 2933 sequitur
481 2905 536 2927 Gen.
555 2906 580 2932 2,
599 2905 634 2926 io.

207 2943 216 2957 ⁷
234 2944 298 2966 Vers.
317 2945 359 2972 523
376 2946 506 2973 sequuntur
522 2944 578 2966 Gen.
598 2943 640 2970 43,
659 2943 695 2964 io.
713 2945 735 2965 et
751 2942 830 2964 Ezecli.
848 2941 889 2969 3i,
909 2941 930 2962 ὃ.

1106 2703 1114 2716 3
1134 2705 1162 2725 Ex
1180 2705 1197 2725 Α
1217 2704 1253 2725 ῙΌΙ.
1273 2703 1301 2724 62
1320 2708 1337 2723 Γ.
1736 2698 1745 2711 9
1763 2700 1827 2722 Vel-5*
1845 2700 1882 2722 «⁵3¹2.

1106 2742 1125 2755 ¹⁰
1143 2744 1207 2764 Vers.
1228 2743 1265 2768 163
1282 2741 1385 2769 sequitur
1402 2740 1456 2762 Phil.
1474 2740 1496 2766 2,
1514 2740 1534 2760 S.
1551 2745 1598 2767 seq.

1106 2781 1124 2794 ¹¹
1145 2782 1206 2803 Vers.
1225 2781 1266 2808 223
1283 2780 1386 2808 sequitur
1403 2785 1424 2800 v.
1443 2779 1480 2800 23.

1106 2820 1124 2832 ¹²
1143 2820 1207 2842 Vei-s.
1227 2820 1267 2845 Ἰ12;
1285 2818 1388 2846 sequitur
1405 2818 1475 2844 Apoc.
1494 2817 1535 2843 22,
1553 2818 1574 2838 2.

1106 2858 1125 2871 ¹³
1144 2859 1208 2880 Vers.
1219 2857 1260 2884 =14;
1272 2856 1375 2885 seqnitur
1384 2856 1440 2878 Dan.
1454 2855 1474 2883 li,
1486 2856 1512 2877 9:
1526 2856 1552 2877 lii
1565 2854 1640 2877 rctmis
1653 2853 1702 2877 eins
1714 2853 1884 2877 conversaban-

1045 2900 1083 2921 tur
1100 2897 1208 2920 volueres
1226 2895 1292 2919 caeti.
1404 2893 1423 2906 ¹⁴
1441 2894 1505 2916 Vei-s.
1530 2894 1568 2918 12:
1587 2893 1690 2921 sequitur
1708 2893 1772 2915 l‘rox’.
1795 2893 1828 2919 li,
1848 2893 1884 2914 30.

1107 2936 1126 2949 ¹⁶
1145 2937 1173 2958 Ex
1190 2936 1207 2958 Α
1227 2936 1263 2957 tol.
1281 2935 1309 2956 62
1327 2941 1350 2955 v.
1727 2930 1747 2943 ¹⁰
1765 2932 1829 2953 Vers.
1848 2931 1884 2952 36.

1895 690 1956 706 tantur
1968 693 2000 706 uo-

1887 716 1928 738 vein
1941 710 2004 730 condi-

1914 736 1979 753 tiones.

1889 804 1956 822 Prima.

1889 897 1980 915 Secunda.

1891 1035 1958 1054 Tertia.

1893 1175 1968 1198 Quarta.

1894 1268 1967 1291 Quinta.

1894 1455 1955 1472 Sexta.

1893 1548 1982 1571 Septima.

1893 1688 1967 1706 Octava.

1894 1780 1954 1799 Nona.

1899 2478 1976 2497 Divisio.
