2243 3348
245 605 291 624 Pars
303 605 332 623 ΙΙΙ.

221 745 327 764 Consolatio

229 768 304 792 triplex.

199 1446 235 1465 Pei·
248 1446 326 1470 primam

217 1470 327 1493 purgabitur

229 1497 287 1511 error.

342 152 379 180 26
999 145 1174 174 SERMONES
1195 145 1239 173 DE
1261 145 1425 174 TEMPORE.

343 228 474 257 dolorum
490 228 496 242 ¹
514 230 541 256 et
561 226 739 255 afflictionum
756 225 923 254 infundendo
937 224 1109 253 dulcedinem
1125 231 1187 251 con-

343 275 515 304 solationum.
534 273 679 309 Quoniam
693 273 733 301 ad
748 276 781 306 te,
799 272 927 305 Domine,
943 271 1075 299 animam
1091 278 1185 298 meam

344 322 452 354 levavi,
476 329 524 357 per
539 320 595 357 spei
611 319 748 348 fiduciam.
768 319 853 355 Eripe
866 327 910 346 nie
924 318 958 346 de
972 317 1101 346 inimicis
1115 316 1186 344 meis

343 368 514 406 fortissimis
535 372 560 395 et
581 367 617 395 ab
639 365 684 394 liis
714 366 766 403 qui
795 365 919 393 oderunt
948 373 1009 398 nie,
1032 363 1186 392 inducendo

344 416 370 444 in
403 416 532 451 laqueum
565 413 661 441 mortis
692 416 835 445 aeternae,
864 411 1003 449 quoniam
1026 409 1187 447 confortati

342 465 411 490 sunt
440 469 529 497 saper
560 468 619 492 ine,
643 458 850 495 multiplicando
882 457 1073 486 tribulationes
1093 459 1120 485 et
1142 456 1186 484 tla-

343 509 427 545 gella„
449 508 549 535 damna.
569 510 596 534 et
616 505 773 541 opprobria.

422 554 460 582 ΙΙΙ.
483 553 574 581 Tertio
596 554 708 580 notatur
727 551 884 587 promissio
917 550 1099 578 omnimodae
1121 558 1186 577 con—

343 600 510 633 solationis,
532 607 595 627 cum
616 598 733 626 dicitur:
751 597 897 632 Quoniam
912 597 1131 634 appropinquat
1147 604 1187 624 re-

343 647 465 684 demptio
486 649 591 674 vestra.
614 645 684 673 Vere
704 643 861 672 omnimoda
882 643 1031 671 consolatio
1047 645 1113 670 tunc
1134 642 1187 671 erit

344 692 585 731 perseverantibus
606 695 633 719 et
660 694 779 719 mentem
801 690 834 718 ad
858 690 944 718 Deum
974 697 1022 725 per
1045 689 1186 726 providam

344 740 588 770 considerationem
618 738 780 767 levantibus.
812 738 878 766 Nam
908 737 1010 773 triplex
1039 736 1188 773 appropin-

343 787 440 825 quabit
460 786 607 815 consolatio
629 784 780 814 secundum
800 784 933 820 triplicem
950 783 1048 812 inentis
1063 783 1188 811 elevatio-

343 842 420 867 nem,
442 834 475 861 ad
496 841 579 869 quam
609 832 697 860 omnis
725 832 777 859 alia
808 831 957 859 consolatio
979 830 1061 858 habet
1083 830 1187 858 reduci.

345 882 375 910 Et
396 881 485 918 primo
507 881 532 908 in
556 879 727 908 elevantibus
742 882 861 907 mentem
877 878 909 906 ad
926 877 997 906 Filii
1011 877 1188 914 sapientiam

344 928 508 965 purgabitur
529 927 617 955 omnis
637 934 722 954 error
744 926 847 953 visione
880 924 1027 953 infallibilis
1050 923 1187 957 veritatis3

344 976 463 1004 secundo
486 975 511 1002 in
543 973 714 1002 elevantibus
745 976 864 1001 mentem
886 972 919 999 ad
943 971 1072 1008 Spiritus
1093 971 1190 999 sancti

343 1022 521 1051 elementiamv
541 1020 655 1056 desipiet
676 1019 765 1048 omnis
796 1019 929 1047 caritatis
950 1027 1036 1047 amor
1058 1018 1188 1047 fruitione

344 1068 549 1097 inaestimabilis
570 1066 728 1096 siiaxitatis:
753 1067 832 1094 tertio
860 1066 887 1094 in
919 1065 1092 1094 elevantibus
1114 1073 1188 1093 nien—

344 1119 398 1144 tem
421 1115 453 1143 ad
479 1114 578 1142 Patris
602 1114 759 1150 potentiam
781 1112 963 1141 evacuabitur
986 1112 1080 1140 omnis
1102 1112 1189 1140 timor

344 1163 463 1192 tentione
486 1161 632 1189 immobilis
653 1160 799 1188 firmitatis.
817 1160 848 1187 Et
870 1159 895 1187 in
918 1159 971 1187 ista
993 1159 1092 1195 triplici
1117 1158 1188 1193 itote,

344 1210 445 1239 scilicet
467 1208 578 1237 visionis
599 1208 704 1241 clarae,
726 1207 865 1235 fruitionis
887 1207 998 1243 quietae
1012 1210 1039 1234 et
1061 1206 1190 1234 tentionis

347 1264 469 1289 securae,
491 1255 613 1283 consistit
630 1255 717 1291 imago
732 1253 850 1291 gloriae,
873 1253 916 1281 cui
940 1253 1087 1289 respondet
1101 1253 1189 1289 imago

345 1303 463 1341 gratiae,
485 1310 555 1339 quae
585 1301 708 1330 consistit
739 1301 766 1329 iii
796 1300 847 1329 fide
879 1300 976 1334 firma,
998 1300 1112 1328 caritate
1135 1308 1189 1328 non

344 1351 407 1379 ficta
428 1353 454 1378 et
475 1358 521 1386 spe
544 1352 618 1377 certa
640 1348 665 1376 in
687 1351 759 1376 statu
782 1348 843 1376 isto.

424 1397 513 1424 Primo
535 1396 561 1424 iii
584 1395 755 1424 elevantibus
787 1397 906 1423 mentem
928 1394 960 1422 ad
985 1394 1054 1422 Filii
1074 1394 1190 1430 sapien-

344 1444 416 1473 tiam
438 1444 602 1480 purgabitur
623 1442 711 1470 omnis
739 1450 824 1470 error
853 1442 956 1470 visione
978 1441 1127 1470 infallibilis
1148 1449 1191 1469 ve-

345 1492 441 1520 ritatis.
463 1491 538 1519 Unde
559 1490 659 1518 dicitur
682 1489 727 1518 lob
748 1490 854 1517 decimo
876 1489 986 1517 nono2:
1010 1488 1092 1522 Scio,
1114 1489 1191 1526 quod

345 1538 514 1574 Redemptor
536 1545 617 1565 meus
638 1536 722 1569 vivit,
738 1540 762 1564 et
778 1536 809 1564 tn.
823 1536 980 1564 novissimo
1003 1535 1048 1563 die
1062 1535 1096 1563 de
1110 1539 1191 1563 terra

345 1588 537 1613 surrecturus
568 1592 635 1611 sitm
670 1587 695 1611 et
725 1591 848 1610 rursum
885 1582 1093 1611 circumdabor
1121 1582 1192 1619 petie

344 1640 407 1660 mea
433 1636 457 1659 et
490 1632 518 1659 in
550 1639 639 1659 carne
671 1638 734 1658 mea
768 1629 865 1658 videbo
900 1630 987 1657 Deum
1021 1629 1190 1657 salvatorem

345 1688 448 1707 meum.
474 1695 509 1698 —
526 1678 603 1711 Scio,
626 1678 702 1715 qnod
725 1677 894 1713 Redemptor
914 1685 996 1704 mens
1010 1676 1097 1710 vicit,
1113 1676 1191 1713 quasi

345 1726 431 1755 dicat:
447 1726 510 1754 licet
525 1725 550 1753 in
567 1725 691 1761 passione
706 1724 767 1752 vita
782 1724 867 1752 suerit
882 1723 975 1751 induta
989 1726 1087 1756 morte,
1100 1727 1190 1751 tamen

346 1774 374 1801 in
395 1772 608 1804 resurrectione,
630 1771 763 1807 deglutita
785 1774 889 1804 morte,
912 1773 968 1798 tota
991 1770 1050 1798 nita
1066 1778 1192 1798 resurre-

346 1820 395 1848 xit.
420 1820 454 1848 Et
474 1820 505 1847 in
526 1818 683 1847 novissimo
705 1818 750 1846 die
773 1818 806 1845 de
825 1821 906 1845 terra
920 1821 1111 1845 surrecturus
1125 1826 1193 1845 sam

346 1870 371 1895 et
392 1874 515 1894 rursum
538 1864 745 1893 circumdabor
764 1864 834 1901 pelle
855 1872 936 1897 nica,
959 1864 1069 1900 quando
1085 1872 1193 1900 corpas

347 1912 520 1941 humititatis
540 1921 620 1940 meae.
641 1911 858 1948 configuratam
881 1910 973 1948 faerit
995 1910 1113 1947 corpori
1134 1911 1192 1939 cta-

346 1960 466 1989 ruatis-”²
488 1959 597 1987 Christi.
624 1960 655 1986 Et
677 1958 707 1986 in
722 1966 811 1986 earne
825 1966 890 1986 mea
908 1957 1007 1985 videbo
1025 1958 1113 1985 Deam
1137 1958 1193 1985 Sal-

346 2010 467 2036 vatoreui
491 2015 602 2040 meum,
624 2004 701 2042 faeie
722 2006 761 2033 ad
792 2004 936 2042 faeiem&
969 2005 995 2032 in
1027 2013 1082 2041 quo
1114 2005 1193 2033 modo

350 2054 454 2082 videndi
478 2061 530 2081 non
554 2056 643 2089 potest
665 2060 724 2081 esse
746 2060 825 2081 error
846 2052 917 2080 sicut
939 2052 965 2079 in
983 2051 1062 2079 niodo
1084 2051 1191 2080 videndi

346 2110 397 2138 per
418 2100 567 2137 specuium
599 2100 629 2127 in
657 2100 836 2137 aenigmate,
859 2099 905 2136 qui
928 2102 968 2127 est
990 2099 1016 2126 in
1041 2099 1096 2127 vita
1118 2107 1193 2135 prae-

347 2147 428 2181 senti;
451 2147 516 2183 quia
538 2150 603 2174 tnnc
625 2146 758 2182 sapientia
771 2145 861 2173 divina
878 2149 1013 2182 proponet
1030 2144 1117 2173 Beatis
1133 2145 1193 2173 illas

347 2194 466 2222 rationes
487 2197 612 2222 aeternas
633 2193 666 2221 ad
688 2192 929 2229 contemplandum
952 2193 978 2220 in
1004 2200 1032 2220 se
1054 2192 1112 2229 ipso
1134 2195 1192 2220 tan-

348 2249 430 2277 quam
452 2241 477 2268 in
499 2240 613 2277 speculo
645 2239 877 2276 pulcriforiiiiter,
912 2243 1040 2276 tanquam
1070 2239 1097 2267 in
1119 2239 1192 2267 tibro

347 2288 527 2316 indelebiliter
546 2291 573 2315 et
595 2291 725 2323 tanquam
740 2286 766 2314 in
782 2294 883 2314 mensa
897 2286 1101 2314 delectabiliter.
1118 2286 1193 2315 Unde

346 2335 514 2370 Augustinus
535 2334 568 2362 de
590 2333 760 2367 Trinitate⁵3
787 2333 964 2361 «Veritatem
987 2333 1045 2361 sine
1068 2333 1124 2361 ulla
1145 2333 1193 2361 dif-

348 2381 467 2410 ficultate
500 2381 654 2409 videbimus
685 2388 771 2417 eaque
803 2380 954 2408 clarissima
982 2383 1009 2408 et
1040 2380 1193 2409 certissima

410 2545 416 2557 ¹
437 2546 517 2568 Psalm,
535 2546 577 2573 93,
600 2546 631 2567 19.

410 2584 418 2596 ⁵
436 2585 490 2607 Poll.
508 2585 529 2612 3,
548 2586 584 2606 ai.

410 2624 419 2637 ⁵
436 2625 497 2647 Libr.
515 2624 565 2646 XV.
584 2630 602 2646 c.
621 2624 658 2646 25.
678 2631 700 2646 n.
719 2624 756 2646 45.

410 2663 419 2676 ³
437 2665 501 2687 Vers.
521 2664 558 2685 ilS.
575 2669 622 2692 seq.

410 2702 418 2715 ⁷
436 2704 503 2725 Rom.
519 2703 540 2729 7,
563 2703 596 2724 it..

409 2742 418 2754 ὃ
436 2743 511 2765 lllattli.
523 2743 560 2769 22,
570 2742 606 2764 30.
616 2754 646 2758 -
656 2742 695 2763 Ed.
708 2741 813 2763 Vaticana
824 2744 875 2768 post
887 2741 936 2763 ideo
949 2741 1062 2764 dicuntur
1075 2748 1120 2764 non
1133 2741 1192 2763 bene

347 2782 421 2805 addit:
439 2782 503 2810 quasi
521 2781 580 2811 [igini
596 2780 744 2804 immaculati
755 2782 777 2803 et
788 2780 974 2803 incoiztniiii'nati.
987 2780 1042 2803 Cod.
1056 2781 1074 2803 D
1086 2781 1142 2803 solet
1154 2786 1191 2802 ex-

348 2821 492 2849 plicationem
510 2821 612 2843 locorum
635 2820 765 2847 Scriptiirae
787 2820 849 2842 aliter
872 2823 893 2841 ct
918 2821 1072 2842 communiter
1098 2820 1191 2842 brevius

348 2860 465 2887 exhibereg
484 2860 550 2882 cuins
567 2860 697 2886 exemplum
716 2860 759 2881 hoc
777 2859 825 2881 loco
843 2858 1024 2881 transcribimus.
1048 2868 1058 2878 a
1076 2859 1139 2881 Vaiin
1158 2859 1189 2881 (li-

347 2900 415 2927 citiir,
433 2900 486 2928 tinia
510 2902 603 2927 propter
621 2899 815 2926 protoplastorum
834 2898 1011 2920 inobedientiam
1037 2899 1087 2920 sacti
1108 2904 1189 2920 sumus

347 2940 399 2961 vani
417 2943 438 2961 et
457 2939 546 2965 miseri,
563 2938 621 2960 adeo
645 2940 666 2960 ut
693 2937 822 2960 carnalibus
840 2937 996 2965 voluptatibus
1014 2937 1189 2965 immergamur.

979 2545 987 2558 ²
1006 2546 1071 2568 Veis.
1089 2547 1125 2569 ⁶25.
1144 2553 1192 2576 seq.

883 2583 892 2596 ⁴
910 2585 979 2612 Epist.
998 2586 1012 2607 l.
1031 2585 1082 2607 Cor.
1102 2586 1137 2612 13,
1159 2587 1191 2608 12.

1244 223 1437 260 perfruemur,
1459 230 1509 251 nec
1541 222 1644 259 aliquid
1675 231 1842 260 quaeremus
1863 227 1954 252 mente
1980 224 2088 254 ratioci-

1244 272 1341 302 nante,
1364 269 1410 297 sed
1431 277 1579 297 cernemus
1600 270 1803 306 contemplante
1818 281 1844 298 ».

1322 316 1447 344 Secundo
1462 315 1489 343 in
1504 315 1676 344 elevantibus
1698 319 1816 345 mentem
1831 317 1864 345 ad
1881 317 2010 354 Spiritus
2023 326 2089 346 san-
2105 318 2195 362 agga-5353.

1243 361 1283 389 cti
1303 361 1481 389 elementiam
1502 361 1619 398 desipiet
1639 362 1728 390 omnis
1748 362 1881 391 carnatis
1896 371 1982 392 amor
1995 363 2088 393 dulce-
2104 366 2196 407 ffigssfltisi

1243 408 1306 436 dine
1327 408 1535 437 inaestimabilis
1556 409 1708 437 suavitatis.
1725 409 1756 437 Et
1770 409 1803 438 de
1818 410 1870 438 lioc
1886 413 1974 447 potest
1988 411 2089 448 exponi

1244 455 1311 483 illud
1327 455 1431 491 primae
1447 455 1516 483 Petri
1535 455 1624 492 primo
1635 456 1662 483 ⁶:
1678 455 1743 484 Non
1758 457 1998 493 corruptibilibus
2013 466 2090 486 auro

1243 500 1287 528 vet
1307 505 1429 538 argento
1450 501 1591 538 redempti
1611 502 1679 530 estis
1700 502 1734 530 de
1755 511 1835 531 vana
1855 506 1952 532 vestra
1974 512 2090 532 conver-

1243 547 1355 575 satione
1374 551 1516 584 paternae
1537 548 1720 583 traditionis,
1742 550 1792 578 sed
1803 550 1931 586 pretioso
1945 551 2090 588 sanquine

1244 595 1333 631 quasi
1346 595 1419 631 ayni
1432 595 1618 624 immaculati
1634 595 1744 625 Christi
1757 600 1781 625 et
1802 596 2035 626 incontaminati.
2052 614 2088 618 —

1253 641 1334 669 Vana
1355 641 1535 670 conversatio
1554 645 1697 678 paternae
1718 643 1887 672 traditionis
1908 647 1949 672 est
1965 652 2092 680 perseve-

1246 696 1308 716 rare
1330 688 1496 717 lasciviendo
1518 689 1543 717 iii
1567 689 1689 718 faecibus
1710 690 1829 719 carnalis
1852 691 2009 727 voluptatis.
2025 691 2091 720 Nam

1245 735 1344 763 merito
1366 739 1496 771 paternae
1517 737 1760 772 praevaricationis
1781 737 1842 766 tacti
1865 745 1962 766 sumus
1983 746 2092 766 earna—

1246 781 1284 810 tes
1305 786 1330 810 et
1351 783 1511 811 venundati
1539 783 1594 811 snb
1623 788 1739 820 peceato
1754 784 1771 811 ⁷.
1794 784 1844 813 Sed
1866 784 1899 813 de
1931 785 1982 813 ista
2012 793 2092 813 vana

1245 830 1462 858 conversatione
1483 831 1555 859 Beati
1579 831 1712 868 redempti
1729 835 1793 860 sunt
1805 832 1933 868 pretioso
1947 832 2092 869 sanquine

1248 876 1373 910 Christi,
1396 885 1428 905 eo
1449 878 1523 914 quod
1546 878 1643 906 merito
1661 878 1721 907 eius
1736 879 1877 915 sanguinis
1891 879 2033 907 effusionis
2046 878 2093 907 de-

1245 928 1358 961 gustant
1380 924 1553 953 dulcedinem
1576 925 1743 961 sapientialis
1764 926 2000 959 oblectabilitatis,
2022 933 2093 963 quae

1247 974 1323 999 tanto
1345 971 1444 1000 ardore
1465 971 1592 1000 desiderii
1622 972 1694 1009 rapit
1716 973 1836 1001 totaliter
1857 972 1977 1001 animam
2000 972 2027 1001 in
2049 973 2092 1001 sui

1247 1018 1513 1055 concupiscentiam,
1535 1023 1566 1047 ut
1587 1019 1703 1055 desipiat
1724 1019 1813 1048 omnis
1835 1027 1908 1048 caro.
1930 1019 2006 1048 Unde
2031 1019 2093 1048 licet

1246 1065 1327 1094 faciat
1347 1065 1514 1099 satietatem,
1536 1074 1589 1094 non
1607 1070 1697 1095 tamen
1712 1070 1826 1103 generat
1840 1066 1994 1102 fastidium,
2010 1066 2094 1095 immo

1247 1113 1391 1141 continuat
1411 1112 1588 1141 desiderium.
1611 1113 1662 1142 Sed
1685 1114 1771 1147 Beati,
1793 1114 1859 1150 quia
1890 1117 1956 1142 tnnc
1977 1114 2047 1142 bene
2068 1115 2095 1142 et

1248 1159 1383 1196 perfecie,
1404 1160 1590 1188 exterminato
1612 1160 1705 1189 fomite
1736 1161 1990 1197 concupiscentiae,
2012 1164 2095 1189 erunt

1247 1206 1343 1235 intenti
1376 1207 1465 1235 solum
1497 1206 1634 1235 dulcedini
1666 1207 1774 1236 divinae
1796 1207 1952 1242 suavitatis,
1974 1208 2034 1236 ideo
2058 1207 2096 1236 di-

1247 1257 1350 1281 cnntui·
1372 1254 1475 1282 similes
1496 1254 1626 1290 angelicis
1648 1254 1807 1290 spiritibus,
1829 1254 1881 1292 qui
1901 1263 1959 1283 non
1989 1254 2097 1283 nubent

1247 1309 1337 1338 neque
1358 1300 1505 1328 nubentur
1517 1300 1536 1328 ³.

1327 1347 1419 1375 Tertio
1441 1348 1467 1375 in
1490 1348 1663 1376 elevantibus
1685 1351 1804 1376 mentem
1826 1348 1859 1377 ad
1882 1348 1986 1377 Patris
1997 1351 2096 1386 poten-

1248 1394 1322 1422 tiam
1353 1395 1533 1423 evacuabitur
1565 1395 1654 1423 omnis
1686 1395 1773 1423 timor
1807 1395 1927 1423 tentione
1948 1395 2096 1423 immobilis

1250 1442 1395 1470 firmitatis.
1419 1442 1450 1470 Et
1471 1442 1504 1470 de
1527 1442 1578 1471 hoc
1599 1442 1701 1471 dicitur
1725 1442 1853 1471 lereniiae
1875 1442 2016 1479 trigesimo
2040 1442 2097 1479 pri-

1249 1496 1293 1516 mo
1306 1488 1331 1515 ⁰:
1357 1488 1482 1516 Redemit
1506 1489 1647 1516 Dominus
1670 1488 1755 1517 Iacob
1777 1492 1801 1517 et
1823 1488 1958 1517 liberavit
1976 1497 2041 1517 eum
2063 1489 2096 1518 de

1248 1544 1342 1563 manu
1363 1536 1550 1572 potentioris,
1566 1540 1591 1564 et
1611 1536 1723 1564 venient
1736 1539 1760 1564 et
1776 1536 1943 1564 laudabunt
1956 1536 1987 1564 in
2002 1539 2097 1564 monte

1250 1582 1327 1611 Sion.
1348 1598 1387 1602 —
1408 1583 1537 1612 Redemit
1562 1583 1702 1612 Dominus
1725 1583 1827 1617 Iacob,
1850 1591 1865 1612 a
1880 1583 2015 1612 servitute
2030 1583 2096 1620 legis

1250 1630 1352 1666 peccati
1364 1653 1370 1663 ‚
1392 1634 1418 1658 et
1438 1630 1572 1658 liberavit
1586 1639 1650 1658 euni
1667 1630 1701 1659 de
1722 1639 1814 1658 mana
1827 1630 2009 1667 potentioris,
2025 1630 2097 1659 scili-

1250 1680 1293 1705 cet
1315 1677 1431 1711 diaboli,
1455 1677 1643 1714 multipliciter
1659 1686 1722 1706 eum
1738 1677 1900 1714 affligendo,
1926 1681 1950 1706 et
1971 1677 2096 1711 venient,

1250 1732 1313 1752 cum
1337 1724 1538 1758 exsultatione,
1561 1728 1586 1752 et
1607 1724 1788 1758 laudabunt,
1810 1732 1874 1753 eum
1897 1725 2043 1758 continue,
2065 1725 2097 1753 in

1249 1775 1344 1798 monte
1366 1770 1452 1804 Sion,
1476 1771 1500 1799 id
1524 1775 1564 1799 est
1587 1771 1612 1799 iii
1636 1771 1694 1799 loco
1716 1771 1847 1799 eminenti
1870 1771 1936 1800 caeli
1965 1771 2096 1808 empyrei.

1250 1817 1312 1845 Sion
1335 1817 1424 1851 enim,
1440 1825 1511 1853 quae
1525 1817 1643 1854 specula
1658 1818 1873 1854 interpretatur,
1889 1818 2024 1855 siguificat
2038 1825 2099 1847 cae-

1252 1864 1309 1892 lum
1330 1872 1509 1900 empyreum,
1532 1865 1559 1892 in
1574 1873 1630 1901 quo
1646 1869 1788 1901 ponuntur
1804 1865 1875 1894 Beati
1899 1865 1932 1893 ad
1954 1865 2098 1901 speculan-

1251 1911 1316 1939 dum
1340 1915 1364 1940 et
1381 1912 1623 1947 contemplandum
1646 1912 1823 1941 immobiliter
1839 1912 1991 1940 claritatem
2008 1912 2098 1940 Deita-

1251 1958 1293 1986 tis.
1309 1958 1384 1987 Unde
1400 1959 1569 1995 Augustinus
1583 1959 1616 1987 de
1631 1959 1745 1988 Civitate
1763 1960 1807 1988 Dei
1822 1960 1844 1976 1⁰
1858 1960 1939 1988 dicit:
1966 1971 1979 1984 κ
1991 1960 2099 1996 Quanta

1250 2005 1304 2033 erit
1325 2005 1371 2033 illa
1399 2005 1529 2040 felicitas,
1558 2006 1605 2034 ubi
1635 2006 1742 2034 nullum
1773 2006 1826 2034 erit
1849 2006 1968 2041 malum,
1990 2006 2099 2035 nullum

1250 2051 1345 2080 latebit
1362 2052 1473 2086 bonum,
1490 2053 1632 2081 vacabitur
1648 2053 1694 2081 Dei
1712 2053 1852 2086 laudibus,
1868 2053 1915 2090 qui
1931 2053 1984 2081 erit
1999 2053 2099 2081 omnia

1250 2099 1279 2127 in
1302 2099 1487 2127 oinnitias»!
1509 2100 1586 2129 Tunc
1617 2100 1778 2129 adhaerebit
1809 2100 1920 2129 vinculo
1951 2100 2096 2129 indissolu-

1251 2146 1296 2174 bili
1319 2154 1428 2174 summo
1449 2151 1476 2175 et
1498 2147 1716 2176 incommutabili
1734 2148 1812 2176 bono.
1829 2165 1866 2168 —
1883 2148 2018 2184 Rogemus
2032 2155 2098 2185 ergo

1250 2193 1390 2221 Christum
1414 2194 1560 2222 Dominum
1584 2198 1723 2228 nostrum,
1747 2198 1777 2223 ut
1798 2195 1837 2223 sic
1859 2203 1908 2223 nos
1933 2195 2013 2224 faciat
2043 2195 2097 2223 ele-

1251 2248 1316 2268 vare
1338 2244 1457 2269 mentem
1481 2247 1601 2269 nostram
1624 2242 1657 2270 ad
1686 2242 1741 2270 Filii
1768 2242 1928 2278 sapientiam
1956 2250 2005 2278 per
2029 2241 2099 2279 fidei

1249 2287 1448 2324 splendorem,
1470 2288 1504 2316 ad
1526 2288 1644 2325 Spiritus
1665 2289 1750 2317 sancti
1767 2289 1938 2317 clementiam
1955 2297 2004 2326 per
2019 2289 2098 2317 eari-

1251 2335 1319 2363 tatis
1341 2335 1489 2369 ardorem,
1506 2336 1537 2364 ad
1556 2336 1641 2364 Patris
1664 2337 1811 2373 potentiam
1828 2344 1877 2373 per
1898 2336 1960 2373 spei
1980 2336 2097 2365 certitu-

1250 2382 1362 2415 dinem,
1384 2386 1415 2410 ut
1437 2383 1575 2419 possimus
1597 2384 1696 2412 mereri
1719 2384 1809 2412 dotem
1832 2387 1944 2420 apertae
1959 2383 2096 2417 visioniS,

1250 2549 1305 2571 Nam
1324 2550 1406 2572 merito
1421 2551 1537 2579 paternae
1555 2549 1691 2573 traditionis
1709 2550 1835 2572 venundati
1854 2555 1935 2571 sumus
1946 2548 1990 2571 sub
2002 2551 2097 2577 peccato

1250 2592 1269 2610 et
1288 2589 1382 2611 omnmo
1399 2590 1501 2611 carnales
1526 2590 1611 2616 effecti3
1629 2589 1670 2612 sed
1684 2589 1789 2619 pretioso
1814 2588 1931 2618 sanquine
1953 2588 2023 2618 quasi
2038 2588 2098 2617 (tyni

1250 2627 1431 2651 illt'oiitaiitstmti
1449 2630 1499 2652 lesu
1519 2628 1606 2652 Clo-isli
1623 2629 1652 2651 ab
1670 2630 1704 2651 illa
1723 2632 1816 2657 paterna
1836 2628 1956 2651 traditione
1971 2634 2052 2650 suiuus
2064 2634 2098 2650 re-

1250 2667 1346 2694 dempti,
1364 2668 1391 2690 ita
1413 2672 1437 2690 iit
1453 2669 1577 2690 vanitatem
1597 2669 1656 2690 illam
1674 2668 1774 2690 evadere
1792 2668 1917 2689 valeamus.
1938 2667 1976 2689 Vei
1992 2666 2096 2696 pretioso

1248 2707 1366 2736 sanquine
1384 2708 1455 2734 ipsius
1474 2708 1525 2730 lesu
1544 2707 1632 2730 Christi
1654 2707 1683 2729 ab
1706 2707 1740 2729 illa
1760 2710 1854 2735 paterna
1873 2706 1994 2728 traditione
2014 2712 2095 2728 sumus

1249 2746 1377 2773 redempti,
1395 2746 1423 2768 ita
1442 2750 1465 2768 iit
1483 2747 1527 2768 iam
1546 2747 1618 2769 essenii
1636 2747 1709 2768 simiis
1721 2749 1746 2768 ut
1757 2745 1815 2775 {igyizi
1827 2744 1975 2768 immaculati?
1986 2746 2008 2767 ei
2019 2744 2096 2767 incon-

1248 2785 1370 2813 taminati,
1388 2786 1497 2813 angelicis
1514 2785 1633 2813 spiritibus
1656 2786 1754 2812 similes,
1772 2784 1813 2814 qni
1832 2790 1874 2807 nec
1890 2783 1979 2807 nubent
1994 2789 2036 2806 nee
2052 2789 2098 2806 nu-

1248 2824 1345 2852 bentur,
1364 2825 1430 2853 qnia,
1448 2825 1558 2847 exstincto
1580 2824 1754 2852 concupiscibili
1781 2824 1871 2851 fomite,
1894 2824 1969 2845 solum
1989 2822 2095 2845 suavitati

1247 2864 1339 2885 divinae
1357 2864 1484 2886 dulcedinis
1503 2864 1580 2886 intenti
1598 2870 1648 2886 csse
1666 2863 1787 2885 debe-iniis.
1807 2863 1837 2884 De
1857 2862 1953 2884 tertio».

1310 2902 1318 2915 ⁰
1338 2904 1400 2925 Veis.
1424 2904 1457 2925 ll.
1474 2910 1522 2932 seq.

1310 2941 1329 2955 ¹⁰
1346 2943 1407 2965 Liltr.
1426 2944 1494 2965 XXll.
1513 2950 1531 2966 c.
1550 2944 1588 2965 30.
1608 2950 1629 2965 n.
1648 2944 1655 2965 i
1667 2960 1672 2970 ,
1691 2943 1711 2964 in
1730 2948 1776 2971 qno
1794 2942 1875 2964 citatur
1894 2943 1907 2963 l.
1925 2941 1977 2964 Cor.
1996 2940 2037 2968 115,
2056 2941 2093 2962 28.

2112 1346 2149 1365 Pei·
2165 1333 2215 1366 tertii

2112 1370 2216 1390 evacuabitis

2143 1394 2203 1413 timor.
2215 1395 2216 1408 ἒ

2114 2152 2217 2172 Conclusio.
