2243 3348
20 923 21 927 =
71 915 97 933 06
109 915 163 933 stella

20 945 21 958 1
57 938 117 960 tertia,
132 943 174 956 eum

17 960 21 970 ”
49 961 178 1008 ’Ἢὲὲἷεῖἓόθ“

15 1050 17 1079 J
59 1055 87 1073 De
99 1059 173 1078 praero-

16 1083 17 1095 1
60 1078 120 1102 gativa
132 1078 169 1101 pri-

96 1106 131 1119 1113.

61 1194 86 1213 De
97 1199 173 1221 praero-

66 1219 126 1241 gativa
138 1222 165 1236 se.-

62 1241 122 1259 cunda
134 1245 167 1264 per

15 1263 17 1269 ’
55 1265 134 1288 optimas
146 1264 174 1282 di·

71 1288 157 1306 visiones.

55 1310 124 1330 Divisio
136 1311 174 1334 pri-

95 1339 131 1352 ma.

81 1846 172 1865 secunda.

103 2125 173 2144 Tertia.

99 2451 175 2474 Quarta.

657 184 699 212 DE
721 185 925 215 ASSUMTIONE
946 187 973 215 B.
996 187 1136 217 VIRGINIS
1156 189 1283 218 MARIAE.
1306 191 1414 220 SERMO
1436 193 1476 221 Vl.

197 257 301 293 potuit;
321 265 371 286 nec
394 259 511 293 mirum,
533 260 598 296 quia
625 261 709 289 solem
732 262 758 290 in
781 265 841 291 rota
872 264 969 292 oculus
990 272 1038 293 no-

196 306 276 332 ctuae
298 303 397 332 intueri
417 313 469 333 non
488 306 572 334 valuit
588 307 606 334 ¹.
628 307 726 343 Cyclus
747 309 817 337 enim
841 309 905 338 solis
925 310 952 337 in
975 310 1039 339 luna

194 349 262 383 suit;
286 350 358 379 unde
389 355 454 381 tunc
483 360 547 381 vere
571 354 679 390 eclipsis
707 355 770 383 solis
797 355 864 389 fuit,
888 356 1038 385 exinanitio

195 396 315 425 Deitatis.
338 397 374 425 Ad
397 398 481 427 huius
501 399 615 435 gratiam
638 401 766 436 puritatis
787 402 949 438 perfectam,
967 411 1037 440 quae

194 443 286 472 verbis
307 452 360 472 non
383 445 486 481 potuit,
508 445 585 474 factis
605 447 828 483 exprimendam,
850 452 881 477 ut
901 449 1035 484 sentiunt,

194 497 258 518 vere
280 491 465 520 sanctificatus
492 495 533 520 est
554 493 681 522 Ieremias
708 494 734 522 in
764 497 843 523 utero
871 498 897 523 et
926 496 1037 525 loannes

193 536 326 573 Baptista3
349 538 393 566 ille
415 546 546 575 expresse
569 540 678 568 modum
705 541 778 569 illius
802 542 975 578 explanavit,
996 543 1035 571 di-

193 591 256 612 cens
272 584 297 612 2:
322 585 418 613 Faciet
442 586 583 614 Dominus
596 595 704 616 novam
725 596 813 624 saper
834 592 962 617 terram:
984 590 1035 617 Fe-

192 630 275 658 mina
296 631 492 660 circumdabit
517 632 615 661 viram
647 636 708 667 etc„
736 637 768 662 ut
795 638 869 670 patet
896 635 1034 664 subtiliter

192 676 318 705 intuenti.
335 677 398 711 lste,
414 678 536 714 inquam,
552 679 663 708 loannes
677 680 761 716 digito
775 680 980 710 demonstravit.
996 682 1034 710 De

191 723 259 757 hac,
288 724 415 760 inquam,
445 725 593 761 purissima
621 727 741 762 puritate
771 726 836 755 dicit
857 727 1034 762 Anselmus³‚

191 770 264 806 quod
291 781 304 795 «
318 778 350 799 ea
364 771 484 807 puritate
505 772 621 805 nitebat,
643 781 697 809 qua
719 773 770 801 sub
786 773 841 801 Deo
862 774 957 810 nequit
977 782 1034 802 ma-

190 816 232 844 ior
254 816 366 853 intelligi
381 828 408 844 ».

270 863 361 891 Tertia
382 864 460 892 stella
481 868 521 893 est
539 864 688 901 plenitudo
701 865 834 901 gratiae,
856 865 968 901 quaein
984 866 1032 894 tri-

190 909 243 938 bus
263 918 374 946 quoque
395 910 533 939 consistit:
555 911 693 947 primum,
715 911 779 948 quia
799 911 866 947 plas
886 911 1033 948 concipere

190 964 243 984 uon
267 957 370 992 potuit;
393 957 557 991 secuudum,
579 957 644 994 quia
664 957 779 986 nnllam
794 957 899 986 bonam
921 957 1032 994 (lesuin

189 1003 312 1036 tertium,
327 1003 400 1039 quod
422 1003 459 1031 ita
479 1003 597 1037 effluxit,
612 1003 685 1040 quod
700 1004 791 1032 omnia
812 1004 933 1040 replens,
947 1004 1032 1041 plena

190 1049 338 1077 remansit.
354 1065 390 1070 —-
408 1049 479 1077 Plas
500 1058 603 1086 capere
622 1059 680 1078 non
698 1051 804 1086 potuit,
819 1051 884 1087 quia
898 1053 959 1087 post
974 1059 1032 1078 esse

189 1095 276 1123 Deum
298 1095 405 1123 nullum
428 1095 529 1124 bonum
552 1095 603 1124 fuit
624 1096 712 1125 maius
733 1104 816 1133 quam
839 1104 897 1124 esse
918 1096 1031 1124 Matrem

189 1142 306 1173 Domini.
330 1142 360 1169 Et
387 1141 420 1170 de
443 1142 493 1170 hoc
514 1142 615 1171 dicitur
637 1142 664 1170 in
692 1143 780 1171 Lucae
802 1143 892 1179 primo
906 1144 933 1170 ⁴¹:
956 1143 1031 1176 Ave,

188 1188 290 1226 yratia
310 1188 404 1225 plena.
427 1205 465 1208 —
480 1188 600 1217 Nullam
616 1188 720 1217 bonam
740 1188 849 1225 deficit,
871 1192 898 1218 et
920 1189 971 1217 hoc
991 1189 1032 1217 di—

189 1235 262 1264 citur
284 1235 310 1263 in
332 1235 420 1264 Lucae
434 1235 554 1263 decimo:
577 1235 676 1263 Maria
692 1236 832 1272 optimam
850 1239 966 1272 partem
981 1235 1032 1264 ele-

189 1281 238 1319 911.
253 1282 309 1318 [psa
324 1282 395 1310 enim
411 1282 437 1310 in
453 1282 581 1311 omnibus
596 1283 674 1311 bonis
688 1283 715 1310 in
730 1283 805 1311 caelo
819 1285 846 1311 et
862 1283 887 1310 iu
903 1285 977 1311 terra
991 1282 1031 1311 di-

191 1328 255 1357 visis
275 1336 311 1357 ex
332 1328 460 1357 omnibus
475 1328 613 1365 optimam
628 1332 742 1365 partem
758 1329 845 1366 clepit.
861 1345 897 1350 —
914 1329 1030 1357 Primam

189 1375 359 1403 divisionem
380 1375 443 1404 fecit
463 1375 657 1404 universorum
683 1383 745 1404 cum
768 1375 909 1403 omnibns.
932 1376 959 1403 ln
982 1376 1031 1404 ho-

189 1421 310 1450 miuibus
331 1421 403 1450 enim
418 1421 489 1450 duae
504 1425 582 1450 erant
598 1424 689 1458 partes
704 1422 800 1455 bonae,
816 1421 919 1450 scilicet
934 1422 1031 1450 activa

188 1470 215 1496 et
236 1467 465 1504 contemplativa.
488 1467 561 1495 Bona
581 1470 622 1496 est
647 1475 712 1504 pars
732 1467 913 1501 activorum,
935 1468 1031 1496 melior

188 1513 490 1550 contemplativorum,
512 1514 559 1542 sed
580 1513 691 1550 optima,
713 1522 784 1550 quae
804 1514 901 1542 habuit
922 1517 1031 1542 utrum-

188 1567 243 1597 que
264 1560 361 1594 simul;
383 1563 409 1588 et
430 1560 501 1588 lianc
522 1560 603 1596 elegit
617 1560 772 1589 beatissima
793 1560 884 1588 Maria.
900 1560 975 1589 Unde
995 1561 1031 1589 si-

188 1606 334 1643 gnificatur
356 1614 405 1643 per
426 1607 559 1635 Martliam
575 1610 602 1635 et
622 1607 747 1640 Mariam,
769 1607 842 1643 quod
857 1610 883 1635 et
897 1607 1031 1636 Dominus

188 1654 246 1690 ipse
267 1653 366 1687 innuit,
387 1653 516 1682 dicendo:
541 1653 695 1690 Optimam.
712 1654 737 1681 Si
760 1654 832 1682 enim
853 1662 907 1682 non
929 1654 1031 1682 voluis-

189 1703 229 1728 set
250 1700 325 1735 (nisi)
347 1700 584 1736 contemplativam
606 1700 710 1728 activae
730 1699 906 1736 praetulisse,
928 1699 1031 1728 dixisse

188 1746 343 1775 debuisset:
375 1746 459 1774 Maria
483 1746 628 1774 meliorem
656 1746 738 1783 elegit
767 1749 889 1782 partem;
917 1746 1031 1775 dicendo

189 1801 255 1822 vero
276 1792 426 1829 optimam,
448 1793 481 1821 de
512 1793 570 1829 ipsa
590 1793 743 1829 specialiter
765 1792 936 1829 intelligitur,
957 1793 1031 1829 quod

189 1839 217 1868 in
238 1842 358 1876 utraque
379 1839 434 1868 vita
455 1839 575 1876 perfecta
596 1839 656 1868 fuit.
679 1855 714 1859 -
736 1839 818 1873 Item,
840 1842 866 1867 et
886 1839 967 1867 aliam
987 1839 1031 1867 cli-

188 1886 326 1914 visionem
348 1886 445 1915 habuit
472 1894 535 1914 cum
561 1885 703 1914 omnibns.
733 1885 845 1922 Triplex
874 1885 946 1914 enim
971 1888 1031 1914 erat

188 1932 260 1961 bona
280 1933 335 1961 vita
355 1933 383 1961 in
405 1932 577 1961 hominibus:
599 1932 782 1969 eoniayacae,
803 1932 910 1960 viduae
924 1934 950 1960 et
971 1932 1030 1960 vir-

187 1979 307 2017 ginalis.
332 1980 414 2007 Bona
435 1982 476 2008 est
490 1986 554 2015 pars
569 1979 794 2015 coniugatorum3
808 1978 921 2012 melior,
937 1978 1030 2007 vidua-

189 2034 267 2061 rum;
290 2026 410 2063 optima,
432 2026 586 2062 virgiuum3
608 2029 635 2053 et
654 2026 723 2054 lianc
748 2025 829 2061 elegit
849 2024 928 2053 beata
949 2024 1031 2061 Virgo

188 2073 281 2106 Maria,
303 2075 330 2100 et
351 2072 389 2101 sic
410 2072 491 2109 clegit
511 2072 651 2109 optimam
673 2072 804 2109 qualitate
822 2074 849 2100 et
869 2071 1030 2108 quantitate,

189 2120 255 2156 quia
275 2120 325 2148 hos
346 2127 441 2148 omnes
456 2122 543 2148 status
558 2119 662 2148 habuit.
679 2135 714 2139 —
727 2119 845 2147 Tertiam
861 2118 1031 2147 divisionem

189 2166 253 2195 fecit
273 2174 336 2195 cum
358 2166 523 2203 virginibus
545 2169 571 2195 et
592 2165 745 2194 matribus.
769 2166 852 2193 Bona
880 2165 951 2194 enim
979 2165 1031 2193 fuit

190 2221 253 2250 pars
275 2216 405 2247 matrum,
426 2213 490 2250 quia
510 2213 668 2242 habuerunt
688 2212 898 2246 fecunditatem;
920 2212 1030 2245 melior,

190 2259 337 2296 virginum,
359 2260 424 2296 quia
446 2259 604 2288 habuerunt
618 2259 776 2295 dignitatem
792 2258 968 2295 virginalem;
984 2258 1031 2286 sed

190 2306 291 2335 iterum
307 2306 463 2335 beatissima
474 2306 557 2343 Virgo
572 2306 712 2342 optimam
725 2309 840 2342 partem
855 2305 945 2342 elegit,
960 2312 1031 2341 quae

190 2352 287 2381 habuit
308 2355 334 2380 et
356 2352 451 2380 matris
472 2352 666 2380 fecunditatem
680 2355 707 2380 et
728 2351 841 2388 virginis
861 2351 1029 2387 dignitatem.

269 2399 400 2435 Quartam
422 2398 592 2426 divisionem
606 2397 669 2426 fecit
684 2405 746 2426 cum
765 2397 820 2425 Deo
835 2400 862 2425 et
876 2397 1030 2425 creaturis.

192 2446 276 2474 Bona
296 2445 348 2474 fuit
368 2453 432 2482 pars
450 2448 659 2478 creaturarum,
681 2452 752 2480 quae
775 2443 922 2472 Dominum
943 2444 1031 2472 Iesum

191 2493 331 2521 Christum
354 2492 450 2521 habuit
473 2492 582 2524 Deam,·
600 2491 701 2519 melior
714 2491 766 2519 fuit
781 2498 845 2527 pars
859 2490 907 2519 Dei
929 2490 1031 2524 Patris,

191 2539 238 2576 qui
262 2539 359 2567 habuit
379 2546 442 2567 eum
465 2538 588 2566 Filiam:
610 2537 749 2574 optimam
770 2545 836 2573 ergo
858 2539 963 2573 partem
978 2537 1032 2565 ele-

1879 198 1934 227 703

1095 265 1135 302 git
1149 274 1220 303 quae
1234 274 1298 295 eum
1320 271 1346 296 et
1362 269 1452 297 Deam
1467 273 1494 299 et
1508 271 1618 300 Filium
1633 273 1737 301 habuit.
1753 290 1789 293 —
1804 274 1932 310 Quintam

1095 311 1264 340 divisionem
1287 314 1383 343 habuit
1398 323 1459 344 cum
1476 316 1590 353 Spiritu
1603 322 1712 347 sancto.
1728 319 1846 356 Spiritus
1860 321 1933 349 enim

1094 360 1205 386 sauctus
1225 359 1348 394 procedit
1368 368 1384 388 a
1404 361 1484 395 Filio,
1510 363 1556 391 sed
1586 372 1640 392 non
1671 365 1753 393 Filius
1783 373 1799 394 a
1829 366 1933 403 Spiritu

1094 406 1202 437 sancto;
1225 404 1271 432 sed
1292 404 1372 433 beata
1393 406 1474 443 Virgo
1502 409 1624 444 procedit
1651 418 1667 438 a
1694 411 1773 444 Filio,
1795 415 1822 440 et
1849 412 1932 441 Filius

1092 449 1126 477 ab
1146 449 1213 485 ipsa.
1236 466 1273 471 —
1294 451 1404 480 Sextam
1423 453 1592 483 divisionem
1605 456 1669 484 fecit
1683 464 1745 485 cum
1762 458 1852 492 Filio,
1868 466 1931 487 cum

1092 502 1147 531 quo
1167 495 1259 524 divisit
1279 505 1395 534 regnum
1417 500 1564 534 caelorum,
1586 502 1665 531 cuius
1685 503 1756 532 duae
1776 507 1854 533 erant
1868 513 1931 541 par-

1092 544 1142 575 tes,
1163 542 1278 571 iustitia
1298 547 1325 572 et
1349 545 1561 575 misericordia.
1590 548 1670 577 Beata
1690 550 1773 586 Virgo
1800 551 1930 587 optimam

1091 587 1141 616 sibi
1163 588 1252 625 elegit,
1274 590 1339 626 quia
1359 590 1429 620 facta
1449 596 1490 620 est
1512 595 1616 631 reqina
1647 596 1881 631 misericordiae,
1903 601 1930 626 et

1090 633 1173 662 Filius
1194 635 1253 663 eius
1274 637 1404 665 remansit
1425 646 1478 666 reoe
1498 638 1643 674 iztstitiae;
1664 644 1691 669 et
1704 642 1800 670 melior
1823 643 1929 672 miseri-

1091 680 1183 708 cordia
1203 688 1286 717 quam
1308 682 1421 716 iustitia,
1435 685 1501 720 quia
1514 687 1711 722 superexaltat
1725 688 1930 718 misericordia

1091 726 1235 755 indiciam
1246 727 1267 761 ⁵,
1289 730 1316 756 et
1336 729 1535 759 miserationes
1548 732 1611 760 eius
1623 742 1711 770 saper
1726 736 1825 764 omnia
1840 744 1929 773 opera

1089 772 1159 800 eius.
1181 790 1219 793 -
1240 774 1315 808 116111,
1336 775 1479 811 septimam
1501 777 1668 807 diuisionem
1683 780 1745 809 fecit
1760 789 1822 810 cum
1838 782 1928 816 Filio,-

1089 818 1172 847 Filius
1192 820 1264 848 enim
1286 821 1361 849 sedet
1381 822 1415 849 ad
1435 822 1578 852 dexteram
1601 825 1687 854 Patris
1697 826 1718 860 θ,
1733 827 1759 855 in
1775 828 1927 864 potioribus

1089 863 1168 892 bonis
1182 865 1283 899 Patris;
1299 869 1327 894 et
1340 868 1443 904 regina
1458 873 1537 897 astat
1550 879 1569 898 a
1584 871 1694 900 dextris
1708 873 1781 906 Filii;
1796 873 1887 903 Glossa
1900 875 1926 902 ⁷:

1089 910 1195 938 Scilicet
1220 922 1233 935 «
1249 911 1275 939 in
1295 913 1447 948 potioribus
1461 914 1539 943 bouis
1550 927 1563 941 ι)
1588 917 1661 951 Filii3
1677 918 1722 946 sed
1738 919 1808 947 inter
1823 920 1928 956 potiora

1088 956 1179 991 potius
1200 957 1252 985 hoc
1273 961 1314 986 est
1327 959 1477 995 optimum:
1500 968 1564 998 ergo
1579 963 1707 998 optimam
1727 967 1832 1000 partem
1848 966 1928 1003 elegit

1088 1002 1139 1031 sibi
1154 1003 1245 1031 Maria.
1269 1004 1299 1033 Et
1320 1005 1358 1034 sic
1379 1009 1467 1042 patet,
1490 1008 1607 1044 qualiter
1629 1010 1736 1038 nullum
1759 1011 1860 1040 bonum
1876 1012 1927 1041 sibi

1087 1048 1214 1078 defuerit.

1166 1096 1298 1131 Tertium,
1319 1098 1345 1126 in
1362 1107 1417 1135 quo
1432 1100 1595 1129 consistebat
1609 1102 1758 1138 plenitudo,
1780 1104 1839 1138 fuit,
1854 1105 1926 1141 quod

1088 1142 1126 1170 ita
1146 1142 1271 1179 effluxit,
1293 1145 1365 1181 quod
1388 1146 1478 1174 omnia
1499 1148 1598 1184 replet,
1620 1151 1647 1177 et
1668 1151 1757 1178 tamen
1775 1150 1862 1186 plena
1884 1159 1926 1179 re-

1087 1189 1194 1217 mansit.
1217 1190 1292 1218 Unde
1311 1190 1364 1219 11111
1386 1192 1451 1220 haec
1472 1193 1612 1228 plenitudo
1631 1194 1737 1231 fontis,
1758 1197 1804 1232 qui
1831 1205 1927 1233 super-

1087 1235 1185 1271 plenus
1206 1236 1329 1271 effluxit3
1352 1238 1425 1267 unde
1445 1239 1542 1268 Esther
1557 1240 1737 1269 undecimoss:
1760 1243 1837 1270 Fons
1854 1251 1927 1279 par-

1080 1290 1142 1309 ·vas
1162 1283 1250 1311 crevit
1271 1283 1303 1311 in
1329 1283 1451 1320 flaviam
1481 1286 1646 1315 maximum
1674 1291 1723 1316 etc.
1746 1289 1829 1322 Item,
1860 1290 1927 1321 haec

1086 1328 1227 1364 plenitudo
1248 1332 1288 1357 est
1310 1338 1358 1366 per
1380 1331 1491 1360 modum
1512 1332 1606 1366 vasis,
1627 1333 1674 1361 sed
1694 1334 1774 1362 vasis
1795 1335 1927 1363 admira-

1088 1374 1170 1407 bilis;
1198 1375 1271 1403 unde
1299 1376 1518 1406 Ecclesiasticus:
1552 1379 1608 1407 Vas
1636 1379 1826 1414 admirabile,
1855 1389 1927 1417 opas

1088 1420 1207 1449 Excelsi.
1223 1422 1323 1450 Tribus
1337 1423 1426 1451 causis
1440 1423 1541 1452 dicitur
1555 1432 1609 1452 vas
1623 1425 1813 1454 admirabile.-
1825 1427 1926 1463 prima,

1087 1467 1152 1503 quia
1166 1467 1300 1496 continuit
1315 1468 1340 1497 iu
1355 1469 1493 1498 infinitum
1509 1470 1597 1499 maius
1611 1478 1640 1499 se
1654 1471 1721 1507 ipsa,
1741 1482 1754 1497 ε(
1766 1473 1830 1508 quia
1844 1480 1926 1509 quem

1087 1513 1152 1542 caeli
1174 1522 1272 1550 capere
1293 1523 1345 1543 non
1368 1518 1494 1552 poterant
1509 1519 1556 1544 tuo
1570 1517 1675 1553 gremio
1696 1519 1872 1547 contulisti».
1888 1536 1926 1540 -

1087 1559 1227 1594 Secunda,
1248 1560 1312 1597 quia
1333 1562 1467 1590 continuit
1487 1562 1596 1591 diversa
1623 1563 1681 1592 sine
1708 1564 1812 1598 medio,
1834 1568 1925 1594 tamen

1087 1605 1278 1642 impermixta;
1294 1610 1320 1635 et
1341 1607 1380 1636 sic
1401 1608 1459 1644 ipsa
1479 1608 1573 1637 vinum
1593 1609 1747 1638 Divinitatis
1778 1613 1804 1638 et
1824 1618 1924 1647 aquam

1087 1651 1264 1681 humanitatis
1286 1653 1469 1689 impermixtis
1489 1655 1704 1691 proprietatibus
1724 1659 1750 1684 et
1772 1657 1877 1685 naturis
1898 1657 1924 1685 in

1087 1705 1115 1726 se
1136 1698 1246 1727 inclusit
1261 1699 1280 1727 ⁹.

1165 1746 1268 1781 Quarta
1281 1746 1359 1775 stella
1372 1746 1429 1775 sive
1440 1748 1628 1784 praerogativa
1643 1750 1684 1777 est
1696 1748 1824 1785 perfecta
1837 1749 1859 1766 ¹⁰
1873 1749 1926 1778 Dei

1087 1791 1118 1819 in
1139 1792 1189 1820 via
1210 1793 1408 1829 contemplatio
1429 1796 1455 1822 et
1476 1794 1597 1830 mysterii
1619 1795 1813 1824 iucarnationis
1833 1796 1924 1832 cogni-

1088 1838 1139 1872 tio,
1161 1846 1281 1875 quorum
1302 1841 1455 1876 utrumque
1476 1840 1572 1868 habuit
1592 1841 1619 1869 in
1641 1841 1700 1875 via,
1721 1842 1846 1878 quamvis
1869 1850 1923 1870 non

1086 1884 1120 1913 de
1134 1884 1193 1919 via3
1208 1888 1235 1913 et
1249 1885 1333 1914 huius
1346 1889 1541 1923 argumentum
1556 1887 1628 1922 (est),
1650 1888 1723 1924 quod
1737 1888 1840 1916 nullam
1855 1892 1925 1925 post-

1087 1931 1198 1960 modum
1219 1931 1316 1960 factam
1338 1932 1388 1969 ipsi
1410 1933 1525 1970 legimus
1546 1934 1748 1962 revelationem.
1770 1935 1844 1963 Unde
1874 1942 1924 1964 uec

1087 1977 1320 2014 transfigurationi
1342 1979 1474 2013 interfuit,
1496 1988 1545 2008 nec
1560 1980 1651 2017 aliqua
1672 1980 1696 2008 ei
1718 1983 1778 2017 post
1798 1988 1923 2010 resurre-

1086 2024 1203 2052 ctionem
1218 2024 1287 2053 facta
1308 2024 1360 2053 fuit
1380 2026 1523 2062 apparitio,
1545 2026 1610 2063 quia
1628 2026 1655 2054 in
1676 2026 1729 2055 fide
1750 2027 1848 2055 instrui
1870 2035 1923 2056 non

1086 2070 1212 2107 indiguit,
1234 2079 1304 2107 quae
1325 2072 1446 2100 omnium
1478 2076 1648 2101 secretorum
1679 2080 1786 2109 semper
1818 2074 1924 2102 conscia

1086 2116 1151 2151 suit,
1173 2120 1204 2145 111
1225 2118 1313 2154 patuit
1334 2118 1360 2146 in
1382 2119 1494 2155 nuptiis
1509 2120 1540 2147 ¹¹.
1563 2119 1636 2154 Ideo,
1658 2120 1766 2156 quando
1788 2120 1923 2156 praescia,

1087 2164 1153 2200 quid
1173 2164 1256 2192 Filius
1275 2164 1364 2193 facere
1386 2165 1480 2199 voluit,
1501 2165 1572 2193 dixit
1593 2166 1739 2194 ministris:
1762 2166 1924 2201 Quodcum-

1087 2218 1140 2247 que
1161 2210 1267 2238 dixerit
1287 2210 1382 2245 vobis,
1397 2210 1494 2248 facite.
1509 2211 1584 2240 Unde
1598 2212 1767 2240 Bernardus:
1793 2223 1806 2237 «
1827 2212 1924 2240 Virtus

1088 2256 1233 2285 Altis-simi
1246 2256 1429 2285 obumbrabit
1442 2257 1500 2286 tibi.
1519 2258 1576 2293 Qui
1591 2261 1684 2294 potest
1701 2266 1802 2294 capere
1816 2258 1923 2294 capiat.

1088 2303 1154 2339 Quis
1174 2303 1256 2337 enim,
1277 2306 1393 2340 excepta
1412 2304 1458 2332 illa
1478 2312 1549 2340 quae
1570 2304 1622 2332 hoc
1642 2304 1699 2332 sola
1723 2304 1749 2332 in
1778 2311 1806 2332 se
1826 2304 1924 2332 felicis-

1088 2349 1156 2378 sime
1177 2349 1279 2378 meruit
1299 2350 1431 2386 experiri,
1456 2350 1596 2379 intellectu
1617 2358 1730 2386 capere,
1752 2350 1857 2378 ratione
1884 2350 1924 2378 di-

1088 2404 1216 2425 scernere
1229 2396 1322 2432 possit,
1334 2396 1452 2433 qualiter
1466 2396 1593 2433 splendor
1611 2396 1655 2425 ille
1670 2396 1861 2425 inaccessibilis
1873 2396 1925 2425 vir-

1088 2443 1175 2480 gineis
1190 2443 1341 2471 visceribus
1356 2450 1385 2471 se
1398 2443 1540 2477 infuderit,
1556 2445 1582 2471 et
1596 2445 1627 2471 ut
1645 2442 1690 2471 illa
1710 2442 1923 2471 inaccessibilem

1088 2489 1217 2518 accedere
1238 2489 1270 2517 ad
1293 2497 1321 2517 se
1341 2489 1415 2518 ferre
1436 2489 1583 2525 potuisset,
1604 2489 1637 2517 de
1661 2489 1835 2525 portiuncula
1855 2489 1925 2517 eius-

1088 2535 1148 2564 dem
1165 2535 1296 2571 corporis,
1312 2535 1355 2564 cui
1371 2543 1400 2564 se
1412 2535 1546 2563 animatae
1560 2535 1783 2571 contemperavit,
1802 2535 1924 2572 reliquae

255 2691 261 2703 ¹
280 2692 325 2713 Ct‘r.
343 2691 441 2717 Aristot.‚
460 2691 482 2712 11.
500 2690 597 2717 Metapli.
615 2692 666 2712 text.
688 2690 706 2711 1.
723 2688 823 2711 brevior.
842 2695 861 2712 6.
881 2690 900 2711 l.
918 2702 948 2705 —
965 2689 1033 2717 Quod

193 2731 296 2759 sequitur
313 2733 346 2752 est
363 2730 488 2752 obscurum
506 2732 539 2755 et,
556 2732 581 2751 ut
598 2728 697 2756 videtur,
714 2731 857 2756 corruptum.

255 2769 263 2782 2
282 2771 323 2792 ler.
340 2770 377 2796 31,
396 2770 437 2796 2⁵2,
455 2768 494 2790 ubi
513 2769 623 2795 Vulgata:
642 2766 735 2790 (Ji-eavit
752 2766 865 2790 Dominus
881 2769 924 2789 etc.

255 2809 264 2822 ³
283 2810 313 2831 De
330 2808 446 2836 Couceptu
464 2807 523 2834 virg.
541 2812 560 2829 e.
581 2807 616 2829 18.

255 2848 264 2860 ⁴
281 2848 346 2870 Vers.
364 2848 406 2875 28;
423 2846 526 2874 sequitur
543 2852 564 2868 6.
583 2846 625 2872 10,
643 2845 679 2867 42.

256 2887 264 2899 ⁵
282 2889 323 2909 lac.
341 2887 362 2914 2,
383 2886 420 2912 l3;
439 2885 492 2907 dein
509 2886 544 2907 ΡΒ.
566 2884 615 2911 144,
632 2884 653 2906 9.

256 2924 265 2937 '³
282 2925 410 2952 Respicitur
427 2924 494 2946 Marc.
512 2924 554 2949 116,
572 2923 608 2945 ts.
626 2925 647 2945 et
665 2923 699 2944 ΡΞ.
717 2922 758 2949 44,
777 2922 812 2944 10.

257 2963 265 2976 ⁷
284 2962 414 2986 Ordinaria
431 2962 459 2984 ad
477 2963 511 2984 Ps.
530 2961 582 2988 109,
599 2962 621 2983 1.
643 2961 706 2989 apud
727 2961 855 2988 Lyranum:
882 2968 892 2980 α
905 2960 922 2982 Α
941 2958 1030 2982 demit-is

1088 2688 1153 2716 meis,
1172 2689 1192 2710 111
1205 2687 1333 2716 potioribus
1350 2687 1416 2709 bouis
1433 2687 1490 2709 meis
1502 2696 1522 2708 n.
1535 2699 1565 2702 —
1577 2687 1634 2708 lnsra
1652 2686 1703 2708 cod.
1715 2685 1784 2708 habet
1801 2685 1845 2707 sic:
1857 2684 1924 2714 ople's-

1088 2726 1175 2749 simum
1188 2726 1211 2754 (l)
1230 2728 1250 2748 el
1268 2725 1390 2755 optimam.

1150 2764 1159 2776 Β
1176 2765 1241 2786 Vei-s.
1260 2765 1300 2791 111);
1318 2766 1445 2792 sequuntur
1467 2763 1532 2785 Eccli.
1551 2763 1587 2789 43,
1604 2764 1629 2788 Εἰς

1088 2804 1198 2830 Respons.
1218 2804 1238 2825 l.
1254 2803 1363 2824 Nocturni
1381 2803 1394 2824 l.
1412 2803 1435 2824 in
1452 2801 1522 2824 Festis
1540 2802 1564 2823 B.
1583 2801 1608 2822 V.
1626 2801 1653 2822 M.

1150 2840 1159 2853 ⁹
1177 2842 1243 2863 Deest
1259 2841 1322 2863 tertia
1339 2846 1415 2863 causa.

1655 2762 1708 2784 dein
1733 2762 1833 2784 Breviar.
1858 2762 1923 2783 Rom.

1673 2837 1691 2851 ¹⁰
1708 2838 1764 2861 Cod.
1781 2837 1922 2867 imperfecta.

1150 2879 1168 2892 ¹¹
1187 2880 1238 2902 Scil.
1255 2880 1277 2901 in
1295 2879 1355 2901 Cana
1366 2878 1484 2904 Galilaeae,
1496 2879 1556 2900 toan.
1568 2878 1589 2905 2,
1603 2878 1623 2899 l.
1635 2883 1700 2905 seqq.
1711 2889 1741 2893 -
1754 2876 1860 2904 Sequitur
1874 2876 1925 2898 Bor-

1088 2919 1160 2945 06111,
1177 2918 1255 2940 11011111.
1273 2918 1293 2939 4.
1311 2923 1381 2945 super
1398 2916 1485 2939 Missus
1501 2917 1541 2943 est,
1560 2922 1581 2938 11.
1599 2915 1620 2943 4,
1637 2915 1676 2938 ubi
1694 2915 1814 2943 respicitur
1831 2915 1885 2937 Luc.
1904 2915 1924 2942 l,

1088 2957 1124 2980 35.
1141 2959 1163 2979 et
1180 2957 1254 2979 lllattli.
1272 2957 1308 2982 19,
1326 2956 1363 2978 42.

1950 283 2025 306 Quinta.

1948 467 2012 486 Sexta.

1945 790 2034 814 Septima.

1945 1112 1971 1131 De
1985 1118 2059 1137 praero-

1948 1137 2010 1178 361111ἰέ
2013 1138 2058 1177 ‘ter-

1954 1758 1980 1777 De
1993 1759 2047 1777 stella

1965 1784 2037 1805 quarta.
