2243 3348
241 1786 319 1805 Divisio.

192 2069 277 2088 Virtutes
293 2073 322 2087 re-

207 2092 321 2116 spondentes

220 2116 231 2134 9
243 2116 305 2134 choris

200 2140 320 2163 Angelorum.

333 160 371 188 Sti
975 155 1148 186 SERMONES
1169 155 1212 183 DE
1234 154 1397 183 TEMPORE.

333 237 488 274 praeconii3
511 237 623 266 secundi
653 237 877 273 Paralipomenon
907 235 1038 272 vigesimo
1067 242 1138 262 nono
1155 234 1179 261 ¹:

340 284 393 313 Vos
414 284 494 322 eleyit
517 284 673 317 Dominus,
695 287 729 312 ut
755 283 835 312 stetis
859 290 963 311 eoram
990 290 1020 310 eo
1041 284 1066 309 et
1093 280 1180 309 min-i-

334 330 431 359 sti-etis
462 330 504 360 illi
534 330 691 367 colatisque
718 338 784 358 eum
812 333 837 357 et
868 328 999 357 cremetis
1029 327 1055 356 ei
1085 327 1181 356 incen-

333 386 409 405 sum.
424 394 463 397 —
484 377 645 405 Virtutibus
660 384 709 413 per
726 376 949 405 victoriositatem
967 374 1108 404 domestici
1131 374 1182 402 ini-

334 423 413 457 mici;
435 423 571 452 secundae
591 423 624 451 ad
646 423 803 451 Corinthios
830 426 911 451 sexto
925 423 951 450 2;
983 422 1019 450 In
1047 420 1182 450 omnibus

335 469 521 499 exhibea-mus
541 470 730 506 nosmetipsos
761 469 839 498 sieut
871 469 922 497 Dei
952 469 1122 502 ministros,
1150 467 1181 496 in

335 517 428 546 multa
446 517 602 554 patientia,
617 517 647 545 in
663 515 903 544 tribulationibus
917 519 980 549 etc,
995 515 1025 543 in
1041 515 1181 548 castitate,

335 564 367 592 in
386 564 509 592 seientia
528 566 579 592 etc.
609 579 646 585 --
677 562 871 591 Potestatibus
892 570 940 599 per
962 562 1120 591 fidelitatem
1142 562 1182 590 di-

336 610 390 638 vini
406 610 471 643 zeli;
488 610 594 646 primae
608 610 642 639 ad
657 609 832 638 Timotheum
847 612 947 646 quarto
963 609 989 637 ³:
1009 610 1110 637 Bonus
1124 609 1182 637 ems

336 657 467 685 minister
487 655 596 686 Christi
612 657 686 690 lesu,
702 656 849 685 enutritus
865 655 958 684 uerbis
971 655 1040 691 fidei
1053 658 1078 683 et
1093 655 1182 683 bonae

335 704 495 737 doetrinae,
516 712 605 742 quam
628 707 779 733 assecutus
800 712 837 732 es.
860 720 896 724 —
928 702 1182 731 Dominationibus

335 758 384 787 per
407 750 576 779 nobilitatem
598 750 710 787 ingenui
738 750 837 784 animi3
866 749 1002 779 secundae
1030 749 1064 778 ad
1092 749 1182 777 Timo—

336 796 431 826 theum
454 796 575 826 secundo
589 797 616 824 4:
639 796 756 825 Labora
776 797 853 825 sieut
868 796 959 824 bonus
973 795 1054 824 miles
1075 794 1184 824 Christi

338 843 409 872 Iesu.
432 860 470 864 —-
498 842 622 872 Thronis
644 852 693 880 per
715 843 929 872 uniformitatem
952 843 1063 872 stabiliti
1083 850 1182 879 propo-

336 890 395 924 siti;
412 890 548 920 secundae
564 890 634 920 Petri
650 891 739 927 primo
751 891 777 918 ⁵:
794 890 957 919 illinistrate
974 890 1002 918 in
1017 889 1073 926 fide
1088 893 1183 917 vestra

338 937 482 971 Uirtutem,
499 937 528 966 in
543 937 650 966 virtute
671 941 768 966 autent
783 937 934 965 scientiam
950 940 1001 965 etc.
1022 953 1058 957 —
1076 935 1184 965 Cheru-

337 983 394 1011 bim
422 991 471 1020 per
493 984 729 1020 perspicacitatem
756 983 951 1012 sursumactivi
981 982 1097 1020 ingenii;
1120 983 1185 1011 Pro-

338 1030 498 1059 verbiorum
519 1030 624 1060 decimo
645 1034 746 1067 quarto
761 1030 786 1058 ⁶:
812 1033 954 1067 Acceptus
975 1034 1015 1058 est
1036 1030 1100 1067 reyi
1129 1029 1184 1058 mi-

336 1076 427 1105 nister
449 1077 615 1114 iutelliyens.
638 1093 676 1097 —
697 1076 850 1114 Seraphim
874 1085 922 1114 per
943 1076 1183 1105 incessabilitatem

336 1123 442 1151 accensi
465 1123 609 1157 desiderii3
630 1124 754 1152 Psalmus
770 1124 796 1152 ⁷:
817 1124 875 1159 Qui
887 1122 966 1160 facis
982 1123 1106 1160 Anyelos
1121 1126 1185 1150 tuos

335 1170 461 1207 spiritus
481 1174 506 1199 et
526 1171 679 1199 ministros
699 1174 764 1199 tuos
786 1171 880 1208 iynem
903 1174 1042 1199 urentem.

659 1273 749 1301 Sicanio
772 1272 828 1300 XIV
843 1272 862 1300 ⁸.

406 1370 485 1399 Item,
506 1377 585 1395 sermo
598 1370 686 1395 fratris
699 1370 890 1395 Bonaventurae
902 1370 984 1395 factus
1003 1370 1086 1394 Remis
1105 1370 1130 1394 in
1150 1376 1187 1400 sy-

336 1413 399 1437 nodo
418 1413 564 1444 Metropolis
577 1413 653 1442 illins,
671 1420 753 1438 coram
774 1413 887 1438 omnibus
906 1413 1027 1443 praelatis
1046 1413 1187 1443 provinciae

336 1456 494 1487 cougregatis
514 1456 610 1480 ibidem.

416 1546 463 1574 Sic
485 1554 537 1574 nos
558 1546 700 1575 existimet
721 1546 805 1574 homo
840 1550 870 1574 ut
899 1546 1049 1575 ministros
1077 1545 1188 1575 Christi

337 1596 361 1622 et
382 1592 597 1630 dispensatores
618 1594 825 1631 mysteriorum
852 1594 919 1628 Dei,
949 1594 1054 1630 primae
1075 1594 1108 1622 ad
1137 1594 1187 1622 Co-

336 1639 454 1668 rinthios
476 1643 576 1676 quarto
591 1641 610 1668 ⁹.

414 1687 574 1723 Apostolus,
601 1687 703 1715 zelator
731 1688 888 1716 animarum
918 1688 1187 1721 universalissimus,

338 1733 467 1762 hortatur
489 1734 627 1770 praelatos
649 1734 783 1763 Ecclesiae
805 1738 832 1763 et
859 1734 887 1763 in
909 1735 949 1763 eis
975 1735 1070 1763 fideles
1091 1742 1188 1763 omnes

336 1780 370 1809 ad
391 1780 462 1813 duo,
485 1781 589 1809 scilicet
609 1781 643 1809 ad
674 1781 748 1809 vitae
769 1781 951 1819 eoanyelicae
969 1782 1131 1818 puritatem
1161 1785 1188 1810 et

337 1828 487 1856 commissi
507 1827 597 1865 officii
610 1836 659 1856 seu
675 1828 796 1857 concessi
812 1828 874 1857 doni
890 1829 1101 1857 exsecutionem
1118 1828 1187 1865 sitle-

337 1874 399 1903 lem.
423 1875 557 1909 Primum,
579 1875 632 1903 ibi:
656 1875 703 1903 Sic
724 1884 776 1903 nos
798 1875 941 1903 existin'zet
961 1874 1044 1904 hoino
1073 1880 1106 1904 ut
1133 1876 1187 1904 mi—

336 1921 446 1951 nistros
478 1921 604 1954 Christi;
632 1922 802 1956 secundum,
831 1922 884 1951 ibi:
920 1926 945 1951 et
972 1923 1188 1959 dispensatores

336 1968 546 2006 *ittysteriorum
569 1968 628 1997 Dei.

416 2015 570 2044 Notandum
593 2023 672 2052 erge,
694 2016 768 2053 quod
790 2017 838 2053 qui
862 2017 921 2045 vult
941 2017 1036 2045 haberi
1061 2017 1187 2045 minister

338 2062 440 2091 Christi
462 2070 546 2091 verus
567 2062 648 2091 debet
663 2063 766 2092 habere
781 2072 833 2100 pro
847 2071 927 2100 posse
942 2072 993 2092 suo
1007 2063 1189 2101 diligentiam

338 2110 487 2146 angelicam
508 2109 536 2137 in
558 2109 714 2140 meditando
746 2111 962 2143 rationabiliter;
992 2111 1128 2139 secundae
1155 2111 1189 2139 ad

338 2157 513 2185 Timotheum
536 2157 633 2185 ultimo
650 2157 686 2184 ¹⁰:
716 2158 758 2186 Tu
783 2166 848 2186 vero
868 2158 970 2195 viyila,
996 2158 1027 2186 in
1055 2158 1190 2186 omnibus

339 2203 459 2237 labora,
482 2212 556 2241 opus
576 2203 627 2241 sae
648 2204 855 2241 euangelistae,
884 2205 1081 2233 ministerium
1105 2208 1187 2233 luunt

340 2251 433 2288 imple.
449 2268 488 2271 —
504 2251 727 2280 Prouidentiam
742 2252 962 2289 archangelicam
983 2253 1009 2280 in
1025 2252 1131 2289 agendo
1145 2260 1189 2281 ac-

340 2299 528 2335 ceptabilitcr;
552 2298 766 2327 Proverhiorum
788 2299 894 2327 decimo
923 2301 1073 2336 quarto¹¹:
1103 2301 1189 2328 Acce—

336 2349 407 2382 ptus
428 2350 468 2374 est
489 2346 553 2383 regyi
566 2346 703 2374 minis-ter
718 2346 886 2383 intettz'yens.
903 2363 940 2367 -—
957 2346 1187 2375 Sanetimonianz

339 2392 498 2425 virtuticam
521 2393 549 2421 in
575 2392 766 2421 conversando
795 2393 1093 2430 irrepreliensibiliter;
1117 2394 1190 2422 Psal-

339 2447 402 2471 mus
414 2440 451 2467 ¹²:
475 2440 640 2469 Anibulans
655 2440 687 2468 in
701 2440 751 2468 via
766 2440 971 2474 immaculata,
988 2440 1033 2469 hie
1047 2439 1122 2469 mihi
1135 2441 1189 2469 mi-

340 2486 494 2517 nistrabat.
527 2504 565 2507 —
592 2487 782 2524 Viyilantiam
811 2487 999 2523 potestaticam
1030 2488 1055 2515 in
1085 2488 1190 2516 orando

340 2534 494 2567 ferventem
519 2534 595 2563 loelis
610 2534 730 2562 secundo
743 2534 778 2561 ¹¹⁵:
807 2534 887 2562 Inter
907 2534 1081 2562 vestibulum
1102 2538 1128 2562 et
1148 2534 1188 2562 al-

342 2584 404 2608 tare
424 2580 583 2616 plorabunt
604 2580 778 2615 sacerdotes,
800 2580 932 2609 ministri
955 2581 1088 2614 Domini,
1104 2584 1128 2608 et
1144 2581 1187 2609 di-

1238 236 1315 261 cent:
1345 232 1441 260 Parce
1472 232 1607 266 Domine,
1635 240 1725 268 parce
1752 233 1858 270 populo
1890 237 1938 262 tuo
1967 237 2018 263 etc.
2045 251 2084 256 -ν

1240 279 1438 308 Reoerentiam
1460 278 1668 315 principaticam
1690 279 1717 308 in
1749 280 1927 317 obsequendo
1947 282 2083 318 regulari-

1238 329 1296 359 ter;
1319 325 1431 354 secundi
1464 325 1689 362 Paralipomenon
1711 326 1843 363 vigesimo
1873 327 1997 355 non0¹⁴t
2029 328 2082 357 Vos

1238 372 1318 409 eleyit
1340 372 1500 405 Dominus,
1523 375 1554 400 ut
1574 372 1654 400 stetis
1675 381 1776 401 corant
1801 382 1831 401 eo
1860 377 1885 401 et
1912 374 2084 403 ministretis

1239 419 1283 448 illi
1303 419 1460 457 colatisque
1480 427 1547 447 eum
1567 422 1592 447 et
1613 420 1743 448 cremetis
1763 420 1790 449 ei
1810 420 1968 449 incensum.
1985 438 2020 441 —
2037 421 2084 459 Ef-

1238 465 1375 503 sicaeiam
1396 465 1590 494 dominaticam
1609 466 1635 494 in
1652 466 1825 495 consistendo
1840 467 2006 504 prudenter;
2030 468 2085 505 pri-

1239 521 1299 541 mae
1321 512 1353 541 ad
1376 512 1551 541 Timotheum
1573 515 1673 549 quarto
1686 513 1723 541 15:
1746 513 1824 542 Haec
1838 522 2004 551 proponens
2022 514 2085 552 fra-

1240 559 1351 593 tribus,
1374 559 1465 588 bonus
1487 559 1545 588 eris
1559 559 1693 588 minister
1709 559 1818 589 Christi
1835 561 1918 595 Iesu,
1939 562 2085 591 enutritus

1239 607 1334 635 verbis
1354 606 1423 643 fidei
1443 610 1494 635 etc.
1516 623 1554 627 -—
1577 606 1807 636 Benevolentiam
1829 608 1984 637 thronicam
1999 609 2026 637 in
2042 617 2085 638 sa-

1240 653 1398 682 tisfaciendo
1409 656 1565 690 gratanter;
1581 653 1662 682 Marci
1676 653 1782 682 decimo
1795 654 1832 682 16;
1847 655 2027 693 Quicumque
2038 663 2086 684 vo-

1240 700 1326 728 luerit
1346 700 1413 737 fieri
1432 701 1530 729 maior
1552 701 1608 729 erit
1637 704 1729 729 vester
1758 701 1900 729 minister.
1923 718 1962 722 -—
1983 702 2086 731 Intelli-

1237 747 1368 784 qentiam
1389 747 1566 776 cherubicam
1590 747 1616 775 in
1638 747 1790 776 erudiendo
1811 748 1966 784 sapienter;
1981 749 2086 786 primae

1239 793 1273 821 ad
1294 793 1450 821 Corinthios
1470 793 1567 822 ultimo
1581 794 1618 822 ¹⁷:
1643 795 1676 822 ln
1697 794 1894 823 ministerium
1915 799 2087 824 sanctorum

1240 840 1453 869 ordinaverunt
1479 850 1508 869 se
1536 841 1631 878 ipsos,·
1659 841 1795 870 secundae
1817 842 1888 870 Petri
1910 842 2015 879 primo:
2037 843 2086 871 Mi-

1240 887 1364 916 nistrate
1385 887 1415 915 in
1436 887 1492 924 sicle
1512 892 1610 917 vestra
1636 888 1785 922 virtutem,
1808 888 1840 916 in
1860 888 1969 917 virtute
1988 893 2086 918 autem

1240 935 1400 963 seienticun.
1423 952 1460 955 —
1484 938 1503 964 Α
1510 935 1654 973 (lecticam
1676 936 1847 973 seraphicam
1868 936 1895 964 in
1916 936 2033 965 amando
2061 939 2088 965 et

1240 981 1421 1010 desiderando
1442 983 1625 1017 incessanter;
1649 983 1823 1012 Psalmusffl:
1847 983 1906 1019 Qui
1924 982 2002 1020 facis
2025 984 2084 1011 An-

1240 1028 1316 1065 9elos
1338 1033 1402 1057 tuos
1416 1029 1541 1066 spiritus
1556 1034 1580 1058 et
1594 1030 1747 1059 ministros
1761 1034 1826 1058 tuos
1838 1030 1933 1067 igynem
1948 1034 2086 1058 urentem.

1563 1116 1655 1144 SERMO
1675 1115 1721 1143 XV
1734 1115 1765 1143 ¹⁹.

1321 1201 1357 1229 In
1378 1201 1513 1229 omnibus
1534 1200 1721 1231 exhibeamus
1741 1202 1931 1240 nosmetipsos
1946 1202 2022 1231 sieut
2038 1202 2090 1232 Dei

1243 1248 1412 1282 ministros,
1428 1249 1564 1278 secundae
1579 1250 1610 1278 ad
1627 1249 1783 1279 Corinthios
1804 1252 1884 1279 sexto
1896 1250 1927 1278 ²⁰.
1945 1266 1980 1270 —
1997 1250 2025 1279 ln
2047 1249 2090 1279 his

1244 1295 1336 1323 verbis
1357 1295 1540 1329 describitur,
1562 1296 1658 1332 quales
1688 1295 1789 1325 debent
1816 1304 1876 1325 esse
1902 1296 1954 1326 viri
1976 1304 2090 1333 evange-

1244 1341 1287 1369 lici
1310 1341 1367 1370 sive
1388 1342 1447 1370 veri
1468 1342 1625 1371 Christiani.
1642 1343 1708 1371 Nam
1723 1342 1823 1372 debent
1837 1351 1897 1372 esse
1918 1343 2008 1380 primo
2023 1344 2090 1372 uni-

1246 1388 1395 1416 vei-saltur
1412 1387 1678 1425 irreprehensibiles
1700 1389 1727 1417 in
1748 1390 2013 1424 conversationibus,
2035 1390 2088 1419 ibi:

1246 1436 1280 1463 In
1301 1435 1453 1469 omnibus,-
1468 1435 1598 1470 secundo,
1622 1435 1847 1473 infatigabiliter
1869 1437 2035 1466 laborantes
2062 1437 2090 1466 in

1244 1482 1530 1512 administrationibus
1544 1483 1740 1518 hierarchicis,
1756 1483 1791 1512 ibi
1803 1494 1808 1511 :
1824 1483 2012 1514 exhibeamus
2026 1492 2092 1512 nos-

1245 1530 1397 1567 nzetipsos,·
1414 1530 1503 1565 tertio,
1519 1529 1757 1568 christiformiter
1780 1531 1935 1560 relucentes
1951 1531 1978 1559 in
1997 1539 2092 1561 exem-

1244 1577 1297 1614 plis
1318 1577 1543 1612 sursumactivis,
1565 1577 1618 1606 ibi:
1639 1578 1716 1606 sieut
1739 1578 1790 1607 Dei
1810 1578 1969 1608 ministros.

1561 1664 1652 1692 Sannio
1673 1664 1730 1692 XVI
1742 1664 1774 1691 2¹.

1316 1753 1395 1783 Item,
1415 1762 1495 1779 sermo
1515 1754 1602 1779 fratris
1621 1754 1812 1780 Bonaventnrae
1831 1755 1913 1780 editus
1932 1762 2014 1780 coram
2033 1755 2092 1780 Fra-

1245 1797 1326 1821 tribus
1345 1796 1458 1822 Parisius
1477 1798 1502 1822 in
1522 1797 1646 1828 Cupitum,
1667 1798 1797 1823 Dominica.
1816 1798 1907 1830 quarta
1926 1798 1955 1823 de
1974 1798 2092 1823 Adventu

1244 1847 1269 1864 11]
1289 1847 1369 1864 mane.

1325 1922 1372 1950 Sic
1393 1931 1445 1950 nos
1467 1922 1609 1951 existimet
1629 1922 1712 1952 honio
1738 1927 1770 1952 ut
1798 1924 1951 1953 ministros
1984 1924 2094 1953 Christi

1246 1972 1270 1997 et
1291 1968 1505 2006 dispensatores
1533 1970 1743 2007 mysteriorum
1776 1971 1842 2005 Dei,
1865 1971 1971 2008 primae
1991 1972 2025 2000 ad
2047 1972 2093 2000 Co-

1247 2016 1365 2044 rinthios
1386 2020 1486 2053 quarto
1498 2017 1530 2044 22.

1326 2063 1431 2092 Volenti
1453 2064 1537 2092 divini
1560 2064 1637 2093 verbi
1658 2065 1781 2094 fructum
1803 2073 1839 2094 ex
1854 2066 1952 2095 auditu
1967 2070 1994 2095 et
2008 2066 2093 2095 affatu
2105 2068 2224 2088 introductio.

1247 2110 1389 2147 percipere
1410 2111 1463 2139 tria
1484 2114 1549 2140 sunt
1570 2112 1725 2141 necessaria
1756 2113 1910 2142 secundum
1930 2113 2091 2150 Dionysium

1246 2157 1280 2185 de
1308 2158 1416 2186 caelesti
1445 2158 1658 2193 Hierarchia²³‚
1687 2159 1789 2188 scilicet
1817 2159 1927 2188 devotio
1955 2159 2093 2198 affectus,-

1246 2204 1357 2233 divinus
1378 2205 1450 2233 enim
1473 2205 1567 2234 radius
1592 2214 1645 2234 non
1679 2206 1784 2235 relucet
1815 2207 1866 2235 nisi
1890 2206 2090 2243 spiritualibus.

1246 2268 1285 2271 ——
1308 2251 1473 2288 Captieatio
1493 2252 1668 2285 intellectus,·
1688 2253 1876 2282 abundantius
1897 2254 1970 2283 enim
1993 2257 2019 2283 et
2034 2262 2092 2283 am-

1247 2298 1320 2335 plius
1341 2299 1415 2328 Deus
1436 2307 1464 2328 se
1487 2300 1641 2328 manifestat
1663 2300 1823 2329 humilibus.
1839 2318 1877 2321 ——
1899 2301 2009 2338 Religio
2030 2309 2093 2330 eae-

1247 2346 1355 2374 libatus
1363 2357 1373 2380 ;
1394 2347 1531 2383 Sapientia
1558 2348 1630 2375 enim
1662 2351 1774 2377 aeterna
1804 2349 1926 2377 maxime
1947 2357 1963 2377 a
1984 2348 2095 2377 mundis

1246 2397 1370 2429 acceptat
1401 2394 1488 2422 amari
1520 2397 1546 2422 et
1578 2394 1720 2431 possideri.
1754 2395 1787 2423 Ut
1812 2395 1897 2432 igitur
1918 2395 1969 2424 ista
1992 2395 2046 2424 tria
2066 2395 2093 2424 in

1247 2440 1325 2468 nobis
1347 2440 1449 2469 habere
1471 2449 1520 2477 per
1542 2441 1609 2470 haec
1630 2442 1677 2470 Dei
1703 2441 1785 2470 verba
1806 2442 1946 2471 valeamus
1968 2445 2019 2471 etc.
2032 2442 2064 2470 24.

1326 2487 1373 2515 Sic
1394 2496 1447 2515 nos
1468 2488 1610 2516 existimet
1631 2492 1681 2517 etc.

1325 2534 1469 2571 Apostolus
1497 2535 1601 2571 Spiritu
1630 2538 1724 2564 sancto
1756 2536 1854 2572 plenus
1882 2539 1909 2564 et
1937 2535 2091 2564 animarum

1247 2581 1304 2609 zelo
1336 2589 1486 2610 succensus
1519 2582 1647 2610 hortatur
1680 2582 1723 2611 his
1754 2582 1847 2611 verbis
1868 2590 1964 2611 omnes
1995 2590 2092 2611 servos

405 2725 410 2739 ¹
431 2725 495 2748 Vers.
517 2726 550 2747 ll.
569 2738 597 2741 —
617 2725 704 2747 Excidit
721 2725 869 2747 conformitas
886 2731 939 2747 cum
958 2724 1141 2754 Princivatibus.

404 2764 412 2777 ²
430 2765 496 2787 Vers.
514 2764 561 2786 4-6.

404 2803 412 2816 ³
430 2805 497 2827 Vers.
515 2804 536 2826 6.
993 2804 1003 2816 ⁴
1021 2804 1085 2826 Vcrs.
1103 2804 1124 2826 3.
1141 2810 1189 2833 seq.

404 2843 413 2856 ⁵
432 2844 496 2866 Vers.
514 2844 536 2866 5.
1043 2842 1052 2855 '³'
1071 2844 1134 2866 Vers.
1153 2843 1189 2866 35.

404 2882 412 2895 ⁷
431 2884 512 2905 Psalm.
535 2883 583 2911 103,
605 2883 625 2905 4.
957 2881 966 2894 ὃ
986 2884 1014 2905 Ex
1032 2883 1049 2905 A
1069 2883 1105 2905 sol.
1125 2882 1153 2904 47
1172 2889 1189 2905 r.

404 2922 413 2935 ⁹
430 2923 495 2945 Vers.
517 2923 534 2944 1.
1047 2921 1067 2934 11»
1084 2922 1150 2944 Yers.
1167 2922 1189 2944 5.

404 2960 422 2974 ¹¹
441 2962 507 2984 Vers.
525 2962 562 2984 35.
960 2959 978 2974 ¹²
997 2961 1077 2983 Psalm.
1097 2961 1149 2988 100,
1167 2961 1188 2983 6.

1313 2724 1330 2739 ¹³
1349 2726 1414 2748 Vers.
1436 2726 1470 2748 17.
1935 2725 1955 2738 ¹4
1973 2726 2038 2748 Vers.
2057 2727 2064 2748 l
2076 2726 2094 2748 l.

1310 2764 1329 2777 ¹⁵
1349 2765 1412 2787 Vers>
1430 2765 1452 2787 G.
1935 2765 1954 2778 ¹⁶
1972 2767 2037 2788 Vers.
2058 2766 2094 2789 43.

1311 2802 1328 2815 ¹⁷
1348 2804 1412 2826 Vers.
1432 2804 1472 2831 Υ153
1490 2805 1594 2833 sequitur
1612 2805 1636 2827 ll.
1654 2797 1710 2826 Petr.
1729 2805 1746 2833 l,
1758 2806 1779 2827 5.
1866 2803 1884 2817 ¹⁵
1902 2805 1985 2827 Psalm.
2003 2805 2055 2832 403,
2075 2804 2094 2827 4.

1310 2841 1329 2855 ¹⁹
1346 2843 1375 2865 Ex
1394 2844 1411 2865 Α
1429 2843 1464 2865 sol.
1483 2843 1512 2865 47
1530 2850 1548 2866 r.
1568 2846 1590 2866 et
1608 2844 1623 2865 Β
1641 2844 1677 2866 sol.
1696 2844 1710 2866 7
1726 2850 1744 2865 r.
1951 2842 1971 2858 ²⁰
1989 2844 2054 2866 Vers.
2073 2843 2094 2866 4.

1308 2881 1327 2896 ²¹
1346 2883 1375 2904 Ex
1394 2882 1410 2904 Α
1430 2883 1466 2905 sol.
1485 2882 1513 2904 47
1531 2889 1554 2905 v.
1572 2886 1594 2905 et
1610 2883 1627 2905 B
1644 2883 1681 2905 sol.
1698 2883 1712 2904 7
1730 2889 1747 2905 r.

1308 2920 1328 2934 ²²
1346 2922 1410 2944 Vers.
1434 2923 1450 2944 l.
1894 2921 1913 2935 2³
1930 2922 1985 2950 Cap.
2004 2923 2024 2945 3.
2043 2921 2056 2950 S
2073 2922 2094 2945 3.

1308 2960 1330 2975 ²⁴¹*
1347 2961 1505 2983 Praecedentia
1523 2961 1607 2984 desunt
1617 2962 1641 2984 in
1653 2962 1677 2984 B.

2107 1343 2183 1363 Divisio.
