2243 3348
0 2068 31 2087 lDe
43 2067 124 2087 editione

9 2091 29 2110 P.
41 2091 119 2110 Bouelli.

14 2624 41 2643 De
52 2625 116 2644 codice

19 2648 111 2668 editionis.

898 136 1133 166 lNTRODUCTIO.
1870 149 1886 176 7

141 213 250 240 breviter
268 213 306 238 est
324 213 481 237 dlvidendum
502 212 527 237 et
545 213 741 238 concordandum
760 212 910 238 auctoritate
935 214 990 238 abs-

141 264 187 289 que
205 256 357 287 expositione
376 256 401 280 et
420 255 529 280 breviter
554 255 579 280 et
597 256 669 287 quasi
693 256 717 280 111
745 263 850 281 5111111113.
876 256 989 281 Conside-

141 299 245 324 randum
265 299 303 323 est
322 298 419 328 autem,
440 298 504 329 quod
522 297 568 323 hoc
587 298 718 329 prothema
736 305 786 323 non
804 298 877 323 debet
895 305 940 329 pro
959 299 990 323 11-

140 342 194 367 bitu
214 342 291 370 sumi,
312 341 354 366 sed
373 341 480 372 quinque
493 341 571 366 modis
584 341 644 366 solis
658 340 741 372 potest
754 341 884 372 prothema
896 341 987 372 accipi:

140 385 234 416 primo,
253 384 282 409 ut
301 385 326 409 in
345 385 399 415 ipso
418 384 558 415 tangantur
576 384 728 409 conditiones
747 384 826 409 solum
846 384 987 415 auditoris,

141 428 205 452 sicut
223 427 298 452 illud:
319 428 405 459 Beati,
424 427 469 458 qui
489 427 600 452 audiunt
617 427 719 452 verbum
737 427 788 452 Dei
806 427 852 452 etc.
865 427 987 456 Secundo,

140 471 170 495 ut
187 471 212 495 in
231 471 286 501 ipso
305 470 444 502 tangantur
463 478 491 494 ea
511 477 574 501 quae
592 470 623 495 ad
640 470 854 501 praedicatorem,
869 470 934 495 sicut
955 470 989 494 di—

139 514 211 539 cebat
229 513 328 538 David¹
349 514 374 538 in
394 520 500 545 persona
520 513 712 544 praedicatoris:
737 513 888 538 Bonitatem
912 514 936 538 et
953 513 988 538 di-

139 557 276 588 sciplinam
295 558 318 581 et
335 557 469 581 scientiam
488 556 546 581 doce
564 564 602 581 mc
621 557 685 581 etc...
705 557 800 586 Tertio,
814 556 898 588 potest
910 557 988 587 accipi

139 600 284 631 prothema,
304 599 369 631 quod
388 599 419 624 ad
438 599 577 625 auditorem
596 599 621 624 et
638 599 833 630 praedicatorem
848 599 988 630 5111111111οΓ-

139 642 216 672 tinet,
237 642 301 667 sicut
320 642 387 667 istud
398 641 421 666 ²:
446 642 495 674 Qui
514 642 589 667 audit
600 649 638 666 me
651 649 704 666 nou
716 641 887 672 confundetur
901 642 988 673 (quan-

137 686 191 710 tum
211 685 243 710 ad
261 685 423 716 auditorem),
442 686 465 709 et
477 685 523 716 qui
535 685 666 710 elucidant
677 692 716 709 mc
730 685 861 718 (quantum
875 685 906 709 ad
920 692 988 716 prae-

139 728 284 760 dicatorem)
304 728 384 752 vitam
404 729 534 752 aeternam
553 728 682 752 habebunt
701 728 808 757 Quarto,
822 727 906 759 potest
924 728 988 752 sumi

138 771 284 803 prothema,
303 772 329 796 111
348 779 396 802 (1110
415 779 500 796 sacrae
520 772 662 802 Scripturae
682 772 720 796 vel
734 771 860 796 doctrinae
873 771 988 796 conditio-

137 821 181 839 nes
200 814 348 845 tangantur,
368 814 433 839 sicut
451 815 483 839 ibi
496 813 519 839 ³:
539 814 597 845 Eyo
610 814 740 844 sapientia
752 815 781 838 in
794 814 929 839 altissimis
942 814 988 839 ha-

139 857 232 888 bitavi,
253 858 277 881 ct
296 857 404 882 thronus
423 864 493 882 meus
512 858 540 881 in
560 856 679 881 columna
697 857 789 887 nubi&
814 857 917 888 propter
935 857 987 882 eius

138 900 297 925 altitudinem
316 900 479 925 invocandum
500 900 538 925 est
557 900 667 925 divinum
681 900 814 929 auxilium,
829 901 894 925 sicut
906 901 929 925 in
945 900 988 925 tri-

139 943 185 968 bus
204 943 291 974 primis
311 943 414 974 propter
433 943 574 968 auditorum
594 944 619 968 et
638 943 836 974 praedicatorum
856 944 988 968 necessita-

137 986 195 1011 tem.
217 986 308 1016 Quinto
327 986 352 1011 et
370 986 470 1016 ultimo,
489 987 566 1017 accipi
586 987 670 1017 potest
688 986 832 1017 prothema,
851 987 875 1011 111
891 994 938 1017 quo
952 994 987 1012 so-

136 1029 189 1054 lum
209 1029 332 1054 invocatio
351 1029 428 1053 divini
447 1029 533 1053 auxilii
560 1029 585 1054 et
614 1029 659 1054 Dei
687 1028 820 1053 Genitricis
847 1029 986 1059 denotetur,

137 1071 202 1097 sicut
220 1071 282 1096 illud
301 1071 388 1096 Iudith
399 1071 422 1096 ⁴:
447 1071 500 1097 Ora
518 1079 566 1103 pro
585 1071 672 1103 nobis,
691 1072 813 1102 quoniam
825 1072 918 1096 mulier
930 1079 987 1096 san-

137 1116 179 1140 cta
197 1122 222 1140 es
235 1125 247 1137 »
270 1115 316 1139 etc.

207 1158 278 1183 Circa
296 1158 370 1183 finem
390 1159 503 1189 opusculi
522 1159 642 1190 leguntur
667 1158 726 1183 haec
754 1166 804 1183 non
832 1159 985 1190 spernenda:

140 1211 153 1223 ‹<
166 1201 191 1226 Si
209 1201 248 1226 est
267 1201 352 1226 thema
371 1201 399 1226 de
419 1201 569 1233 Evangelio,
583 1209 718 1233 congruum
733 1202 784 1231 est,
798 1202 838 1231 ut,
852 1201 986 1233 antequam

137 1244 169 1268 ad
188 1244 333 1269 divisionem
352 1244 471 1269 thematis
490 1244 629 1273 accedatur,
658 1245 802 1276 evangelica
829 1244 934 1269 historia
960 1244 986 1269 in

136 1295 233 1312 summa
252 1288 360 1312 breviter
379 1288 525 1319 exponatur,
539 1288 568 1312 ut
581 1288 705 1319 simplices
718 1288 816 1319 plenius
829 1288 985 1320 intelligant,

136 1331 162 1355 et
180 1331 336 1362 propositum
355 1330 452 1360 thema,
473 1331 538 1362 quod
557 1331 586 1355 de
599 1331 735 1363 Evangelio
751 1331 859 1356 sumtum
874 1331 925 1361 est,
939 1332 986 1356 cla-

135 1374 189 1398 rius
207 1374 338 1399 elucescat.
359 1374 412 1399 Hoc
430 1375 494 1399 idem
514 1374 651 1399 faciendum
672 1375 710 1399 est
729 1374 804 1399 etiam
817 1375 845 1399 (le
857 1374 985 1406 Epistola,

137 1416 158 1441 si
177 1417 333 1448 propositum
352 1417 437 1442 thema
456 1418 529 1442 etiam
550 1418 578 1442 de
597 1417 712 1449 Epistola
731 1417 909 1442 assumatur».

208 1460 338 1485 Concludit
356 1461 456 1486 libellus
475 1461 514 1486 his
527 1461 624 1486 verbis:
643 1471 655 1483 (ι
668 1461 698 1486 In
712 1461 819 1492 singulis
832 1460 986 1485 sermonibus

137 1503 184 1529 hoc
202 1503 334 1535 diligenter
353 1504 391 1528 est
410 1504 606 1533 observandum,
626 1504 662 1528 ut-
673 1504 698 1528 in
718 1505 753 1528 eis
766 1504 812 1528 fiat
824 1504 909 1535 aliqua
922 1511 987 1528 men-

137 1546 172 1572 tio
191 1547 243 1572 loco
263 1547 413 1578 competenti
431 1547 461 1572 de
479 1547 575 1577 tribus,
595 1547 689 1572 scilicet
707 1547 736 1572 de
750 1547 852 1579 Virgine
864 1547 985 1578 gloriosa,

138 1590 168 1615 de
186 1590 301 1621 passione
320 1590 419 1615 Domini
432 1590 458 1614 et
470 1590 499 1615 de
512 1590 614 1615 aeterna
627 1590 716 1621 gloria.
730 1590 816 1615 Omnis
829 1591 891 1614 enim
906 1597 986 1615 sermo

138 1633 261 1664 insipidus
280 1633 332 1663 est,
352 1633 394 1664 qui
407 1633 435 1657 de
448 1633 530 1658 Matre
542 1633 654 1665 gratiae,
669 1633 697 1657 de
711 1633 811 1658 Christo
823 1633 986 1664 Redemptore

135 1676 162 1701 et
180 1676 209 1700 de
233 1676 335 1700 aeterna
364 1676 527 1701 retributione
555 1676 624 1701 nulla
651 1676 827 1701 commemorat
854 1676 986 1700 mentione.

136 1719 202 1744 Nam
221 1719 327 1744 Matrem
347 1719 463 1744 debemus
482 1719 580 1751 petere,
599 1719 628 1744 ut
641 1726 686 1750 pro
699 1719 770 1744 nobis
783 1719 872 1744 Filium
886 1718 986 1743 Redem-

136 1762 232 1794 ptorem
245 1762 404 1793 interpellat,
422 1763 500 1794 quod,
514 1763 568 1794 ipso
582 1762 740 1794 praestante,
754 1763 883 1794 pervenire
896 1769 986 1786 merea-

136 1813 193 1830 mur
211 1805 242 1830 ad
261 1806 353 1837 gaudia
372 1806 533 1837 sempiterna.
552 1806 640 1830 Amen.
659 1806 747 1830 Amen.
767 1806 846 1830 Amen
860 1815 884 1831 >›.

201 1895 222 1918 5.
240 1894 317 1918 Pauca
334 1894 426 1918 restant
443 1894 538 1918 dicende.
555 1895 580 1918 de
597 1895 677 1918 nostra
694 1894 792 1918 editione
809 1894 925 1925 sequentis

381 1934 501 1957 tractatus
517 1936 565 1958 Ars
578 1934 743 1964 praedicandi.

207 2021 236 2045 P.
255 2021 367 2050 Bonelli,
387 2021 429 2052 qui
448 2021 544 2052 primus
569 2021 645 2046 edidit
672 2021 738 2046 hunc
765 2021 902 2046 tractatum
915 2020 932 2050 ⁵,
961 2022 986 2046 in

137 2064 248 2095 praefixa
265 2063 452 2089 Admonitiowe
471 2064 570 2089 scribit:
595 2074 607 2086 <<
620 2064 746 2093 Primum,
760 2064 824 2095 quod
837 2071 882 2096 ego
896 2064 985 2094 sciam,

136 2108 162 2132 in
181 2107 305 2139 publicam
324 2107 403 2132 lucem
423 2107 535 2132 educitur
554 2108 586 2132 ad
604 2107 678 2132 fidem
697 2108 784 2138 optimi
802 2108 891 2132 codicis
916 2108 987 2132 Assi-

137 2151 239 2179 siensis,
259 2158 331 2181 quem
350 2150 381 2175 cl.
400 2150 429 2174 P.
448 2150 503 2175 Ioh.
523 2151 598 2182 Hyac.
620 2151 738 2175 Sbaralea
758 2150 786 2175 Ο.
799 2150 833 2175 M.
848 2151 923 2176 Conv.
937 2151 987 2175 Ma-

136 2193 215 2225 gister
234 2193 363 2224 auspicato
382 2193 479 2218 invenit
497 2200 526 2218 ac
553 2193 686 2225 diligenter
714 2194 853 2225 exscripsit.
882 2193 985 2218 Utinam

136 2243 195 2261 vero
214 2237 280 2261 esset
298 2236 397 2268 integra
416 2236 549 2260 secundum
568 2243 653 2261 omnes
671 2235 723 2260 tres
743 2236 841 2267 partes,
855 2243 917 2267 quas
931 2237 987 2267 ipsa

137 2278 344 2310 amplectebatur.
363 2279 409 2303 Sed
428 2279 493 2310 quod
511 2279 583 2303 valde
601 2279 747 2308 dolendum,
768 2279 875 2303 secunda
899 2279 987 2310 imper-

137 2321 202 2346 fecta
213 2321 246 2354 (?)
266 2322 318 2351 est,
343 2322 420 2346 tertia
447 2321 531 2346 autem
560 2321 660 2352 penitus
687 2322 850 2347 desideratur.
878 2322 914 2347 De
941 2322 987 2347 hoc

137 2365 162 2389 S.
180 2364 372 2390 Bonaventurae
391 2365 457 2390 foetu
477 2366 584 2396 genuino
603 2365 700 2390 nullum
719 2373 772 2390 esse
797 2365 926 2390 dubitandi
950 2366 988 2391 10-

138 2415 193 2432 cum
213 2408 238 2432 in
257 2408 393 2433 Prodromo
412 2416 427 2432 a
446 2408 491 2433 col.
511 2408 560 2432 743
582 2409 644 2432 satis
663 2409 724 2433 evici
744 2409 818 2440 atque
837 2409 862 2433 in
876 2408 943 2433 notis
955 2408 987 2433 ad

137 2451 227 2475 calcem
247 2451 275 2475 de
295 2458 361 2475 more
381 2451 538 2475 subiiciendis
566 2451 674 2482 amplius
705 2451 814 2482 patebit,
843 2452 868 2476 in
897 2451 987 2483 quibus

138 2494 213 2518 etiam
232 2494 374 2519 indicantur
393 2494 520 2519 variantes
539 2495 588 2518 mei
606 2494 770 2526 apographi»
795 2494 859 2526 (scil.
879 2495 987 2519 eiusdem

140 2535 249 2568 codicis).

208 2579 261 2604 Iste
280 2580 354 2604 codex
372 2580 521 2604 Assisiensis
539 2581 589 2604 iam
608 2580 711 2605 notatur
731 2580 757 2605 111
770 2580 910 2605 inventario
923 2581 988 2605 eius-

139 2622 194 2647 dem
212 2622 374 2647 bibliothecae
394 2622 504 2648 confecto
522 2630 563 2647 an.
583 2622 650 2647 1381
672 2624 719 2648 sic:
739 2623 794 2648 Ars
820 2623 988 2648 concionandi

138 2665 337 2690 Bonaventurae
357 2665 413 2697 (cfr.
437 2665 566 2691 Prodrom.
592 2666 638 2691 col.
663 2666 714 2690 379
733 2674 759 2691 n.
779 2666 803 2691 7.
823 2667 847 2691 et
865 2666 916 2690 382
937 2674 987 2698 seq.

139 2715 164 2732 11.
184 2708 247 2740 33.).
267 2708 383 2733 Testibus
407 2709 491 2733 tamen
519 2708 701 2740 antiquioribus
728 2709 850 2734 codicibus
878 2717 893 2734 a
917 2710 988 2734 nobis

204 2864 212 2877 ¹
232 2866 314 2888 Psalsn.
334 2865 390 2894 118,
411 2866 447 2888 66.

204 2896 213 2909 ²
231 2897 297 2919 Eccu.
316 2896 360 2924 24,
379 2897 415 2919 34.

205 2927 214 2939 ³
233 2928 299 2950 sccii.
319 2928 362 2955 24,
378 2927 400 2950 7.
806 2928 816 2941 ⁴
832 2929 889 2958 cap.
907 2930 932 2957 e,
951 2930 988 2952 29.

1045 214 1168 245 inventis,
1186 215 1311 241 tractatus
1331 217 1439 248 pertinet
1457 219 1488 243 ad
1508 226 1569 244 saec.
1583 220 1656 246 XIII.
1676 222 1752 247 Porro
1771 223 1886 249 Bonelli‘3

1046 258 1164 287 provocat
1182 259 1214 284 ad
1232 259 1347 284 iudicium
1366 260 1510 291 Sbaraleae,
1531 263 1572 293 qui
1591 263 1664 288 etiam
1685 264 1729 289 hoc
1742 267 1886 296 opusculum

1045 307 1102 324 vere
1114 300 1361 327 Bonaventurianum
1374 310 1426 328 esse
1440 305 1566 335 putaverit
1578 305 1595 334 ⁷,
1609 306 1637 330 ,et
1654 307 1735 332 addit:
1754 318 1766 330 <a
1776 308 1888 335 Profecto

1044 341 1070 366 et
1088 342 1163 367 stilus
1181 343 1206 367 et
1224 343 1336 369 doctrina
1355 345 1471 371 laudatae
1495 347 1566 372 Artis
1591 348 1779 375 Bonaventurae
1805 358 1888 376 conve-

1044 384 1118 409 niunt
1130 395 1158 414 »,
1177 385 1202 409 et
1221 386 1357 412 concludit:
1382 397 1394 409 ‹<
1406 388 1493 420 Superi
1511 390 1584 419 dent,
1603 391 1632 415 ut
1650 392 1709 416 adeo
1728 393 1839 418 deflenda
1856 395 1889 419 13-

1044 426 1116 451 ctura
1134 427 1269 459 integriore
1287 429 1336 454 alio
1354 430 1434 455 codice
1453 433 1635 463 suppleatur».

1115 469 1168 494 Hoc
1186 471 1279 502 egregii
1298 472 1344 496 viri
1363 473 1510 499 desiderium
1529 482 1543 499 a
1564 475 1590 499 P.
1610 475 1687 501 Fideli
1707 484 1721 501 a
1740 477 1827 503 Fauna
1845 479 1888 503 im-
1901 480 1984 507 Desinis
1996 487 2027 501 co-

1044 512 1140 543 pletum
1159 513 1210 542 est,
1230 515 1271 545 qui
1291 522 1339 540 non
1359 523 1449 546 paucos
1468 517 1560 542 codices
1578 519 1687 548 invenit,
1707 520 1748 551 qui
1772 520 1838 546 huuc
1861 521 1889 546 li-

1044 555 1149 585 bellum,
1168 556 1208 581 vel
1227 557 1315 582 saltem
1335 559 1420 589 partes
1433 560 1540 585 eiusdem
1553 561 1658 591 habent,
1677 562 1713 587 ita
1732 563 1760 587 ut
1771 556 1889 589 ‘memora—

1044 598 1086 623 tus
1104 598 1214 624 defectus
1228 607 1243 624 a
1255 600 1326 625 nobis
1339 602 1472 633 utcumque
1485 604 1596 634 suppleri
1609 605 1725 635 potuerit.
1745 606 1889 631 Notandum

1045 642 1136 671 tamen,
1150 642 1214 673 quod
1228 643 1327 673 praeter
1340 643 1502 669 Assisiensem
1518 653 1601 671 omues
1613 647 1656 672 alii
1668 648 1760 673 codices
1773 650 1889 680 anonymi

1045 685 1111 710 sunt.
1130 685 1265 717 Multiplici
1283 686 1367 711 autem
1386 688 1537 718 experientia
1556 689 1635 714 edocti
1657 698 1756 720 sumus,
1780 692 1889 717 testimo-

1043 729 1113 753 nium
1131 729 1205 753 unius
1223 729 1311 754 codicis
1331 730 1369 754 vel
1398 730 1472 755 etiam
1501 732 1623 762 plurium,
1649 733 1789 759 tacentibus
1816 735 1886 765 aliis,

1045 779 1118 803 saepe
1128 779 1181 796 esse
1193 772 1278 797 fallax.
1292 773 1343 797 Nec
1357 773 1401 797 illa
1414 774 1532 799 interiora
1551 775 1663 805 criteria,
1677 776 1705 801 de
1719 777 1807 808 quibus
1821 785 1889 809 prae-

1044 814 1130 838 sertim
1149 815 1174 838 iu
1193 814 1259 840 notis
1283 815 1315 840 ad
1339 816 1429 840 calcem
1449 816 1573 841 tractatus
1591 818 1692 842 adiectis
1718 819 1827 850 loquitur
1843 820 1888 845 Bo-

1043 857 1117 886 nelli,
1131 857 1240 889 aliquam
1253 858 1425 883 certitudinem
1441 859 1572 889 praebent:
1587 868 1630 885 nec
1642 862 1788 892 opusculum
1806 863 1888 893 ipsum

1044 900 1170 932 ingenium
1184 901 1209 925 et
1222 901 1308 926 stilum
1322 902 1345 926 S.
1359 901 1550 927 Bonaventurae
1564 903 1626 927 satis
1639 904 1703 928 clare
1718 912 1776 935 prae
1793 912 1818 929 se
1831 905 1888 930 fert.

1114 944 1248 969 Praeterea
1266 945 1402 970 notandum
1422 946 1473 974 est,
1494 946 1589 970 textum
1608 946 1681 971 huius
1706 948 1797 977 libelli,
1818 956 1888 979 prae-

1044 987 1130 1011 sertim
1149 988 1175 1012 in
1194 988 1269 1012 tertia
1291 988 1376 1019 parte,
1397 988 1427 1013 ob
1446 988 1555 1013 codicum
1572 989 1702 1014 continuas
1725 990 1889 1021 differentias,

1043 1031 1160 1060 lacunas,
1180 1031 1350 1056 additamenta
1364 1032 1518 1063 pessimaque
1531 1032 1605 1062 vitia,
1626 1033 1689 1057 tales
1709 1041 1767 1064 prae
1787 1041 1811 1058 se
1828 1034 1891 1059 ferre

1043 1073 1167 1103 defectus,
1194 1074 1222 1098 ut
1246 1074 1473 1105 probabilissimum
1500 1075 1546 1105 sit,
1566 1076 1710 1106 opusculum
1736 1076 1767 1101 ab
1792 1077 1891 1102 auctore

1043 1117 1097 1147 ipso
1117 1124 1166 1141 non
1185 1117 1261 1141 fuisse
1286 1117 1422 1148 scriptum,
1442 1118 1484 1143 sed
1503 1119 1577 1144 verbo
1603 1118 1729 1150 prolatum
1754 1119 1779 1143 et
1803 1120 1892 1149 imper-

1043 1159 1106 1184 fecte
1125 1159 1157 1184 ab
1175 1160 1331 1185 auditoribus
1344 1161 1473 1191 exceptum
1492 1161 1517 1185 et
1535 1162 1698 1192 reportatum.
1713 1161 1795 1186 Aliter
1813 1162 1891 1186 dicen-

1043 1203 1101 1227 dum
1116 1203 1189 1232 esset,
1203 1210 1401 1235 unumquemque
1413 1204 1543 1229 librarium
1557 1212 1585 1229 ex
1600 1204 1693 1235 scripto
1706 1204 1749 1229 illo
1762 1212 1807 1235 pro
1818 1204 1893 1229 libitu

1044 1245 1127 1277 aliqua
1140 1246 1304 1277 excerpsisse,
1318 1246 1358 1270 vel
1371 1246 1446 1271 etiam
1465 1247 1515 1271 alia
1534 1247 1666 1272 addidisse.
1685 1262 1720 1265 -—
1738 1247 1892 1272 Documenta

1043 1289 1099 1319 ipsa
1116 1288 1194 1313 libelli
1213 1289 1238 1313 et
1257 1289 1392 1320 specimina
1412 1289 1520 1320 plurima
1538 1290 1685 1315 divisionum
1702 1290 1774 1315 tanto
1787 1290 1892 1315 Doctore

1043 1338 1091 1356 11011
1111 1332 1229 1356 videntur
1246 1333 1363 1364 indigna,
1377 1324 1543 1364 immo-plura
1563 1334 1622 1358 sunt
1641 1334 1755 1365 egregia:
1774 1334 1817 1358 sed
1836 1340 1893 1365 quo-

1043 1374 1114 1399 modo
1132 1375 1247 1400 constare
1266 1376 1372 1406 poterit,
1392 1376 1455 1401 istas
1477 1376 1616 1401 thematum
1636 1377 1768 1401 divisiones
1787 1377 1818 1401 ab
1836 1377 1891 1407 ipso

1042 1417 1121 1442 libelli
1139 1417 1239 1443 auctore
1258 1425 1312 1443 esse
1330 1419 1484 1450 excogitatas
1503 1420 1528 1444 et
1546 1427 1595 1444 11011
1609 1419 1708 1444 aliunde
1728 1420 1842 1444 5111111351λ
1854 1419 1892 1444 Ea

1043 1461 1107 1485 enim
1127 1461 1209 1485 aetate
1227 1461 1265 1486 tot
1281 1462 1330 1486 iam
1350 1462 1422 1486 erant
1441 1462 1596 1487 collectiones
1616 1469 1771 1492 sermonum,
1787 1469 1892 1494 quorum

1043 1504 1157 1528 auctores
1175 1505 1316 1535 ingeniosas
1336 1505 1360 1529 et
1379 1512 1457 1530 novas
1475 1505 1608 1530 divisiones
1627 1505 1766 1530 thematum
1784 1505 1892 1530 formare

1044 1546 1187 1571 studebant.
1200 1561 1234 1564 —
1247 1547 1308 1571 Cum
1327 1555 1367 1572 res
1385 1547 1421 1572 ita
1440 1555 1465 1572 se
1484 1548 1589 1577 habeat,
1606 1555 1651 1573 nec
1664 1548 1743 1573 ullum
1757 1548 1891 1579 positivum

1043 1589 1212 1614 testimonium
1226 1591 1274 1615 uisi
1287 1590 1375 1615 codicis
1386 1591 1534 1616 Assisiensis
1547 1598 1591 1622 pro
1602 1591 1779 1616 Bonaveutura
1792 1592 1892 1617 auctore

1044 1632 1108 1662 stet3
1125 1633 1190 1657 inter
1209 1633 1321 1664 legitima
1340 1634 1447 1658 eiusdem
1467 1641 1542 1665 opera
1560 1635 1672 1659 libellum
1691 1642 1817 1659 assumere
1836 1635 1891 1659 ausi

1043 1682 1093 1700 non
1112 1682 1205 1700 sumus.

1154 1762 1329 1787 ELENCHUS
1349 1762 1497 1788 CODICUM
1516 1763 1617 1788 HUIUS
1636 1763 1779 1788 LIBELLI.

1116 1847 1139 1872 1.
1163 1847 1323 1879 Oolmariae,
1343 1849 1457 1874 biblioth.
1486 1849 1612 1878 Civitatis,
1632 1849 1683 1875 cod.
1704 1850 1727 1873 5.
1753 1856 1816 1874 saec.
1838 1849 1891 1873 XV.

1043 1891 1096 1916 Iste
1121 1891 1197 1916 habet
1225 1892 1324 1916 tantum
1350 1892 1451 1917 tertiam
1477 1892 1573 1923 partem
1598 1893 1711 1923 opusculi
1736 1893 1891 1924 plurimaque

1044 1934 1146 1959 omittit.
1165 1934 1233 1966 Sigu.
1253 1935 1305 1959 cod.
1325 1935 1351 1959 C.

1114 1977 1138 2001 2.
1158 1978 1325 2009 Florentiae,
1346 1978 1459 2003 biblioth.
1479 1978 1637 2008 Mimans,
1657 1978 1709 2003 cod.
1729 1978 1806 2003 1780.
1825 1978 1854 2002 Β.
1868 1978 1892 2002 9.

1043 2021 1146 2045 membr.
1161 2028 1223 2045 saec.
1237 2021 1305 2046 XIV.
1319 2021 1367 2046 Hic
1380 2022 1453 2046 etiam
1467 2021 1544 2046 habet
1556 2021 1654 2046 tantum
1668 2022 1768 2046 tertiam
1782 2021 1892 2052 partem,

1043 2063 1124 2088 multa
1143 2064 1238 2088 omittit
1256 2064 1281 2089 et
1300 2064 1348 2089 alio
1368 2064 1451 2089 ordine
1470 2064 1573 2095 profert.
1593 2065 1662 2096 Sigu.
1680 2064 1732 2089 cod.
1752 2065 1780 2089 F.

1114 2107 1138 2131 3.
1158 2107 1228 2131 I‘bid.
1238 2127 1244 2138 ,
1263 2107 1315 2132 cod.
1335 2108 1408 2132 class.
1423 2107 1496 2133 VIII.
1511 2108 1541 2132 D.
1556 2107 1632 2132 1412.
1646 2107 1749 2132 membr.
1762 2114 1825 2132 saec.
1839 2107 1892 2132 XV.

1043 2150 1137 2180 Incipit
1149 2149 1191 2175 fol.
1203 2150 1245 2174 25.
1259 2150 1356 2175 verbis:
1370 2150 1460 2175 Omnis
1473 2150 1595 2175 tractatio
1609 2150 1815 2181 Scripturarum.
1825 2150 1892 2175 Desi-

1044 2192 1096 2217 nit:
1111 2194 1255 2224 corrumpit
1267 2194 1384 2218 ammam
1397 2195 1420 2218 et
1432 2194 1468 2218 sic
1477 2194 1507 2219 de
1520 2193 1589 2219 aliis.
1601 2193 1684 2219 Habet
1697 2194 1821 2225 integrum
1835 2200 1893 2224 opu-

1046 2236 1150 2266 sculum,
1164 2237 1245 2261 multa
1258 2237 1341 2261 tamen
1354 2237 1455 2261 brevius
1468 2237 1602 2262 contrahit.
1616 2237 1724 2268 Insuper
1736 2238 1815 2268 primo
1828 2237 1891 2261 idem

1044 2279 1120 2304 habet
1132 2279 1175 2304 fol.
1190 2279 1231 2304 18.
1245 2280 1321 2304 alium
1336 2280 1364 2304 de
1377 2279 1443 2305 Arte
1453 2280 1626 2311 praedicandi
1639 2280 1775 2305 tractatum
1790 2287 1892 2311 prorsus

1044 2321 1178 2351 diversum,
1192 2322 1221 2346 de
1234 2329 1281 2353 quo
1295 2323 1369 2353 plura
1386 2330 1463 2353 supra
1480 2323 1694 2354 transcripsimus.
1711 2323 1779 2354 Sign.
1796 2323 1846 2348 cod.
1860 2317 1890 2348 Β.

1115 2364 1140 2388 4.
1160 2365 1290 2396 Fribmyi
1303 2366 1328 2389 in
1342 2365 1471 2395 Helvetia,
1486 2365 1598 2391 biblioth.
1612 2365 1661 2390 PP.
1676 2365 1890 2395 Conventualium,

1044 2408 1097 2433 cod.
1117 2407 1158 2432 21.
1179 2408 1260 2432 chart.
1279 2416 1340 2433 saec.
1361 2409 1414 2433 XV.
1434 2409 1517 2433 Habet
1536 2409 1662 2440 integrum
1675 2409 1834 2440 opusculum,
1849 2408 1891 2433 sed

1045 2450 1144 2475 tautum
1164 2451 1296 2476 secundam
1316 2452 1413 2483 partem
1433 2452 1608 2483 descripsimus
1627 2452 1652 2477 et
1673 2452 1770 2483 aliquas
1794 2452 1891 2476 varian-

1045 2494 1092 2518 tes.
1112 2494 1180 2526 Sign.
1199 2494 1251 2519 cod.
1271 2494 1302 2518 D.

1116 2537 1139 2562 5.
1150 2536 1274 2569 Londini,
1285 2537 1399 2563 biblioth.
1412 2538 1522 2569 Hospitii
1533 2538 1660 2569 Grayens..
1674 2538 1725 2563 cod.
1737 2537 1778 2562 12.
1789 2536 1891 2562 membr.

1044 2588 1108 2605 saec.
1121 2580 1190 2606 XIV.
1208 2581 1292 2605 Habet
1309 2581 1390 2606 totum
1408 2581 1568 2612 opusculum,
1588 2581 1667 2606 sedin
1688 2581 1774 2605 multis
1793 2580 1891 2605 brevius

1044 2623 1213 2653 contractum,
1234 2624 1380 2655 praesertim
1400 2624 1425 2648 in
1444 2624 1501 2649 fine.
1526 2624 1632 2655 Incipit:
1657 2623 1744 2649 Omnis
1770 2624 1891 2649 tractatio

1044 2667 1192 2692 divinarum
1211 2666 1425 2697 Scripturammz;
1443 2667 1547 2691 desinit:
1567 2667 1746 2691 commendant
1762 2667 1791 2691 in
1809 2673 1836 2691 eo
1855 2666 1892 2692 da·-

1043 2710 1152 2741 fflzitatc's
1171 2709 1323 2741 fastigium,-
1340 2710 1397 2734 Rex
1416 2709 1564 2734 Iudeorum.
1583 2709 1652 2741 Sign.
1671 2709 1723 2734 cod.
1742 2709 1772 2735 A.

1108 2866 1118 2879 ⁵
1136 2867 1255 2895 supplem.
1272 2867 1301 2889 ad
1319 2867 1379 2895 Opp.
1396 2866 1472 2889 omnia
1490 2867 1588 2893 Bonav.,
1606 2868 1661 2888 tom.
1679 2865 1712 2887 ΙΙΙ.
1729 2865 1770 2887 001.
1788 2865 1841 2887 385.

1108 2896 1118 2910 ⁶
1135 2898 1255 2921 Prodi-orn.
1272 2898 1315 2921 col.
1331 2898 1385 2926 743,
1402 2904 1424 2920 n.
1442 2898 1463 2919 1.

1109 2928 1117 2942 ⁷
1135 2929 1179 2952 Csr.
1198 2930 1318 2958 supplem.
1335 2929 1364 2951 ad
1383 2929 1464 2956 Script.
1481 2928 1535 2951 Ord.
1553 2928 1606 2950 Min.
1623 2934 1678 2955 pag.
1696 2927 1746 2955 Ἰ165,
1764 2933 1787 2949 11.
1804 2927 1857 2949 101.

1923 504 2002 523 uicibus.

1908 952 1997 980 iudicium
2009 953 2032 972 de

1946 981 1998 1000 ipsis.
