2243 3348
212 526 325 545 Subdivisio,

200 988 227 1007 De
236 988 334 1012 poeniteu-

200 1012 226 1030 tia
234 1011 333 1036 profunda.

343 164 398 193 368
998 156 1170 186 SERMONES
1192 156 1234 184 DE
1255 155 1417 183 TEMPORE.

343 242 415 270 enim
437 240 614 277 poenitentia,
636 246 706 275 quae
727 241 768 266 est
799 236 934 265 medicina
961 233 1182 266 sacramentalis,

343 287 490 316 efficaciter
511 290 589 315 sanat
616 292 710 313 omnes
736 283 908 310 infirmitates
930 281 1051 313 animae,
1073 278 1183 315 quando

344 334 425 362 habet
447 333 473 361 in
502 341 530 361 se
562 336 617 360 tres
648 330 815 359 conditiones
846 330 942 356 contra
973 327 1025 354 tria
1046 325 1184 362 praedicta

344 383 469 416 peccata,
492 386 539 415 per
561 385 629 414 quas
650 375 818 404 conditiones
839 374 912 402 Deus
941 374 1106 409 provocatus
1128 371 1184 407 pla-

345 429 437 458 catur,
460 424 612 452 subtectum
635 421 777 458 proprium
800 419 991 448 deordinatum
1007 418 1184 450 reformatur,

345 471 489 508 proximus
519 468 726 500 damnificatus,
758 467 800 495 vel
832 465 952 494 offensus
981 463 1184 493 reconciliatur.

345 517 375 545 Et
395 519 507 553 propter
522 516 572 543 hoc
588 513 753 550 poenitentia
770 512 850 541 debet
871 519 930 540 esse
951 511 1051 547 primo,
1067 513 1098 538 ut
1112 510 1185 538 Deus

344 564 482 599 placetur,
497 560 650 598 profunda
670 567 706 587 ex
728 558 905 587 subiectionis
921 557 1075 586 reverentia
1089 559 1186 584 contra

345 608 487 637 mentalem
510 607 667 643 superbiam
700 606 786 634 Deum
816 607 1026 641 provocantenn
1049 602 1185 636 secundo,

343 658 374 683 ut
395 654 548 683 subiectum
577 652 720 689 proprium
754 651 938 684 reformetur,
960 650 1128 687 lacrymosa
1149 656 1185 677 ex

343 701 444 729 doloris
474 699 647 728 vehementia
678 701 774 727 contra
801 697 940 725 carnalem
972 695 1184 725 demulcentiam

343 747 486 784 proprium
509 746 663 775 subiectum
686 744 909 778 deordinantem;
942 743 1038 776 tertio,
1068 746 1098 770 ut
1126 750 1187 779 pro-

344 794 436 822 ximus
458 792 660 826 reconcilietur,
685 790 889 827 satisfactoria
904 798 940 819 ex
956 789 1186 826 recompensatio—

343 841 385 869 nis
405 840 560 869 festinantia
581 842 677 868 contra
704 838 851 867 cordialem
882 836 1101 865 malevolentiam
1124 844 1186 873 pro-

344 887 451 915 ximum
472 886 701 915 damniticantem.

423 934 512 962 Primo
534 932 699 970 poenitentia
720 931 800 960 debet
822 938 881 960 esse
900 929 1054 967 profunda
1070 939 1104 958 ea·
1119 929 1187 958 sub-

346 981 473 1009 iectionis
486 979 646 1008 reverentia
657 982 752 1007 contra
765 977 910 1006 mentalem
926 976 1083 1013 superbiam
1100 976 1187 1005 Deum

345 1030 555 1064 provocante11i3
571 1029 597 1054 et
619 1029 731 1062 propter
754 1025 805 1052 hoc
821 1023 956 1060 peccatori
973 1023 1084 1052 nomine
1098 1023 1187 1060 angeli

345 1082 360 1102 a
382 1073 484 1102 iustitia
506 1072 626 1101 cadentis
647 1072 748 1100 dicitur
770 1070 944 1107 Apocalypsis
959 1070 1079 1098 secundo
1092 1071 1116 1098 ¹:
1133 1069 1188 1097 Me-

345 1128 409 1148 1110)·
430 1124 500 1153 esto,
525 1119 599 1147 (inde
626 1118 785 1150 excideris,
808 1120 831 1145 et
853 1125 906 1153 aye
934 1116 1141 1154 poenitentiam
1163 1119 1189 1144 et

342 1167 443 1203 prima
465 1174 554 1203 opera
574 1165 633 1202 fac.
656 1166 683 1193 In
707 1165 757 1193 hoc
772 1164 856 1192 verbo
872 1163 1004 1191 Dominus
1019 1167 1114 1191 contra
1129 1170 1188 1199 pec-

345 1216 436 1242 catum
458 1213 535 1250 quasi
558 1215 670 1249 aegroto
700 1211 789 1247 primo
820 1210 901 1238 offert
923 1209 1084 1238 medicinam
1107 1209 1187 1238 saluti

345 1259 479 1296 spirituali
498 1259 679 1288 necessariam
695 1265 743 1294 per
759 1257 869 1285 modum
885 1256 1054 1293 disponentis
1068 1259 1095 1285 et
1110 1264 1189 1293 prae-

345 1306 481 1343 parantis,
504 1306 606 1334 scilicet
627 1304 882 1333 rememorationem
905 1303 1002 1339 culpae
1027 1306 1054 1332 et
1079 1303 1188 1337 ruinae,

345 1361 406 1382 611111
439 1353 518 1381 dicit:
550 1352 658 1380 Memor
688 1354 761 1384 esto,
793 1350 866 1378 uncle
893 1349 1051 1383 excideriS,
1080 1353 1111 1378 ut
1140 1357 1188 1386 per

346 1400 396 1428 hoc
419 1399 528 1427 inducat
549 1406 612 1427 eum
634 1397 748 1426 faciliter
777 1397 810 1425 ad
841 1396 1058 1425 humiliationem
1081 1399 1108 1425 et
1129 1404 1189 1433 poe-

345 1446 474 1474 nitentiae
501 1444 690 1477 afflictionem,
714 1443 785 1472 unde
807 1443 950 1480 sequitur:
973 1447 997 1471 et
1019 1451 1072 1480 asse
1090 1444 1190 1480 poeni-

346 1493 464 1521 tentiam
484 1496 509 1520 et
528 1491 628 1528 prima
650 1499 736 1528 opera
759 1488 818 1527 fae.
843 1489 949 1518 Prima
965 1498 1085 1526 namque
1100 1498 1189 1527 opera

345 1538 525 1576 poenitentiae
546 1538 677 1566 dicuntur
699 1537 850 1565 immobilia
878 1537 1056 1565 fundamenta
1079 1537 1189 1565 humili-

346 1585 407 1613 tatis
429 1584 593 1621 profundae,
614 1592 647 1612 eo
661 1583 735 1620 quod
750 1583 808 1612 sine
830 1583 1009 1612 fundamento
1026 1583 1190 1612 humilitatis

344 1632 450 1661 divinae
472 1631 643 1660 reverentiae
665 1634 752 1659 totum
774 1630 930 1659 aedificium
959 1630 1137 1659 confessionis
1163 1633 1190 1659 et

344 1679 526 1715 poenitentiae
554 1678 624 1707 cedit
656 1678 682 1706 in
712 1677 830 1705 ruinam.
860 1676 936 1705 Unde
965 1677 1134 1713 Augustinus
1155 1676 1189 1705 ad

344 1726 543 1754 Dioscorum2:
578 1724 660 1753 «Nisi
689 1724 831 1752 humilitas
859 1723 964 1757 omnia,
994 1731 1188 1760 quaecumque

345 1772 560 1805 benefacimus,
582 1774 609 1800 et
629 1770 811 1808 praecesserit
832 1774 859 1799 et
878 1770 1026 1799 comitetur
1047 1773 1074 1798 et
1095 1777 1189 1799 conse-

345 1822 408 1847 cuta
429 1818 528 1852 fuerit,
550 1821 577 1847 et
598 1817 769 1854 praeposita,
791 1824 874 1854 quam
897 1817 1073 1850 intueamur,
1095 1820 1122 1845 et
1142 1825 1189 1853 ap-

346 1865 448 1902 posita,
471 1865 513 1893 cui
537 1864 753 1898 adhaereamus,
775 1867 802 1892 et
823 1863 968 1900 imposita,
984 1871 1040 1900 qua
1056 1863 1190 1900 reprima-

346 1919 424 1945 mur,
446 1911 498 1939 iam
521 1911 599 1939 nobis
620 1911 653 1939 de
684 1910 776 1947 aliquo
804 1910 876 1939 bono
904 1910 974 1938 facto
1006 1909 1190 1947 gaudentibus

346 1961 433 1986 totum
455 1960 605 1994 extorquet
626 1957 659 1985 de
680 1964 764 1985 manu
785 1956 916 1993 superbia
929 1968 955 1984 ».
972 1956 1025 1984 Hoc
1047 1956 1190 1985 attendens

346 2004 456 2041 quidam
490 2007 600 2032 sanctus
629 2004 699 2040 Papa
710 2003 730 2037 ³,
763 2011 825 2032 cnm
859 2003 1058 2036 confitebatur,
1081 2003 1190 2031 nolebat

346 2051 441 2080 sedere
463 2052 496 2079 ad
517 2052 589 2080 latus
611 2051 653 2079 sui
675 2050 824 2087 capellani,
840 2050 887 2087 qui
910 2058 973 2079 eum
989 2049 1127 2083 audiebat,
1143 2049 1190 2078 sed

346 2098 460 2134 pedibus
481 2098 540 2127 eius
562 2098 742 2134 provolutus,
764 2105 912 2134 quousque
933 2096 1102 2125 confessione
1117 2104 1190 2125 com-

346 2144 433 2181 pleta,
456 2144 624 2173 morabatur
647 2144 759 2173 Dicebat
780 2144 866 2172 enim:
882 2143 959 2171 Modo
981 2151 1034 2172 non
1057 2146 1136 2172 teneo
1151 2143 1190 2171 lo-

346 2198 408 2219 cum
432 2191 532 2227 Papae,
555 2191 601 2219 sed
633 2191 799 2227 peccatoris,
823 2194 850 2219 et
872 2190 949 2224 ideo,
975 2198 1038 2219 cum
1069 2190 1190 2227 recogito

346 2245 441 2266 omnes
462 2237 584 2266 defectus
604 2245 694 2271 meos,
710 2245 821 2266 necesse
838 2237 925 2266 habeo
947 2237 1097 2265 humiliari.
1115 2237 1190 2265 Unde

347 2283 502 2312 Bernardus
530 2291 613 2320 super
638 2284 783 2312 Cantica4:
816 2295 829 2308 «
844 2283 986 2320 Quomodo
1018 2291 1096 2312 mens
1130 2291 1190 2312 mea

346 2338 399 2357 non
423 2330 585 2358 humiliatur
606 2330 633 2358 in
656 2330 706 2358 hac
728 2338 793 2358 vera
816 2330 970 2367 cognitione
994 2330 1054 2364 sui,
1076 2338 1139 2358 611111
1162 2337 1190 2358 36

347 2377 501 2413 perceperit
528 2380 669 2405 oneratam
697 2377 830 2413 peccatis,
852 2377 923 2405 mole
955 2377 1040 2406 1101113
1069 2376 1191 2405 mortalis

347 2423 469 2458 corporis
492 2426 683 2459 aggravatam,
705 2423 824 2451 terrenis
845 2423 921 2452 curis
943 2423 1109 2457 intricatam,
1131 2431 1191 2451 car-

348 2468 451 2496 nalium
471 2469 669 2497 desideriorum
690 2469 764 2498 faece
779 2469 922 2503 infectam,
937 2478 1061 2504 caecam,
1077 2477 1189 2498 curvam

348 2518 375 2542 et
396 2515 575 2543 intii²niam»?
597 2516 648 2544 Sed
669 2519 758 2550 certe,
780 2517 951 2553 quicumque
966 2520 1080 2554 propter
1094 2525 1190 2553 qnam-

349 2569 467 2598 cumque
498 2563 687 2591 excellentiam
716 2563 773 2591 sive
801 2564 986 2597 nobilitatem,
1009 2564 1074 2593 dum
1106 2564 1190 2593 confi-

348 2610 437 2641 tetur,
460 2616 512 2636 non
535 2609 594 2637 vult
615 2609 754 2637 humiliari
776 2613 803 2638 et
824 2610 920 2639 subiici
938 2611 1081 2644 sacerdoti,
1097 2614 1191 2639 caveat

411 2776 423 2791 ²⁷
438 2780 501 2802 Vers.
520 2782 541 2803 5.

411 2817 419 2830 2
438 2819 506 2845 Epist.
528 2820 577 2841 llS.
598 2820 661 2847 (alias
678 2821 723 2849 56.)
742 2827 762 2843 c.
780 2822 800 2843 3.
819 2828 840 2843 n.
858 2823 894 2844 2-2.

411 2855 419 2868 ³
438 2857 492 2884 Quis
510 2858 545 2879 liic
563 2858 640 2885 fuerit,
658 2858 798 2886 ignoramus.

412 2893 420 2905 ·¹
439 2895 511 2917 Sei-m.
528 2896 565 2918 36.
582 2902 604 2918 n.
622 2897 642 2918 5

412 2932 421 2944 ὖ
438 2933 503 2955 Vers.
525 2935 557 2956 lO.

1240 232 1306 265 sibi,
1329 239 1362 259 ne
1384 231 1453 259 forte
1476 230 1598 259 imitetur
1612 230 1768 264 diabolum,
1783 230 1844 267 qui,
1859 238 1922 259 cum
1938 230 2022 259 semel
2037 238 2082 258 ve-
2099 237 2211 261 Exemplum.
2232 245 2234 251 ι

1240 278 1312 306 niret
1333 277 1366 305 ad
1388 276 1556 305 sacerdotem
1578 280 1605 305 et
1635 276 1738 305 diceret
1760 277 1799 308 ei,
1821 276 1894 313 quod
1917 276 1998 305 vellet
2019 284 2083 304 con·
2232 271 2233 274 ’

1241 323 1329 357 fiteri,
1352 331 1405 351 non
1427 326 1535 351 tantum
1556 323 1608 351 fuit
1629 326 1775 351 contentus
1796 322 1891 351 sedere
1905 323 2026 351 adlatus
2041 330 2083 351 sa-

1241 370 1375 403 cerdotis,
1398 369 1481 397 immo
1510 369 1601 406 posuit
1623 377 1651 398 se
1679 377 1765 406 snpra
1786 372 1869 406 caput
1890 369 1957 398 eius.
1980 369 2084 406 Cogno-

1242 423 1320 444 scens
1342 423 1407 444 vero
1428 415 1572 449 sacerdos,
1595 416 1699 452 Spiritu
1721 419 1815 444 sancto
1843 416 1997 450 revelante,
2013 416 2084 452 quia

1241 461 1367 489 diabolus
1397 465 1481 495 esset,
1511 462 1549 490 ait
1569 461 1609 490 ei:
1631 462 1730 490 Totum
1763 461 1918 491 aedificium
1941 465 2003 490 tuae
2024 469 2083 490 oon-

1242 507 1366 536 fessionis
1387 508 1485 536 ruinae
1506 509 1620 542 crescit,
1642 509 1707 545 quia
1728 509 1786 537 3106
1801 508 1979 537 fundamento
1995 508 2086 537 humi-

1243 554 1326 582 litatis
1347 554 1485 590 incipitur.
1508 554 1609 584 Videns
1629 555 1701 584 enirn
1722 554 1861 589 diabolus,
1882 562 1941 584 esse
1962 562 1991 584 se
2012 562 2087 583 com-

1243 601 1411 638 prehensum
1433 609 1449 629 a
1470 601 1611 630 sacerdote
1633 601 1660 630 in
1675 601 1777 630 astutia
1797 609 1864 630 suae
1884 601 1988 630 fallacis
2008 601 2086 630 dece-

1243 647 1352 684 ptionis,
1374 647 1464 684 inquit
1478 648 1512 676 ad
1527 647 1712 677 sacerdotem:
1728 648 1782 677 Etsi
1797 656 1939 685 nunquam
1956 656 2087 677 consecu-

1243 697 1325 722 turus
1346 702 1407 722 sum
1429 694 1643 731 indulgentiam,
1667 697 1757 723 tamen
1779 703 1795 723 a
1810 702 1853 723 me
1874 703 2015 732 nunquam
2037 703 2088 724 neo

1244 741 1329 769 verbo
1350 749 1400 770 nec
1420 741 1492 770 facto
1513 741 1666 770 doctrinam
1691 742 1856 771 humilitatis
1870 742 2007 777 addisces;
2023 742 2088 779 quia

1243 787 1333 816 elatus
1352 791 1379 816 et
1400 788 1539 824 superbus
1561 796 1622 816 sum
1641 788 1732 817 corde.
1748 788 1802 817 Nec
1818 789 1917 823 recolo,
1931 796 1976 818 me
1990 789 2088 826 legisse

1244 834 1357 870 propria
1377 834 1429 862 ista
1451 834 1549 869 verba,
1565 834 1611 863 sed
1627 834 1728 863 horum
1745 835 1894 864 verborum
1916 835 2087 864 sententiam.

1323 881 1448 909 Secundo
1478 881 1559 910 debet
1587 881 1754 917 poenitentia
1785 889 1844 910 esse
1866 881 2033 919 lacrymosa
2054 890 2088 910 ex
2100 887 2232 914 moenitum»

1244 926 1353 955 doloris
1376 926 1550 956 vehementia
1579 931 1675 956 contra
1702 928 1839 956 carnalem
1869 928 2006 957 lasciviam
2025 936 2088 965 pro·
2102 913 2127 930 ²¹³
2143 911 2227 953 ’ῗὲῗω

1245 973 1336 1010 prium
1368 974 1524 1002 subiectum
1551 974 1774 1008 deordinantem;
1797 974 1870 1003 unde
1898 975 2035 1004 secundae
2055 975 2089 1004 ad

1244 1019 1401 1048 Corinthios
1421 1020 1575 1057 septimo⁵z
1599 1021 1680 1056 Quae
1701 1021 1777 1049 enim
1804 1022 1965 1050 secundum.
1998 1022 2088 1050 Deum

1245 1066 1367 1095 tristitia
1388 1072 1429 1095 eet
1445 1067 1652 1104 poenitentiarii
1674 1068 1704 1096 in
1725 1067 1849 1096 salutent
1873 1068 2004 1096 stabilem
2027 1077 2090 1106 ope-

1246 1117 1343 1142 ratur.
1359 1113 1495 1150 Quilibet,
1511 1121 1573 1142 cum
1590 1114 1703 1151 cogitat,
1719 1118 1832 1151 propter
1848 1118 1989 1152 peccatum
2005 1123 2088 1144 suum

1246 1160 1332 1189 Deum
1355 1160 1515 1194 offendisse,
1537 1160 1604 1189 adeo
1635 1160 1716 1189 debet
1740 1161 1835 1190 intime
1859 1161 1952 1190 dolere
1973 1165 2000 1190 et
2020 1161 2091 1191 dure

1246 1207 1363 1236 interius
1388 1207 1555 1244 colaphizari
1583 1207 1609 1236 in
1636 1208 1734 1242 corde,
1756 1211 1788 1236 ut
1812 1211 1976 1245 prorumpat
1997 1208 2023 1237 in
2053 1209 2091 1237 la-

1246 1261 1355 1290 crymas
1375 1254 1517 1288 exterius,
1539 1254 1604 1290 quia
1626 1254 1687 1283 talis
1708 1254 1819 1283 tristitia
1840 1258 1980 1291 operatur
1992 1255 2090 1292 poeni-

1246 1301 1366 1329 tentiam
1388 1301 1418 1328 in
1439 1300 1562 1329 salutem
1577 1300 1722 1335 stabilem,
1738 1309 1770 1330 eo
1785 1301 1859 1338 quod
1873 1301 1936 1330 inde
1950 1309 2091 1331 meremur

1247 1347 1353 1376 veniam
1375 1347 1498 1376 omnium
1521 1351 1712 1384 peccatorum,
1733 1347 1836 1384 quibus
1850 1348 2042 1385 obligabantur
2057 1348 2089 1377 ad

1246 1397 1386 1423 aeternam
1399 1401 1523 1431 poenam.
1535 1394 1610 1422 Unde
1622 1394 1822 1431 Augustinusss:
1840 1406 1853 1419 α
1866 1394 1997 1424 Ascendat
2008 1395 2091 1424 homo

1246 1441 1393 1470 adversum
1415 1448 1444 1470 se
1467 1441 1587 1469 tribunal
1609 1441 1709 1469 mentis
1735 1449 1816 1475 suae,
1839 1449 1916 1470 reum
1943 1442 2091 1471 constituat

1247 1496 1275 1517 se
1296 1491 1360 1516 ante
1374 1487 1470 1516 faciem
1487 1495 1564 1516 suam
1577 1499 1605 1521 »,
1620 1491 1739 1522 accuset,
1754 1488 1945 1517 constituendo
1959 1488 2091 1518 iudicium

1246 1535 1273 1563 in
1296 1535 1378 1564 corde
1400 1543 1465 1569 suo,
1487 1535 1558 1563 adsit
1579 1535 1738 1564 accusatrix
1763 1535 1907 1572 cogitatio,
1929 1536 2006 1564 testis
2027 1543 2091 1565 oon-

1247 1582 1374 1615 scientia,
1396 1581 1520 1610 carnifex
1543 1582 1641 1616 timor;
1664 1581 1727 1611 inde
1755 1582 1866 1619 quidem
1896 1583 2007 1619 sanguis
2028 1590 2092 1611 cum

1247 1628 1416 1657 confessione
1437 1629 1572 1665 profluat,
1594 1629 1660 1666 quia
1680 1629 1707 1657 si
1737 1629 1925 1666 nosmetipsos
1946 1629 2092 1658 diiudica-

1246 1684 1362 1709 remus,
1384 1684 1442 1703 non
1466 1676 1562 1713 utique
1584 1676 1789 1704 iudicaremur
1804 1675 1823 1703 ⁷.

1325 1722 1418 1751 Tertio
1440 1723 1607 1759 poenitentia
1628 1723 1709 1751 debet
1735 1730 1795 1752 esse
1822 1722 2028 1760 satisfactoria
2058 1732 2093 1752 ex
2105 1727 2235 1770 qffavgaeffitrgqn

1248 1770 1526 1806 recompensationis
1547 1769 1721 1807 festinantia
1749 1772 1846 1798 contra
1867 1770 2015 1799 cordialem
2035 1778 2093 1799 ma·
2135 1775 2199 1794 ctoria-

1248 1816 1420 1844 levolentiam
1452 1816 1613 1852 proximum
1645 1816 1883 1850 damnificantem;
1910 1816 1983 1845 unde
2004 1817 2093 1846 Lucae

1248 1863 1329 1892 tertio
1341 1863 1366 1890 ⁸:
1383 1863 1482 1891 Facite
1498 1871 1566 1900 erqo
1580 1862 1700 1900 stactus
1714 1863 1818 1900 dignos
1829 1863 2030 1900 poenitentiae.
2046 1864 2092 1893 Ille

1247 1909 1350 1947 dignos
1370 1908 1490 1947 ft'uctus
1510 1909 1701 1946 poenitentiae
1721 1908 1812 1947 facit,
1835 1909 1882 1946 qui
1905 1913 2009 1947 quanto
2029 1918 2092 1947 gra—

1247 1956 1325 1985 viora
1345 1956 1457 1990 damna,
1473 1956 1530 1985 sive
1552 1956 1718 1993 corporalia,
1740 1956 1797 1985 sive
1819 1956 1985 1993 spiritualia,
2001 1957 2094 1986 intulit

1247 2002 1393 2039 proximo,
1415 2005 1491 2031 tanto
1522 2002 1653 2031 maiorem
1680 2003 1976 2039 recompensationem,
2009 2011 2092 2040 quam

1247 2049 1329 2078 citius
1351 2052 1452 2086 potest,
1475 2049 1623 2078 restituere
1649 2049 1774 2084 festinat,
1800 2053 1831 2078 ut
1856 2049 1907 2078 ubi
1930 2050 2093 2079 abundavit

1248 2095 1393 2129 delictum,
1406 2095 1523 2124 invidiae
1535 2098 1562 2124 et
1575 2095 1782 2124 malevolentiae
1794 2096 1935 2125 inferendo
1950 2097 2092 2131 damnum,

1248 2142 1284 2171 ibi
1305 2141 1522 2179 superabundet
1552 2143 1671 2179 pratia,
1695 2143 1900 2172 benevolentiae
1932 2146 1959 2172 et
1980 2151 2093 2172 concor-

1247 2189 1307 2218 diae
1328 2189 1500 2218 restituendo
1521 2189 1660 2223 ablatum,
1676 2189 1741 2226 quia
1760 2200 1773 2214 «
1789 2197 1931 2226 nunquam
1947 2190 2094 2219 remittun-

1248 2239 1294 2264 tur
1316 2239 1435 2273 peccata‚
1458 2236 1510 2264 nisi
1543 2236 1725 2265 restituantur
1756 2236 1846 2265 ablata
1867 2236 2041 2273 quaeque9»
2067 2239 2094 2265 et

1248 2283 1369 2311 maxime
1391 2282 1494 2317 famae,
1516 2290 1548 2311 eo
1577 2283 1649 2320 quod
1677 2283 1781 2311 melius
1801 2287 1842 2311 est
1862 2291 1966 2312 nonien
1987 2283 2093 2312 bonum

1249 2338 1338 2367 quani
1362 2333 1511 2367 unguenta
1529 2330 1661 2367 pretiosa
1684 2334 1782 2358 terrae.
1805 2330 1831 2358 Si
1853 2330 1906 2359 hoc
1927 2330 2093 2367 ponderaret

1248 2377 1364 2413 quilibet
1391 2376 1547 2411 detractor,
1569 2377 1617 2414 qui
1648 2377 1740 2405 omnia
1770 2377 1873 2406 iudicat
1901 2380 1927 2406 et
1948 2385 1964 2405 a
1985 2377 2093 2406 nemine

1249 2423 1308 2453 vult
1329 2423 1457 2457 iudicari,
1478 2424 1543 2460 quia
1557 2432 1699 2461 nunquam
1715 2424 1863 2452 dimittitur
1878 2428 2020 2461 peccatum
2035 2424 2093 2453 cul-

1248 2478 1314 2507 pae,
1336 2471 1386 2499 nisi
1410 2471 1573 2499 restituatur
1595 2471 1716 2500 ablatum
1731 2471 1836 2504 famae3
1851 2471 1964 2500 forsitan
1979 2471 2093 2500 fratrem

1248 2525 1329 2546 suum
1352 2525 1405 2545 non
1428 2517 1604 2554 crucifigeret
1626 2518 1693 2546 falso
1714 2518 1814 2547 iudicio
1836 2518 1970 2554 malignae
1992 2518 2093 2555 cogita—

1249 2564 1330 2592 tionis
1351 2564 1378 2592 in
1400 2564 1482 2593 corde
1503 2568 1530 2593 et
1556 2572 1686 2601 perverso
1708 2564 1808 2593 iudicio
1830 2572 1982 2594 venenosae
2002 2564 2093 2593 detra-

1248 2611 1345 2639 ctionis
1377 2611 1402 2638 in
1435 2619 1491 2639 ore.
1525 2611 1675 2648 Aliquando
1697 2611 1768 2640 enim
1800 2611 1885 2640 frater
1907 2619 1988 2646 suus,
2010 2619 2092 2648 1111601

1312 2784 1320 2797 ⁶
1338 2785 1410 2807 Serm.
1429 2786 1465 2807 20.
1485 2785 1549 2811 (alias
1567 2786 1597 2813 3.)
1617 2791 1637 2807 n.
1656 2786 1678 2807 2.

1311 2821 1319 2834 ⁷
1339 2824 1407 2851 Epist.
1426 2825 1439 2846 l.
1458 2824 1509 2846 Cor.
1531 2825 1564 2851 11,
1582 2824 1620 2846 31.

1311 2861 1320 2874 Β
1339 2863 1403 2884 Vers.
1422 2863 1447 2889 8,
1465 2863 1569 2891 sequitur
1587 2863 1654 2885 Rom.
1672 2863 1693 2889 5,
1712 2862 1748 2884 20.

1311 2900 1320 2913 ⁹
1337 2902 1442 2929 August,
1460 2902 1529 2929 Epist.
1553 2903 1601 2924 153.
1621 2902 1684 2929 (alias
1702 2901 1748 2930 54.)
1766 2902 1795 2924 ad
1813 2901 1929 2924 Macedon.
1947 2907 1967 2923 6.
1982 2901 2003 2923 6.
2015 2907 2037 2923 0.
2049 2901 2092 2928 2ος

1249 2940 1353 2968 sequitur
1371 2940 1442 2963 Eccle.
1459 2941 1485 2968 7,
1504 2941 1524 2962 2.
