2243 3348
233 659 326 678 Hortatio.

245 1404 323 1424 Divisio.

249 1732 294 1751 Pars
308 1732 320 1751 1.

207 1920 321 1939 Subdivisio.

212 2424 283 2447 Primo,
297 2424 320 2443 de

192 2448 262 2467 mundo
281 2447 323 2466 illu-

193 2473 251 2490 strato
264 2473 282 2490 et
294 2476 322 2490 se·

192 2497 265 2513 renato.

346 157 397 185 1⁹26

342 238 433 263 autem
455 235 546 263 anima
567 235 664 263 unitur
685 234 794 262 Christo
816 237 846 262 ut
862 241 970 269 sponso,
986 233 1036 261 nisi
1053 240 1124 269 quae
1140 233 1186 260 lia-

342 281 387 309 bet
408 281 544 317 duplicem
567 280 793 313 candidationem,
815 280 918 308 mentis
939 279 1066 307 videlicet
1080 282 1106 307 et
1121 286 1187 307 ear-

343 328 396 356 nis.
419 328 494 364 Quae
516 328 617 356 babent
639 330 786 362 utramque
808 326 910 354 similes
925 329 990 354 sunt
1005 325 1188 361 prudentibus

342 374 511 411 virginibus,
534 381 604 410 quae
625 374 739 401 alteram
762 375 882 405 tantum,
904 371 1007 400 scilicet
1022 371 1122 404 earnis,
1137 371 1188 399 im—

342 420 540 456 prudentibus,
562 420 595 447 de
616 419 719 455 quibus
740 418 867 446 Matthaei
894 418 1025 454 vigesimo
1053 417 1149 453 quinto
1163 418 1187 444 l:

342 467 442 496 Simile
456 471 496 495 est
510 474 633 503 reginum
648 465 795 493 caetorum
810 464 905 492 decem
921 464 1099 501 oirgyiuibuS,
1114 471 1190 501 quae

342 513 513 549 aoeipientes
534 512 685 548 lampades
699 519 781 544 suits,
797 511 932 539 exierunt
952 510 1066 539 obviam
1084 518 1189 547 sponso

341 564 365 588 et
386 567 527 596 sponsam
549 558 651 595 quibus
672 561 699 586 et
720 560 780 594 post
801 557 945 586 subditur:
964 558 1045 591 Eece,
1064 565 1189 594 sponsus

343 606 426 639 treicii,
448 605 520 633 erite
541 604 655 633 obviam
677 604 720 637 ei;
741 604 814 641 quod
837 608 863 633 et
884 612 959 632 nunc
980 607 1069 640 potest
1090 604 1141 632 dici
1162 604 1188 631 in

344 652 514 680 solemnitate
536 651 682 688 praesenti.
707 668 741 671 -—
764 651 830 679 Huic
851 654 943 679 autem
966 652 1070 687 Sponso
1096 654 1190 679 nostro

343 698 476 727 debemus
497 698 576 726 exire
597 698 713 726 obviam
734 697 877 734 gaudendo
892 701 920 726 et
933 698 1111 731 exsultando,
1132 701 1191 725 tan-

343 753 425 781 quam
447 745 480 773 ad
503 745 563 773 eius
584 744 695 781 nuptias
717 744 836 778 invitati,
858 744 1010 773 secundum
1033 744 1100 772 illud
1121 745 1189 781 Apo-

343 792 459 828 calypsis
479 792 586 820 decimo
608 800 694 820 nono:
721 791 911 820 Gaudeamus
933 795 957 819 et
975 791 1151 819 exsatiemus
1165 795 1190 819 et

344 839 444 866 demus
465 838 591 875 ylariani
613 838 652 871 ei,
675 838 746 876 quia
769 842 906 866 uenerunt
926 838 1047 874 nuptiae
1062 838 1150 875 Aqui,
1166 841 1190 865 et

343 894 420 913 uxor
441 885 504 913 eius
521 885 718 922 praeparabit
738 893 785 918 se,·
807 888 833 913 et
855 885 914 913 ideo
936 885 1024 913 Lucae
1053 884 1188 913 secundo:

343 932 520 969 Evaxngyelizo
537 932 615 961 vobis
628 932 774 969 quintium
789 940 941 969 maguum,
957 932 1033 969 qaorl
1045 931 1101 959 erit
1111 931 1191 959 omui

340 979 457 1016 populo,
480 979 551 1017 quia
572 983 662 1007 uatus
683 982 724 1007 est
746 978 823 1007 bobis
851 977 934 1007 lioclie
962 978 1107 1007 Salvator.
1138 978 1189 1006 lloe

342 1027 472 1063 gaudium
496 1026 642 1054 inchoatur
664 1026 690 1053 in
714 1025 757 1054 via
777 1029 803 1054 et
819 1029 1027 1054 consummatur
1043 1025 1068 1053 in
1085 1025 1188 1061 patria;

341 1073 375 1101 ad
396 1073 470 1110 quod
491 1081 541 1102 nos
562 1073 695 1110 perducat
716 1076 766 1101 etc.

648 1167 738 1195 Sanno
760 1166 849 1194 XXVI!
866 1166 885 1194 2.

422 1260 480 1296 Qui
500 1269 586 1288 mane
609 1260 730 1297 vigilavit
751 1260 792 1288 ad
812 1268 856 1287 me
878 1259 1022 1287 invenient
1041 1268 1101 1293 me,
1126 1260 1188 1288 Pro-

342 1307 502 1335 verbiorum
525 1310 621 1336 octavo
636 1307 655 1334 ⁸.

423 1354 448 1381 ln
471 1353 563 1381 verbis
583 1353 642 1381 istis
665 1353 829 1389 proponitur
851 1353 929 1381 nobis
951 1361 966 1380 a
987 1353 1077 1381 Verbo
1100 1353 1188 1381 incar-

342 1403 405 1428 nato
433 1400 522 1428 dulcis
550 1399 712 1436 promissio,
734 1407 804 1436 quae
827 1399 937 1436 quidem
968 1399 1038 1427 tollit
1059 1399 1189 1435 antiquae

341 1446 555 1483 exspectationis
569 1446 756 1479 <litationem
777 1446 866 1483 exiqit
881 1446 1018 1474 humanae
1033 1445 1189 1474 considera-

342 1494 422 1522 tionis
437 1494 619 1521 attentionem
627 1504 637 1526 ,·
652 1493 733 1530 offert
747 1496 774 1521 et
788 1493 918 1529 proponit
932 1493 1110 1529 propheticae-
1125 1501 1188 1529 pro-

340 1540 477 1568 missionis
488 1539 688 1568 exhibitionem
702 1540 759 1568 sive.
771 1539 971 1576 impletionem.
982 1540 1103 1567 Primum
1116 1539 1188 1573 facit,

338 1595 400 1615 eum
422 1587 502 1615 dicit:
518 1595 621 1619 mane:
636 1586 798 1620 secundum,
814 1594 877 1615 cum
900 1587 1057 1623 subiungit:
1076 1587 1134 1622 Qui
1148 1586 1188 1614 oi-

337 1633 432 1671 qaam
447 1633 487 1662 ad
502 1642 563 1666 me‚·
586 1634 708 1667 tertium,
723 1641 787 1662 cum
809 1633 962 1662 subinfert:
979 1633 1120 1662 invenient
1135 1642 1187 1662 me.

420 1681 436 1708 l.
461 1681 582 1709 Primum
611 1689 677 1717 ergo
706 1680 776 1709 tollit
805 1680 856 1709 ista
884 1669 1030 1717 promissio
1059 1680 1188 1717 antiquae

339 1728 552 1764 exspectationis
580 1727 765 1761 dilationem,
794 1735 857 1756 eum
886 1727 967 1756 dicit:
990 1736 1083 1756 mane.
1113 1727 1189 1756 Sicut

339 1775 411 1803 enim
430 1774 456 1802 in
477 1775 528 1803 isto
543 1783 629 1803 mane
649 1774 801 1803 materiali
819 1776 866 1803 a‘er
888 1774 1045 1803 illustratur
1066 1778 1093 1803 et
1114 1782 1188 1803 sere-

339 1824 432 1855 natur,
455 1824 530 1850 terra
551 1821 690 1850 irroratur
712 1824 739 1850 et
759 1821 935 1855 fecundatur,
957 1829 1022 1858 ager
1045 1821 1188 1858 vigoratur

339 1872 366 1898 et
387 1869 543 1906 quietatur;
560 1869 598 1897 sic
620 1869 646 1897 in
669 1869 721 1897 isto
742 1877 828 1897 mane
848 1868 1018 1905 spirituali,
1041 1876 1104 1897 cum
1128 1869 1189 1897 Ver-

339 1915 408 1944 bum
429 1924 500 1944 caro
515 1915 629 1953 factum
644 1919 683 1944 est
694 1916 715 1948 4,
733 1918 807 1944 totus
829 1915 950 1944 mundus
964 1918 1005 1944 est
1021 1915 1189 1944 illustratus

339 1965 366 1991 et
380 1966 532 1991 serenatus
547 1962 693 1999 splendore
714 1966 841 1991 aeternae
858 1962 1019 1999 Sapientiae,
1037 1963 1189 1991 irroratus

339 2012 366 2038 et
379 2008 557 2046 fecundatus
572 2017 636 2038 rore
657 2009 782 2038 caelestis
803 2009 916 2046 gratiae,
932 2009 979 2038 sed
993 2009 1147 2047 viyormus
1162 2012 1189 2037 et

339 2056 485 2094 quietatus
505 2056 598 2093 vigore
619 2064 743 2084 summae
759 2056 896 2093 potentiae
912 2057 921 2073 5
953 2056 1019 2084 Nam
1036 2056 1108 2085 istud
1124 2056 1189 2084 Ver-

340 2103 405 2132 bum
429 2106 524 2131 natum
547 2107 589 2132 est
610 2112 680 2131 earo
695 2102 826 2140 factum,
849 2103 923 2140 quod
945 2106 986 2132 est
1007 2103 1129 2132 Verbum
1146 2112 1188 2132 sa—

338 2150 557 2186 pientissimum,
587 2150 831 2179 clementissimum
854 2153 881 2178 et
902 2150 1139 2186 potentissimum3
1161 2153 1188 2178 et

339 2197 400 2225 ideo
421 2197 512 2225 emisit
532 2197 653 2225 radium
675 2196 945 2233 splendidissimum,
967 2197 1102 2225 mundum
1126 2197 1188 2225 illu*

340 2247 472 2273 strantem
494 2248 521 2273 et
542 2247 732 2277 serenantem3
748 2244 896 2272 destillavit
915 2252 1010 2272 rorem
1027 2243 1188 2272 fecundissi—

339 2299 425 2325 mum,
448 2292 582 2319 mundum
605 2291 771 2319 irrorantem
794 2294 821 2319 et
842 2290 1051 2325 secundantem;
1074 2290 1188 2319 manife-

339 2338 418 2366 stavit
441 2338 570 2375 viyorem
591 2338 835 2371 sublimissimum,
859 2337 993 2365 mundum
1017 2337 1185 2374 vigorantem

339 2388 365 2413 et
386 2385 565 2421 qiiietantem.

419 2432 446 2459 ln
468 2432 519 2459 isto
541 2439 606 2468 ergo
628 2439 714 2459 marie
728 2434 769 2459 est
788 2430 910 2459 mundus
925 2430 1093 2459 illustratus
1107 2433 1134 2459 et
1148 2438 1187 2457 se-

339 2482 461 2506 renatus
482 2486 517 2506 ex
540 2478 694 2514 praesentia
716 2477 798 2506 Verbi
818 2477 883 2505 nati.
900 2477 964 2505 Nam
981 2477 1014 2505 de
1029 2476 1187 2513 pastoribus

1001 155 1173 184 SERMONES
1194 155 1236 183 DE
1258 154 1421 183 TEMPORE.

1243 232 1344 260 dicitur
1367 233 1454 260 Lucae
1472 232 1592 260 secundo
1607 232 1627 265 ⁶,
1649 232 1732 268 quod,
1747 233 1856 261 Christo
1872 237 1943 267 nato,
1965 233 2088 262 claritas

1246 278 1297 306 Dei
1317 277 1516 315 circumfulsit
1538 278 1610 312 illos,
1629 283 1654 307 et
1676 279 1835 308 timuerunt
1857 280 1958 308 timore
1973 288 2086 317 magma

1245 325 1283 353 De
1304 325 1355 353 isto
1376 333 1462 353 mane
1490 325 1592 353 dicitur
1615 325 1698 354 Isaiae
1719 326 1947 362 quimpiagesimo
1976 331 2087 355 octavo:

1252 371 1331 399 Tunc
1352 374 1481 408 erumpet
1496 371 1584 409 quasi
1598 380 1683 399 mane
1705 371 1799 400 lumen
1816 376 1909 405 tii-um,
1932 376 1957 401 et
1973 373 2089 401 sanitas

1246 420 1297 445 tua
1312 417 1398 445 citius
1413 417 1540 450 orietur‚·
1553 418 1636 446 Exodi
1650 418 1755 447 decimo
1770 427 1857 447 nono:
1871 420 1932 448 lam
1950 428 2035 448 maim
2050 419 2090 448 in-

1246 463 1406 498 claruerat,
1429 468 1453 492 et
1468 472 1537 498 ecee,
1553 468 1707 501 coeperunt
1721 465 1826 494 audiri
1847 466 1988 500 tonitrua,
2005 466 2029 494 id
2049 470 2090 495 est

1246 511 1471 539 comminationes
1494 514 1705 546 tormentorum,
1727 520 1763 540 ac
1781 512 1891 541 micare
1912 511 2048 550 sulpura,
2064 513 2088 542 id

1246 560 1287 585 est
1308 557 1503 593 promissiones
1526 558 1728 593 praemiorum;
1751 558 1862 586 secundi
1893 559 1994 596 Regum
2018 559 2089 596 vige—

1246 603 1316 631 simo
1339 603 1419 631 tertio
1435 603 1460 631 ⁷:
1484 604 1584 631 Iustus
1598 604 1766 632 dominator
1782 605 1812 632 in
1834 606 1935 633 timore
1959 606 2018 640 Dei,
2036 606 2091 634 sic-

1247 654 1279 677 ut
1300 650 1352 677 lua·
1373 658 1514 683 aurorae,
1530 650 1636 678 oriente
1656 651 1722 684 sole,
1739 660 1823 680 mane
1837 652 1944 690 absque
1964 652 2090 682 aubibus

1247 696 1358 724 rutilat.
1382 712 1418 717 —
1440 696 1526 725 Huius
1547 697 1676 733 splendor
1704 702 1823 726 mentem
1851 699 1980 735 tangebat
2005 700 2091 737 Virgi-

1247 743 1288 771 nis
1299 743 1484 772 decantantis:
1498 744 1668 780 illaynilieat
1679 744 1782 772 anima
1794 753 1858 773 mea
1872 746 2028 774 Dominum,
2039 750 2089 775 etc.

1247 790 1333 818 Huius
1353 798 1439 818 mam
1460 790 1571 818 claritas
1594 793 1712 819 mentem
1731 791 1858 828 tangebat
1874 793 1951 829 pueri
1969 793 2088 821 nondum

1247 837 1318 871 nati,
1341 845 1404 865 cum
1425 837 1584 865 ieaesztttaret
1605 837 1697 866 adbuc
1732 838 1836 867 cubans
1867 839 1897 867 iu
1927 843 2007 867 utero
2037 847 2091 868 ma-

1248 886 1333 912 terno.
1357 884 1443 912 Huius
1464 884 1593 920 splendor
1626 888 1743 913 mentem
1767 885 1855 922 tetigit
1886 886 2091 922 prophetissae,

1247 938 1308 959 cum
1331 930 1396 959 dicit
1411 931 1437 958 ³:
1469 932 1502 959 Et
1530 931 1606 959 umle
1635 930 1686 959 boc
1707 931 1796 966 mibi,
1818 936 1852 960 ut
1882 933 1979 961 veniat
1999 933 2091 962 Mater

1250 977 1366 1005 Domini
1385 978 1441 1006 mei
1462 977 1502 1006 att
1520 978 1584 1006 me?
1606 978 1692 1007 Huius
1707 979 1836 1015 splendor
1852 983 1970 1008 mentem
1992 980 2092 1008 illumi*

1247 1024 1328 1052 nabat
1360 1024 1434 1052 illius
1465 1024 1512 1061 qui
1544 1024 1670 1053 dicebat:
1702 1025 1857 1054 Abs-bissus
1887 1030 1928 1054 est
1956 1026 2032 1063 lapis
2059 1027 2092 1056 de

1245 1074 1339 1099 monte
1359 1071 1421 1099 siue
1442 1071 1580 1099 manibus
1601 1076 1624 1099 et
1646 1072 1765 1108 replevit
1779 1072 1949 1102 universam
1965 1077 2092 1107 territum

1246 1120 1274 1146 et
1301 1117 1374 1146 illius
1402 1118 1448 1154 qui
1474 1118 1547 1146 dulci
1576 1119 1698 1147 carmine
1728 1119 1906 1156 depromebat
1922 1120 1948 1148 ⁹:
1971 1120 2026 1149 Hic
2052 1126 2092 1149 est

1249 1165 1324 1193 Deus
1345 1169 1451 1198 uester,
1481 1169 1504 1193 et
1532 1174 1590 1193 nou
1616 1166 1820 1195 aestimabitur
1842 1167 1921 1195 alius
1949 1167 2092 1196 adversas

1246 1219 1319 1239 eum.
1344 1212 1412 1239 Post
1434 1210 1503 1240 liaeo
1525 1212 1556 1240 iu
1578 1212 1665 1240 terris
1686 1213 1768 1240 visas
1782 1217 1823 1241 est
1844 1217 1949 1242 etcum
1973 1213 2092 1243 liomiui-

1247 1257 1299 1286 bus
1320 1262 1509 1286 coitum-satus
1531 1262 1588 1291 est,·
1610 1266 1660 1287 nec
1688 1267 1741 1287 non
1772 1260 1881 1288 illorum
1905 1269 2025 1297 quorum
2053 1261 2092 1290 al-

1248 1307 1288 1332 ter
1303 1304 1324 1321 1⁰
1339 1304 1411 1332 dulci
1435 1304 1545 1333 modulo
1560 1305 1736 1334 decantabat:
1755 1306 1869 1335 (Ji-eavit
1886 1307 2028 1336 Dominus
2042 1316 2091 1336 uo—

1245 1359 1315 1379 vum
1335 1359 1425 1387 super
1454 1355 1582 1380 tei-ram.-
1605 1352 1728 1380 Femina
1757 1353 1953 1382 circumdabit
1973 1355 2091 1389 viriam

1245 1397 1314 1426 alter
1336 1405 1418 1426 vero:
1443 1399 1528 1431 Eece,
1550 1399 1633 1435 vii-370
1655 1399 1794 1436 concipiet
1824 1405 1849 1428 et
1869 1401 1966 1437 pariet
1985 1401 2090 1438 filium,

1245 1448 1269 1472 et
1290 1444 1443 1472 vocabam·
1465 1453 1566 1473 nomeu
1581 1445 1644 1473 eius
1661 1446 1840 1475 Emmanuel.
1858 1447 1943 1476 l-luius
1963 1448 2091 1485 splendor

1247 1490 1396 1519 irradiabat
1417 1491 1453 1519 illi
1477 1492 1523 1528 qui
1546 1491 1654 1520 dicebat
1667 1493 1704 1520 ¹¹:
1720 1492 1756 1520 Iu
1775 1493 1832 1521 sole
1844 1494 1942 1530 posuit
1957 1494 2092 1523 taberna-

1245 1538 1345 1566 culum
1358 1546 1458 1571 suam,
1473 1542 1498 1566 et
1513 1539 1573 1575 ipse
1588 1542 1728 1575 tauquam
1744 1548 1869 1577 sponsus
1886 1542 2045 1578 procedens
2059 1542 2093 1570 de

1246 1584 1374 1613 thalamo
1395 1594 1466 1618 suo‚·
1488 1589 1514 1614 et
1536 1586 1573 1614 illi
1596 1586 1643 1623 qui
1659 1587 1792 1623 populum
1811 1588 1965 1617 subiectum
1988 1589 2093 1618 consor*

1246 1635 1306 1661 tans
1327 1632 1430 1661 aiebat:
1455 1632 1631 1670 Proplietam
1653 1633 1687 1661 cte
1706 1638 1787 1671 yente
1808 1638 1860 1663 tua
1882 1639 1908 1663 et
1927 1635 1961 1664 de
1985 1635 2092 1672 fratri—

1246 1679 1299 1708 bus
1330 1679 1388 1708 tuis
1419 1680 1495 1708 sieut
1525 1688 1569 1708 me
1599 1680 1754 1709 suscitabit
1777 1681 1829 1710 tibi
1851 1682 1993 1711 Dominus
2016 1683 2092 1712 Deus

1246 1730 1331 1760 tuus,
1353 1726 1451 1763 ipsum
1476 1726 1579 1755 audies
1587 1737 1597 1760 ;
1619 1730 1645 1755 et
1667 1727 1703 1755 illi
1721 1728 1743 1744 ¹2
1765 1728 1812 1765 qui
1836 1729 2030 1766 prophetabat,
2052 1730 2092 1758 di-

1245 1781 1324 1802 cens:
1347 1773 1411 1802 Nou
1434 1773 1589 1811 auferetur
1609 1778 1757 1811 sceptrum
1778 1775 1812 1803 cte
1833 1775 1920 1810 Iuda,
1936 1779 1962 1804 et
1982 1776 2044 1804 dux
2058 1777 2092 1805 de

1244 1820 1354 1858 femore
1381 1821 1461 1855 eius,
1483 1821 1572 1849 donec
1600 1821 1697 1850 veuiat
1725 1822 1777 1859 qui
1803 1823 1961 1851 mittendus
1982 1826 2038 1857 est,
2067 1827 2091 1852 et

1245 1867 1305 1904 ipse
1325 1867 1381 1896 eru
1401 1868 1573 1904 exspectatio
1593 1869 1730 1905 petilium.
1754 1869 1808 1897 Hoc
1828 1869 1984 1898 illustratus
2008 1870 2091 1899 Abra-

1245 1914 1308 1943 ham
1331 1918 1476 1951 promptus
1497 1919 1557 1943 erat
1578 1915 1665 1944 filium
1688 1915 1840 1949 immolare,
1863 1919 1890 1945 et
1910 1916 1975 1945 Abel
1989 1917 2092 1954 optima

1245 1969 1437 1998 quaecumque
1459 1962 1615 1990 sacrificare
1631 1962 1685 1990 Deo
1706 1962 1846 1991 altissimo.
1864 1963 1949 1992 Huius
1971 1964 2092 1993 suavitas

1247 2008 1367 2036 immisit
1387 2017 1519 2045 soporem
1542 2009 1573 2037 iu
1596 2010 1692 2037 :idam
1708 2010 1742 2043 1³,
1764 2012 1796 2038 ut
1824 2010 1930 2039 videret
1950 2011 2089 2040 altissima.

1245 2056 1331 2084 Huius
1352 2056 1480 2092 splendor
1496 2056 1657 2092 penetrabat
1673 2056 1808 2092 profunda
1822 2057 2012 2092 tenebrarum,
2027 2065 2090 2088 cum

1246 2103 1351 2131 Balaam
1373 2102 1494 2131 dicebat:
1520 2102 1639 2130 Orietur
1659 2102 1741 2131 stella
1756 2112 1790 2131 επ
1807 2103 1906 2137 Iacob,
1929 2107 1954 2132 et
1968 2112 2090 2133 consur—

1243 2153 1289 2185 9et
1309 2149 1396 2186 vii-qa
1417 2149 1450 2177 (le
1474 2149 1582 2182 lsrael5
1604 2152 1631 2177 et
1652 2149 1821 2185 profundum
1837 2150 1928 2187 abyssi
1950 2151 2091 2180 subintra-

1244 2196 1303 2229 bat,
1325 2196 1435 2232 quando
1461 2195 1605 2232 populati,
1635 2196 1687 2233 qui
1707 2196 1878 2225 ambulabat
1899 2197 1930 2225 iu
1952 2197 2088 2233 tenebris,

1246 2243 1317 2271 oiclit
1338 2243 1427 2271 lucem
1450 2251 1609 2280 inaquam,-
1631 2242 1830 2271 babitantibus
1845 2244 1876 2272 iu
1896 2244 2012 2282 reqioue
2026 2253 2090 2274 um-

1245 2289 1314 2318 brae
1336 2289 1438 2317 mortis
1460 2289 1511 2317 lux
1533 2293 1599 2317 orta
1620 2294 1660 2318 est
1681 2290 1721 2318 eis
1738 2291 1767 2318 ¹4.

1322 2336 1389 2364 Cum
1412 2336 1496 2373 igitur
1519 2336 1598 2365 istius
1618 2345 1704 2365 mane
1725 2337 1854 2374 splendor
1876 2338 1964 2375 tetigit
1984 2342 2088 2368 mentes
2109 2342 2221 2367 Applicatio.
2240 2315 2242 2366 i

1244 2382 1485 2419 supradictorum
1515 2382 1548 2411 de
1578 2383 1727 2420 longinquo
1756 2383 1828 2412 istud
1856 2392 1942 2412 mane
1966 2385 2088 2414 conside-

1244 2430 1380 2463 rantium,
1403 2429 1509 2458 timebit
1529 2430 1620 2458 omnis
1641 2430 1748 2464 anima,
1770 2438 1842 2467 quae
1869 2431 1921 2462 isto
1948 2439 2033 2460 mane
2060 2440 2089 2461 se

1244 2484 1309 2504 vero
1331 2476 1434 2504 lumine
1456 2484 1509 2504 non
1526 2476 1633 2505 noverit
1649 2476 1824 2511 illustratam,
1846 2477 1911 2514 quia
1936 2478 2086 2507 secundum

402 2630 409 2643 ¹
430 2631 493 2652 Vers.
512 2631 532 2652 11.
551 2633 572 2652 et
590 2630 616 2657 6;
634 2630 737 2659 seqnitur
753 2630 825 2657 Apoc.
846 2630 886 2657 19,
903 2630 924 2651 7.
944 2632 965 2652 et
982 2630 1037 2652 Luc.
1055 2631 1076 2657 2,
1090 2630 1126 2652 10.
1138 2636 1186 2658 seq.

401 2668 410 2682 ²
428 2670 459 2692 Ex
477 2669 596 2692 Parisiensi
613 2669 664 2692 cod.
683 2670 696 2691 S
715 2669 752 2691 sol.
770 2669 815 2691 330
828 2675 854 2697 r.,
868 2669 1000 2691 Tudertinis
1017 2669 1083 2691 codd.
1098 2675 1119 2691 n.
1136 2669 1184 2691 104.

339 2710 375 2732 sol.
395 2710 423 2731 30
441 2716 464 2731 v.
482 2711 503 2731 et
520 2715 542 2730 n.
562 2709 569 2730 Ἰ1
581 2709 614 2731 15.
632 2709 668 2731 sol.
687 2709 711 2730 31
733 2715 751 2730 r.
770 2708 815 2730 Sed
836 2708 858 2730 hi
881 2708 973 2730 codices
996 2708 1127 2733 Tudertini.
1146 2708 1185 2736 qui

337 2749 395 2771 inter
413 2754 437 2770 se
454 2748 606 2774 conveniunt,
624 2748 723 2775 primam
741 2750 830 2775 partem
849 2750 937 2769 tantum
956 2746 1057 2769 breviter
1068 2749 1185 2775 exponunt

338 2791 359 2810 et
377 2788 399 2810 in
417 2787 518 2810 secunda
537 2787 652 2809 interdum
671 2792 743 2814 pauca
763 2786 834 2809 verba
851 2786 966 2808 omittunt.

400 2825 409 2838 ³
427 2827 491 2849 Vers.
514 2826 548 2848 17.

399 2865 408 2877 ⁴
426 2866 486 2888 ioan.
508 2866 529 2892 l,
549 2865 585 2887 it.

400 2904 409 2916 5
426 2905 552 2933 Hucusque
569 2904 640 2928 secuti
658 2910 740 2926 sumus
765 2906 850 2926 textum
874 2904 993 2926 clariorem
1014 2904 1120 2927 codicum
1137 2904 1183 2926 Tu-

337 2944 487 2966 dertinorum.

1306 2629 1316 2642 ⁶
1334 2630 1399 2652 Vers.
1417 2630 1443 2658 9;
1461 2630 1564 2659 sequitur
1582 2630 1631 2652 lsai.
1649 2630 1685 2658 58,
1704 2631 1725 2653 8.
1745 2633 1766 2653 et
1784 2631 1853 2653 Exod.
1872 2631 1908 2658 19,
1928 2631 1963 2653 16,

1306 2667 1314 2680 ⁷
1334 2669 1398 2691 Vers.
1416 2669 1437 2691 3.
1455 2675 1516 2698 seq-3
1533 2669 1636 2698 sequitur
1648 2670 1703 2691 Luc.
1725 2670 1742 2697 1,
1760 2669 1797 2691 46.
1810 2676 1875 2698 seqq.
1888 2672 1909 2691 et
1920 2669 2005 2692 deinde
2017 2675 2038 2691 v.
2052 2669 2088 2691 411.

1305 2706 1314 2719 Β
1331 2708 1384 2730 Luc.
1407 2709 1424 2734 l,
1443 2708 1484 2736 t3;
1503 2708 1607 2737 sequitur
1626 2709 1681 2730 Dan.
1699 2709 1720 2735 2,
1738 2708 1775 2730 34.
1793 2715 1841 2737 seq.

1305 2745 1314 2758 ⁹
1332 2747 1419 2769 Barucb
1438 2748 1458 2774 3,
1477 2747 1513 2769 36.
1532 2748 1569 2769 38.

1306 2785 1324 2798 ¹⁰
1342 2787 1382 2808 ler.
1400 2786 1436 2813 31,
1455 2787 1496 2814 223
1515 2787 1618 2815 sequitur
1636 2787 1684 2809 lsai.
1701 2787 1723 2815 7,
1745 2786 1777 2808 1-1.

1304 2824 1321 2837 ²¹
1341 2826 1421 2847 psalm.
1444 2826 1477 2853 19,
1495 2826 1520 2852 6;
1538 2826 1643 2854 sequitur
1661 2826 1726 2848 Deut.
1749 2826 1782 2854 lS,
1800 2825 1838 2848 115.

1303 2863 1323 2876 ¹²
1340 2864 1397 2886 Gen.
1406 2864 1443 2892 49,
1457 2865 1490 2886 10.
1500 2868 1522 2886 et
1533 2865 1617 2887 deinde
1630 2865 1784 2892 respiciuntur
1793 2871 1813 2887 c.
1822 2865 1860 2893 22,
1869 2866 1889 2887 2.
1900 2870 1964 2893 seqq.
1975 2867 1996 2887 et
2006 2870 2024 2887 c.
2036 2864 2055 2892 4,
2067 2864 2087 2886 4.

1303 2902 1322 2915 ¹⁸
1340 2903 1395 2925 Gen.
1413 2904 1434 2932 ⁴2,
1452 2904 1492 2930 ‘2l;
1511 2903 1614 2932 sequitur
1632 2904 1698 2926 Num.
1717 2903 1753 2931 24,
1776 2903 1808 2925 17.

1303 2942 1322 2955 14
1339 2943 1388 2965 lsai.
1407 2943 1433 2970 9,
1451 2944 1471 2965 2.

2125 705 2208 725 notanda
2218 691 2230 731 ἶ.

2119 729 2209 753 exempla.
2221 733 2224 740 ¹
