2243 3348
274 823 352 842 Divisio.

265 1195 311 1213 Pars
323 1195 337 1213 1.

239 1219 266 1237 De
280 1218 356 1245 descen-

270 1246 329 1260 §lone-

236 1567 282 1585 Parfl
295 1567 315 1593 ΙΙ..
330 1567 357 1585 De

239 1595 356 1609 ascensione.

253 1892 344 1912 Ascensiu

242 1916 304 1939 quoad
318 1921 358 1934 cor-

248 1944 353 1981 Ξὲὃοῆἳιὲἓῗ

369 186 425 215 318

370 263 524 296 intensum,
547 270 602 298 quo
623 260 749 289 Christus
770 257 892 287 ascendit
912 259 939 285 et
959 253 1099 284 descendit
1120 255 1147 281 et
1161 260 1211 280 nos

370 309 517 338 ascendere
538 308 601 336 facit
614 308 631 335 ¹.
654 305 818 342 Rogabimus
839 302 986 331 Dominum
1008 303 1059 329 etc.

708 405 798 432 Sanno
821 403 839 430 11
852 403 870 430 2.

440 501 471 525 111
491 499 639 524 Ascensione
656 497 754 522 Domini
774 502 853 520 sermo
871 494 958 519 fratris
971 492 1161 518 Bonaventurae
1177 498 1213 516 co-

371 550 423 568 ram
443 540 611 566 Universitate
629 539 756 567 Pax-isius,
775 538 801 562 in
820 537 891 561 domo
909 535 1036 561 Fratrum.

449 629 537 658 Nemo
558 627 686 656 ascendit
707 626 738 654 in
758 625 888 658 caelum,
909 624 969 652 nisi
992 623 1044 660 qui
1071 620 1215 650 descendit

370 678 404 706 de
424 676 515 710 caeto,
538 675 632 704 Filius
654 672 795 706 hominis,
817 671 869 709 qai
888 673 929 699 est
951 669 1086 702 incaelo,
1109 667 1215 696 Ioannis

370 723 452 753 tertio
466 722 486 750 ⁸.

451 770 478 798 ln
501 768 544 797 liis
565 767 657 796 verbis
679 766 731 794 tria
755 765 894 801 eleganter
921 765 1053 791 notantur
1078 764 1213 798 quantum

368 818 405 849 ,ad
420 816 617 845 solemnitatem
634 813 809 845 hodiernam,
825 811 927 840 scilicet
942 809 1122 838 ascendentis
1138 815 1215 844 prae—

371 863 553 893 clarissimum
574 861 727 893 meritum,
756 866 819 887 cum
846 857 962 886 dicitur:
993 855 1051 892 Qui
1077 854 1111 883 de
1138 854 1215 882 caclo

372 909 533 942 descendit;
556 906 735 936 ascensionis
754 903 949 941 inclytissimae
971 902 1130 934 terminus,
1152 908 1215 929 cum

372 956 496 985 additur:
519 953 648 983 ascendit
668 953 699 981 in
720 951 850 983 caelum‚·
871 949 1051 978 ascensionis
1077 947 1215 976 desidera-

373 1003 494 1032 tissimus
519 1001 653 1038 fructus,
682 1007 746 1028 cum
774 998 918 1027 subditur:
948 996 1044 1024 Filius
1072 994 1215 1027 hominis,

372 1050 424 1088 qui
443 1052 483 1077 est
504 1048 534 1076 in
555 1047 648 1080 caelo,
672 1050 801 1082 tanquam
823 1043 1035 1081 primoyenitus
1057 1042 1088 1070 in
1115 1041 1216 1070 multis

372 1095 519 1133 fratribus
533 1097 555 1128 4,
575 1093 707 1130 pandens
727 1092 781 1120 iter
802 1095 868 1119 ante
888 1097 983 1118 omnes
1004 1090 1113 1118 electos.

453 1142 469 1169 Ι.
492 1141 576 1169 Dicit:
600 1140 658 1176 Qui
677 1138 829 1171 descendit,
852 1138 877 1166 in
897 1136 1084 1165 incarnatione
1100 1143 1148 1172 per
1164 1134 1215 1162 ltu-

372 1189 522 1217 militatem
544 1186 735 1218 obedientiae;
758 1185 863 1213 loannis
881 1186 960 1212 sexto
975 1183 1001 1210 5:
1026 1181 1164 1211 Descendi
1183 1181 1217 1210 de

374 1235 467 1269 caelo,
489 1243 546 1263 non
568 1237 599 1262 ut
619 1233 732 1270 faciam
756 1232 929 1260 voluntatem
959 1238 1070 1263 meam,
1099 1229 1149 1257 sed
1169 1237 1216 1256 vo-

374 1282 513 1311 luntatem
534 1281 599 1309 eius
611 1280 662 1318 qui
682 1279 763 1308 misit
782 1287 834 1306 nze.
857 1294 894 1297 —-
909 1278 958 1305 Per
977 1277 1112 1313 pietatem
1133 1276 1218 1304 mise-

374 1328 538 1360 ricordiae,-
562 1327 644 1355 Isaiae
660 1325 831 1362 sexagesimo
853 1328 968 1361 quarto:
993 1323 1179 1356 Descendisti,
1194 1326 1218 1350 et

374 1384 394 1403 a
414 1374 491 1412 facie
512 1379 564 1402 tua
585 1377 693 1402 montes
714 1372 906 1408 ctefluaeerunt.
930 1387 966 1391 -
994 1370 1043 1398 Per
1063 1370 1217 1398 sincerita-

375 1425 428 1450 tem
444 1420 666 1451 benevolentiae,-
682 1419 819 1447 psalmus:
845 1417 976 1450 Domine,
998 1416 1110 1445 inclina
1125 1415 1218 1444 caelos

375 1471 439 1495 tuos
460 1471 485 1495 et
505 1465 655 1499 descende,
678 1469 763 1501 tanye
783 1468 910 1497 montes,
932 1468 957 1491 et
978 1462 1168 1500 fumigabunt
1183 1462 1203 1489 ⁶.

453 1514 480 1541 ΙΙ.
506 1514 567 1550 Ipse
587 1516 628 1540 est
648 1516 673 1540 et
693 1511 744 1549 qui
765 1510 895 1539 ascendit
920 1518 1010 1546 super
1031 1518 1128 1538 omnes
1155 1517 1218 1537 cae-

374 1561 416 1589 los
427 1561 448 1594 ⁷,
470 1560 497 1588 id
514 1563 555 1588 est
574 1566 658 1595 super
673 1558 830 1595 quindecim
845 1557 927 1586 orbes
942 1556 1036 1585 [nundi
1052 1556 1177 1592 corporei
1192 1559 1219 1584 et

373 1610 507 1644 quantum
530 1606 562 1634 ad
583 1605 703 1634 animam
720 1612 805 1641 super
826 1604 983 1641 quindecim
1002 1603 1071 1632 vitas
1093 1603 1218 1639 incorpo-

373 1661 449 1687 reas,
471 1656 498 1681 et
520 1653 570 1681 boc
592 1655 679 1680 totum
702 1659 756 1680 non
777 1651 836 1679 sine
857 1658 955 1684 causa,
976 1649 1152 1686 exigentibus
1167 1649 1219 1677 hoc

373 1699 630 1728 transcendentibus
651 1697 803 1726 virtutibus
824 1700 851 1725 et
873 1696 1091 1725 multiformibus
1113 1695 1218 1723 meritis

373 1751 400 1776 et
419 1746 599 1784 dignitatibus
619 1746 687 1774 eius.
714 1744 767 1772 Nisi
797 1744 870 1772 enim
899 1746 1006 1771 tantum
1035 1741 1220 1771 descendisset

373 1796 399 1822 et
421 1801 449 1821 se
470 1792 682 1824 exinanivisset,
704 1798 758 1818 non
778 1794 886 1818 tautum
900 1789 1040 1818 diceretur
1055 1788 1217 1817 ascendisse.

452 1838 576 1868 Ascendit
597 1838 669 1867 enirn
687 1840 822 1874 quantum
844 1836 877 1864 ad
896 1843 998 1872 corpus
1018 1842 1103 1871 super
1123 1834 1219 1863 orbem

374 1889 500 1914 terreum
522 1888 635 1922 propter
656 1891 733 1912 suam
755 1886 880 1911 ornatam
897 1881 1125 1919 pulcritudinem,
1140 1889 1219 1918 prae-

374 1933 509 1961 valentem
538 1934 628 1960 terrae
656 1933 683 1959 et
711 1929 873 1966 proprietati
901 1929 976 1963 eius;
1006 1928 1087 1964 primi
1116 1928 1219 1964 Regum

374 1979 480 2008 decimo
500 1981 600 2015 quarto
615 1977 641 2004 ³:
664 1976 800 2005 Ascendit
814 1974 966 2009 Ionathas,
981 1974 1120 2003 manibus
1135 1978 1160 2003 et
1171 1983 1220 2011 pe-

375 2025 461 2054 dibus
488 2028 615 2062 reptans.
648 2040 684 2043 —
716 2023 817 2052 Orbem
845 2030 971 2060 aqueum
1000 2024 1113 2058 propter
1142 2029 1219 2050 suam

375 2075 517 2101 strenuam
538 2071 701 2108 agilitatem,
722 2069 925 2106 praevalentem
947 2076 1035 2105 aquae
1057 2071 1084 2097 et
1098 2069 1221 2105 proprie-

375 2119 424 2147 tati
454 2118 530 2151 eius;
559 2117 630 2146 tertii
662 2117 763 2153 Regum
793 2116 898 2145 decimo
925 2119 1042 2144 octavo:
1071 2114 1221 2143 Nubecula

372 2173 472 2201 parva
486 2164 573 2202 quasi
587 2163 738 2200 vestigium
754 2162 879 2191 ltominis
894 2161 1064 2190 ascendebat
1079 2161 1112 2189 de
1131 2161 1219 2190 mari.

375 2228 413 2232 —-
434 2211 535 2239 Orbem
559 2213 676 2238 aereum
697 2213 811 2246 propter
840 2217 918 2238 suam
946 2212 1127 2245 temperatam
1149 2208 1220 2236 sani-

375 2261 468 2291 tatem,
483 2257 686 2294 praevalentem
701 2256 757 2285 aeri
773 2259 800 2284 et
816 2255 976 2292 proprietati
999 2255 1073 2288 eius;
1097 2254 1220 2283 ludicum

375 2304 480 2333 decimo
508 2303 605 2333 tertio:
628 2303 757 2340 Cumque
782 2303 947 2331 ascenderet
969 2301 1093 2338 flamina
1114 2301 1221 2330 altaris

376 2351 407 2380 in
438 2350 568 2384 caelum,
602 2349 730 2387 Anyetus
764 2349 881 2377 Domini
897 2349 1014 2385 pariter
1039 2348 1071 2376 in
1097 2347 1220 2384 stamma

376 2397 513 2425 ascendit.
528 2413 566 2416 —
586 2396 688 2425 Orbem
710 2396 827 2433 igneum
848 2398 962 2432 propter
983 2402 1061 2423 suam
1084 2395 1220 2431 ingentem

375 2443 573 2477 fortitudinem,
590 2443 793 2479 praevalentem
815 2442 870 2479 igni
885 2445 912 2470 et
927 2441 1023 2470 virtuti
1038 2441 1113 2475 eius;
1129 2441 1220 2478 quarti

377 2490 480 2526 Regum
495 2490 616 2518 secundo
630 2489 656 2517 ⁹:
673 2490 756 2522 Ecce,
771 2496 881 2517 currus
896 2488 999 2525 tyneus
1019 2492 1043 2515 et
1064 2488 1131 2525 equi
1144 2487 1223 2524 iynei

377 2535 538 2563 diviserunt
560 2538 733 2572 utrumque,
754 2538 780 2563 et
803 2534 933 2562 ascendit
955 2533 1036 2562 Elias
1052 2542 1108 2571 per
1130 2533 1222 2562 turbi-

1026 176 1198 206 SERMONES
1218 174 1261 203 DE
1282 172 1444 202 TEMPORE.

1266 259 1330 278 nem
1352 250 1381 278 in
1403 249 1524 278 caelum.
1546 264 1584 269 -
1605 247 1707 276 Orbem
1731 246 1865 275 lunarem
1890 249 2003 283 propter
2032 254 2109 274 suam

1267 296 1405 332 copiosam
1426 295 1630 327 fecunditatem,
1653 293 1890 322 transcendentem
1912 293 2007 321 orbem
2030 293 2111 321 lunae

1267 345 1295 371 et
1315 342 1448 370 virtutem
1469 341 1544 374 eius;
1568 340 1705 369 Psalmus:
1730 339 1787 375 Qui
1807 339 1937 367 ascendit
1957 347 2045 376 super
2067 346 2111 367 oc-

1268 397 1388 421 casum,
1413 387 1554 416 Dominus
1574 395 1678 415 nomen
1699 386 1749 414 itti.
1771 402 1809 406 —
1829 385 1932 414 Orbem
1953 385 2113 414 mercuria-

1269 435 1320 464 lem
1344 438 1456 471 propter
1478 442 1556 462 snam
1572 433 1701 462 subtilem
1716 433 1904 470 sagacitatem,
1920 432 2113 461 transcenden-

1269 485 1323 510 tem
1355 481 1461 509 stellam
1493 480 1621 509 Mercurii
1650 483 1677 508 et
1705 479 1835 508 virtutem
1869 479 1943 513 eius;
1974 479 2111 507 Psalmus:

1272 527 1390 556 Psaltite
1415 527 1486 560 Deo,
1507 526 1559 564 qui
1578 525 1708 554 ascendit
1729 534 1818 562 super
1838 524 1950 554 caelum
1975 525 2048 554 caeti
2074 525 2114 554 ad

1270 574 1416 602 orientem.
1431 590 1469 598 —-
1483 572 1584 601 Orbem
1600 572 1773 601 veneriatem
1789 575 1902 609 propter
1923 579 2002 601 suam
2017 572 2113 601 iucun-

1270 621 1381 649 ditatem
1398 619 1547 656 placidam,
1569 619 1804 648 transcendentem
1826 619 1931 648 stellam
1953 619 2068 648 Veneris
2088 621 2116 648 et

1271 667 1402 696 virtutem
1423 667 1497 700 eius;
1521 666 1643 695 Psalmus
1658 666 1698 693 ¹⁰:
1722 666 1857 694 Ascendit
1873 666 1948 694 Deus
1963 665 1994 694 in
2015 665 2113 694 iubilo.

1271 730 1309 734 ——
1330 712 1431 742 Orbem
1453 713 1578 741 solarem
1601 715 1713 749 propter
1735 720 1813 740 suam
1842 713 2025 741 universalem
2047 712 2115 741 vivi-

1271 760 1435 793 ficationem,
1451 759 1688 788 transcendentem
1706 759 1758 787 vim
1774 759 1839 787 solis
1853 762 1880 787 et
1891 759 2022 788 virtutem
2040 759 2115 793 eius;

1271 807 1304 835 ad
1328 807 1457 843 Ephesios
1477 809 1592 843 quarto:
1610 805 1773 834 Ascendens
1794 805 1827 835 in.
1846 805 1948 838 altum,
1969 806 2116 842 captivam

1272 853 1357 882 duxit
1378 853 1583 890 captivitatem.
1615 869 1648 872 —
1678 851 1780 881 Orbem
1808 852 1975 880 martialem
2004 856 2116 889 propter

1272 908 1349 929 suam
1369 900 1484 929 validam
1499 899 1707 933 edomationem,
1723 899 1960 928 transcendentem
1978 899 2032 928 vim
2047 900 2117 928 Mar-

1272 948 1307 976 tis
1327 950 1355 976 et
1376 947 1573 983 proprietatem
1597 946 1672 978 eius;
1695 946 1728 974 ad
1758 946 1888 983 Ephesios
1915 949 2029 983 quarto:
2060 946 2119 982 Qui

1272 994 1415 1023 descendit
1435 993 1495 1031 ipse
1516 996 1555 1021 est
1576 996 1602 1021 et
1621 993 1672 1031 qui
1693 992 1829 1021 ascendit.
1845 1009 1884 1013 —
1902 992 2003 1021 Orbem
2026 993 2118 1021 iovia-

1272 1041 1325 1070 lem
1347 1043 1460 1077 propter
1476 1048 1553 1069 suam
1568 1040 1726 1076 opulentam
1741 1039 1908 1073 felicitatem,
1924 1039 2118 1068 transcenden-

1273 1090 1327 1117 tem
1354 1087 1408 1116 vim
1439 1087 1507 1115 lovis
1534 1090 1561 1115 et
1589 1086 1786 1123 proprietatem
1812 1086 1886 1120 eius;
1913 1086 2050 1114 Michaeae
2076 1093 2117 1114 se-

1273 1134 1363 1163 cundo
1377 1134 1413 1161 ¹¹:
1433 1134 1580 1166 Ascendet,
1594 1133 1726 1170 pandens
1744 1132 1798 1161 tter
1814 1137 1880 1161 ante
1894 1141 1948 1161 eos.
1964 1149 2002 1153 ——
2016 1132 2117 1161 Orbem

1271 1180 1454 1209 saturitatem
1467 1184 1580 1217 propter
1592 1187 1669 1208 suam
1679 1179 1864 1208 venerandam
1871 1179 2039 1216 dignitatem,
2048 1181 2120 1207 tran-

1272 1228 1446 1257 scendentem
1469 1227 1598 1255 virtutem
1627 1226 1737 1254 Saturni
1767 1228 1795 1254 et
1815 1226 2011 1262 proprietatem
2041 1226 2116 1260 eius;

1273 1275 1380 1303 Ioannis
1395 1274 1541 1310 vigesimo:
1564 1273 1695 1301 Ascendo
1710 1272 1750 1300 ad
1764 1273 1886 1301 Patrem
1906 1281 2003 1301 meum
2023 1275 2048 1300 et
2064 1272 2120 1300 Ρα-

1274 1326 1346 1350 trem
1368 1325 1513 1354 vestrum„
1538 1321 1626 1348 Deum
1648 1328 1745 1348 meum
1766 1323 1792 1348 et
1815 1320 1903 1348 Deum
1925 1325 2063 1348 vestrum.
2081 1335 2120 1340 —-

1273 1368 1374 1396 Orbem
1396 1366 1566 1395 siderealem
1582 1369 1695 1403 propter
1710 1374 1788 1394 suain
1812 1366 1961 1402 speciosam
1984 1365 2119 1394 multifor-

1274 1415 1406 1448 mitatem,
1419 1413 1655 1442 transcendentem
1667 1413 1872 1441 firmamentum
1885 1416 1911 1441 et
1923 1412 2119 1449 proprietatem

1274 1462 1348 1495 eius;
1371 1461 1546 1489 Canticorum
1564 1460 1658 1489 tertio:
1683 1461 1843 1488 Ascensum
1855 1468 2042 1496 purpureum
2063 1468 2120 1488 me-

1274 1509 1326 1537 dia
1347 1508 1471 1536 caritate
1485 1507 1646 1535 constravit
1657 1510 1777 1543 propter
1798 1506 1877 1541 litias
1901 1506 2067 1535 Ierusalem.
2083 1523 2121 1527 —

1274 1555 1376 1584 Orbem
1395 1555 1569 1591 uniyeneum
1585 1557 1697 1590 propter
1712 1561 1789 1582 suam
1805 1553 1946 1590 aequalem
1963 1553 2121 1590 simplicita-

1276 1605 1339 1636 tem,
1357 1601 1592 1630 transcendentem
1609 1601 1776 1637 unigeneum
1792 1604 1819 1629 et
1834 1600 2030 1637 proprietatem
2045 1599 2120 1634 eius;

1276 1649 1398 1677 Psalmus
1411 1649 1447 1674 ¹2:
1465 1648 1537 1684 Quis
1551 1647 1684 1676 ascendet
1698 1648 1728 1675 in
1743 1651 1865 1675 montem
1884 1646 2021 1675 Domini?
2036 1647 2120 1675 Inno-

1276 1704 1340 1724 cens
1355 1694 1493 1723 manibus
1507 1698 1532 1722 et
1546 1694 1655 1722 mundo
1670 1694 1755 1722 corde
1766 1697 1817 1722 etc.
1831 1710 1868 1714 —
1879 1693 1981 1722 Orbem
1997 1693 2121 1731 crystal-

1276 1743 1367 1771 linum
1385 1745 1497 1778 propter
1513 1749 1590 1770 suam
1606 1741 1769 1769 concordem
1791 1740 2024 1774 conciliationem,
2046 1744 2121 1769 tran-

1276 1789 1450 1818 scendentem
1472 1788 1661 1824 crystallinum
1685 1790 1712 1816 et
1730 1787 1926 1824 proprietatem
1941 1787 2015 1821 eius;
2031 1787 2122 1816 Eccle-

1276 1835 1376 1864 siastici
1389 1835 1600 1872 quadragesimo
1611 1836 1705 1863 sexto:
1722 1834 1803 1862 Dedit
1815 1827 1958 1862 Dominus
1968 1834 2027 1871 ipsi
2039 1833 2121 1862 catab

1275 1881 1494 1919 fortitudinem,
1510 1885 1535 1909 et
1549 1890 1640 1919 usque
1661 1882 1692 1909 in
1712 1885 1881 1909 senectutem
1896 1880 2060 1918 permansit
2080 1879 2124 1909 illi

1275 1929 1387 1962 virtus,
1411 1932 1443 1956 ut
1456 1928 1621 1957 ascenderet
1642 1928 1673 1956 in
1694 1927 1837 1956 excelsum
1856 1932 1951 1956 terrae
1965 1928 2068 1956 locum.
2083 1943 2122 1948 ——

1276 1975 1378 2004 Orbem
1393 1983 1561 2013 empyreum
1577 1977 1690 2011 propter
1705 1982 1783 2003 suam
1800 1974 1974 2003 sublimatam
1996 1982 2123 2003 consum-

1276 2022 1437 2056 mationem,
1459 2021 1659 2058 praesidentem
1676 2021 1802 2058 paradiso
1816 2021 1955 2049 caelorum
1971 2024 1998 2049 et
2016 2020 2122 2049 civibus

1276 2069 1350 2103 eius;
1367 2069 1448 2097 Amos
1461 2076 1548 2096 nono:
1566 2067 1624 2103 Qui
1638 2067 1774 2103 aedificat
1789 2067 1819 2095 in
1834 2067 1912 2095 caeto
1926 2067 2123 2096 ascensionem

1276 2124 1364 2144 suam
1385 2119 1410 2143 et
1430 2113 1608 2152 fasciculum
1623 2123 1713 2142 suum
1731 2122 1820 2151 super
1842 2117 1953 2142 terram
1974 2113 2121 2151 fundavit.

1355 2162 1480 2190 Ascendit
1501 2169 1567 2190 vero
1588 2164 1724 2198 quantum
1739 2161 1773 2189 ad
1791 2161 1923 2189 animam
1939 2168 2024 2197 super
2039 2161 2122 2189 vitam
2138 2165 2203 2189 Quoad
2215 2170 2236 2184 an

2138 2193 2187 2207 mam
2198 2194 2237 2213 supi

1276 2208 1478 2246 vegetabilium
1493 2212 1607 2245 propter
1622 2208 1749 2236 decorem
1764 2208 1822 2236 sive
1836 2208 1954 2236 nitorem
1971 2215 2036 2236 suae
2051 2215 2122 2236 arna-
2154 2212 2176 2231 15
2188 2212 2234 2231 vitas

1276 2255 1339 2284 bilis
1354 2255 1516 2291 pudicitiae3
1533 2255 1657 2283 Psalmus
1669 2254 1707 2282 1³:
1726 2253 1938 2290 Confessionem
1953 2257 1979 2282 et
1992 2253 2122 2282 decorem

1276 2301 1402 2330 induisti
1421 2304 1472 2329 etc.
1495 2301 1587 2329 Ponis
1608 2300 1712 2329 nubem
1734 2309 1885 2329 ascensum
1909 2304 2001 2329 tuum.
2023 2317 2062 2321 -
2076 2300 2124 2328 Su-

1278 2357 1328 2385 per
1343 2348 1424 2377 vitam
1443 2348 1613 2376 medialium
1624 2350 1658 2383 (ἵ)
1674 2351 1787 2384 propter
1803 2348 1974 2376 vivacitatem
1990 2355 2056 2376 suae
2070 2347 2123 2375 sol-

1278 2395 1354 2423 lertis
1375 2395 1542 2427 industriae;
1565 2394 1740 2423 Canticorum
1763 2397 1852 2428 sexto,
1868 2394 2020 2423 secundum
2042 2394 2123 2422 aliam

1278 2441 1412 2470 litteram:
1436 2442 1517 2478 Quae
1537 2445 1578 2469 est
1593 2441 1647 2469 ista
1670 2450 1745 2479 quae
1759 2441 1888 2470 ascendit
1902 2441 1990 2479 quasi
2007 2448 2124 2469 aurora

1277 2496 1456 2525 consuryens
1476 2491 1528 2516 etc.
1543 2504 1582 2508 --
1596 2488 1685 2524 Super
1707 2488 1790 2516 vitam
1812 2487 1991 2516 sensibitium
2011 2490 2124 2523 propter

1277 2533 1472 2570 benignitatem
1505 2542 1571 2563 suae
1602 2534 1695 2563 suavis
1722 2534 1910 2568 innocentiae3
1943 2532 2123 2562 Ecclesiastici

440 2721 448 2734 ¹
467 2722 521 2744 Pars
538 2722 571 2743 ΙΙΙ.
587 2722 658 2748 deest,
671 2724 692 2743 et
704 2721 760 2743 aliae
772 2723 849 2749 partes
866 2721 999 2749 imperfecte
1015 2724 1145 2749 reportatae
1161 2724 1222 2744 sunt.

440 2759 449 2773 ²
466 2761 496 2783 Ex
513 2760 531 2783 A
549 2761 584 2783 sol.
602 2761 646 2782 ›122
664 2767 686 2783 v.
704 2764 726 2782 et
742 2761 758 2782 B
775 2761 813 2784 sol.
831 2760 858 2783 47
871 2767 890 2783 r.
902 2760 982 2783 sedin
1001 2761 1016 2782 Β
1028 2761 1064 2783 hic
1076 2767 1152 2783 sermo
1169 2767 1221 2783 cum

378 2802 487 2828 sequente
505 2800 580 2822 unitus
597 2802 638 2821 est.
1075 2798 1085 2812 ⁸
1103 2800 1167 2823 Vers.
1186 2800 1222 2822 13.

440 2838 451 2852 ⁴
466 2840 532 2862 Rom.
550 2840 577 2866 8,
595 2839 637 2866 29;
654 2839 709 2861 dein
725 2839 846 2866 respici-tur
863 2839 930 2862 Mich.
947 2840 969 2866 2,
986 2839 1024 2861 43.

441 2876 450 2889 ⁶
469 2878 533 2900 vers.
552 2878 594 2905 38;
612 2879 739 2906 sequuntur
757 2877 806 2900 lsai.
823 2876 865 2905 64,
883 2878 904 2900 3.
921 2880 943 2900 et
959 2878 994 2900 Ps.
1012 2877 1070 2906 443,
1088 2878 1110 2900 5.

441 2915 450 2928 ⁸
469 2916 555 2938 Verba:
574 2916 642 2939 Dicit:
662 2915 709 2944 Qui
724 2916 841 2940 descendit
856 2920 906 2945 etc„
924 2916 1001 2939 addita
1018 2920 1072 2940 suut
1089 2923 1115 2940 ex
1132 2916 1157 2938 B.

440 2953 448 2966 ⁷
468 2956 523 2983 Epn.
542 2955 566 2982 4,
588 2956 621 2977 ιο.

1341 2721 1350 2734 ⁸
1369 2723 1435 2745 Veis.
1456 2723 1494 2749 ¹33
1512 2726 1640 2751 sequuntur
1658 2724 1689 2745 111.
1707 2724 1764 2750 Reg.
1782 2723 1823 2749 lS,
1841 2722 1877 2744 44.
1895 2725 1916 2744 et
1933 2721 1982 2744 lud.
2003 2722 2042 2748 ⁴3,
2060 2721 2097 2743 20.

1340 2761 1349 2775 ⁹
1367 2761 1432 2783 Vers.
1454 2762 1491 2789 tt;
1510 2764 1638 2790 sequuntur
1657 2762 1692 2784 Ps.
1710 2761 1751 2788 67,
1769 2762 1792 2784 5.
1811 2764 1833 2783 et
1849 2761 1887 2788 67,
1905 2761 1942 2783 33.
1959 2766 2009 2789 seq.

1341 2799 1360 2812 ¹⁰
1379 2801 1458 2822 Psatm.
1477 2800 1514 2827 46,
1532 2801 1558 2829 6;
1575 2803 1703 2829 sequuntur
1720 2801 1777 2828 Eph.
1794 2800 1821 2827 4,
1838 2801 1860 2822 8.
1878 2803 1900 2822 et
1916 2806 1938 2821 v.
1960 2799 1994 2821 10.

1340 2838 1358 2851 ¹¹
1378 2839 1442 2861 Vers.
1461 2840 1501 2867 l3;
1520 2842 1649 2868 sequuntur
1666 2840 1708 2867 20,
1727 2839 1763 2861 117.
1780 2842 1801 2861 et
1818 2838 1882 2862 Cant.
1901 2839 1927 2867 3,
1945 2839 1982 2860 ’10.

1341 2876 1360 2892 ¹²
1378 2878 1457 2899 Psalm.
1476 2879 1513 2905 23,
1526 2879 1547 2900 3.
1560 2884 1621 2907 seq.;
1634 2880 1762 2906 sequuntur
1774 2877 1840 2900 Eccli.
1852 2877 1889 2905 46,
1903 2877 1910 2898 'l
1921 2878 1939 2899 Ι.
1951 2879 1974 2899 et
1984 2877 2056 2899 Amos
2067 2876 2089 2903 9,
2101 2875 2123 2897 6.

1341 2915 1360 2928 ¹³
1377 2917 1460 2939 Psalm.
1481 2917 1535 2945 103,
1559 2917 1609 2944 i-3;
1631 2918 1735 2946 sequitur
1757 2916 1823 2940 Cant.
1845 2917 1865 2945 6,
1884 2917 1911 2944 9;
1929 2915 2039 2943 Vulgata:
2058 2914 2123 2942 Quae

1277 2957 1311 2978 est
1328 2955 1374 2979 ista
1390 2962 1450 2985 quae
1464 2955 1620 2985 propi-editur
1638 2955 1708 2985 quasi
1725 2961 1824 2979 aurora.
