2243 3348
37 1209 133 1234 Responsio

41 1234 112 1258 triplex.

66 1350 132 1369 Prima.
143 1357 145 1359 ·

44 1584 133 1604 secunda.

66 1866 133 1885 Tertia.

736 140 895 169 DOMINICA
918 141 946 169 11,
968 142 1150 172 ADVENTUS.
1173 143 1282 172 SERMO
1304 144 1322 171 I.
1857 151 1892 180 47

153 220 178 248 Si
199 228 265 256 ergo
286 222 317 247 tu
339 227 377 253 es,
400 219 453 257 qui
467 222 609 247 venturus
623 226 652 246 es
666 218 699 246 ad
715 217 864 251 iudicium,
880 221 911 246 ut
930 219 997 247 istos

152 266 309 303 corporales
323 265 446 295 defectus
457 273 593 299 amoveas,
605 272 655 293 nos
669 264 827 293 dubitantes
842 264 964 293 certifica
976 266 995 292 1.

230 313 268 341 ΙΙΙ.
292 312 355 341 Viso
376 312 409 341 de
430 312 628 349 significatione
650 311 811 347 multiplicis
838 314 926 340 status
948 311 996 339 110-

52 370 94 389 rm
105 367 134 386 1n.
151 361 257 389 minum
285 359 429 397 significati
456 367 504 395 per
527 358 633 387 loannis
655 358 773 391 vincula,
795 361 823 386 et
849 357 930 386 etiam
963 357 997 386 de

151 407 310 445 quaestione
337 406 524 435 dubitantium
552 405 585 434 de
616 405 737 434 adventu
766 404 883 439 Christi;
912 407 998 433 restat

8 459 14 483 t
48 454 232 510 neffyosngiscigtertio
260 453 353 482 videre
381 453 414 481 de
443 456 547 490 aperta
575 452 761 489 responsione
785 460 840 488 per
871 452 997 489 mystica

29 492 59 513 per

8 518 12 535 ξ
30 514 86 535 opora-

151 509 239 538 opera
262 499 382 533 Christi,
404 507 467 528 cum
493 499 681 528 subinfertur:
704 498 886 535 Respondens
907 499 996 531 lesus,

151 547 193 576 ait
214 547 286 575 illis:
310 547 417 575 Eunles
432 546 597 575 renuntiate
613 546 719 575 Ioanni
736 554 811 583 qnae
831 545 958 573 antlislis
972 548 999 573 el

150 594 282 623 vidistis:
310 593 390 622 caeci
419 593 532 627 vident,
565 593 667 621 claudi
694 592 865 625 (mabillam,
891 592 998 629 leprosi

150 641 353 674 mundantur,
368 640 456 668 surdi
470 640 611 673 audiunt,
631 648 778 676 pauperes
792 639 997 676 evangelizan—

151 692 216 722 tur,
238 687 350 716 mortui
370 691 539 724 resumunt.
564 686 652 715 Prima
674 687 746 715 enim
763 686 831 715 facie
846 694 899 714 non
923 685 997 714 vide-

151 739 197 764 tur
219 735 264 763 illa
286 734 428 771 responsio
455 734 488 763 ad
510 734 608 762 factam
638 733 881 770 interrogationem
912 734 997 769 perti*

151 789 231 816 nere;
254 781 301 810 sed
323 785 413 815 certe,
435 782 456 810 si
481 781 533 810 vim
557 781 819 818 repraesentativam
851 780 912 808 facti
936 780 996 808 dili-

150 831 246 866 genter
268 828 481 865 perpendimus;
504 836 567 857 cum
602 827 768 864 «quaelibet
796 827 897 856 Christi
926 827 997 856 actio

151 876 185 904 sit
206 879 301 904 nostra
315 875 461 904 instructio
478 875 487 891 ²
504 886 536 908 »ς
560 875 722 908 videbimus,
745 875 824 903 istam
841 874 997 911 responsio-

150 930 212 952 nem
234 922 352 951 multum
376 930 425 958 per
446 922 539 950 omnia
560 921 716 950 satisfacere
744 921 907 958 quaestioni.
930 921 995 949 Nam

150 969 208 1005 ipse
229 969 374 1002 Dominus,
397 969 444 1006 qui
461 969 569 997 videbat
584 968 680 1002 corda,
702 968 832 997 satisfecit
853 968 995 997 intentioni

150 1015 343 1052 quaerentium
370 1015 487 1044 interius
515 1016 606 1052 potins
634 1023 718 1052 quam
746 1015 778 1043 ad
807 1015 996 1052 quaestionem

150 1062 283 1091 exterius.
306 1062 503 1091 Dubitantibus
523 1062 596 1090 enim
619 1062 681 1095 illis,
696 1070 730 1090 an
753 1062 810 1098 ipse
825 1065 896 1090 esset
918 1061 996 1090 Chri-

150 1111 222 1142 stus,
244 1108 307 1137 fecit
328 1116 427 1145 opera,
450 1117 521 1145 quae
542 1109 637 1138 nullus
651 1109 722 1137 alius
744 1109 794 1137 nisi
810 1108 937 1137 Christus
957 1108 996 1137 fa-

151 1163 213 1184 cere
235 1155 385 1192 potuisset,
407 1158 435 1184 et
460 1156 529 1184 tollit
551 1155 774 1192 ambiguitatem,
803 1156 869 1192 quia
897 1155 997 1185 melius

150 1203 272 1232 creditur
287 1203 365 1231 factis
379 1211 463 1239 quam
476 1203 575 1232 verbis.
588 1219 626 1223 -—
638 1203 669 1231 Et
684 1206 797 1239 propter
810 1203 861 1232 hoc
873 1211 921 1240 per
939 1211 997 1239 my-

149 1249 217 1279 stica
230 1249 301 1278 facta
315 1249 457 1286 respondit
471 1250 560 1278 Ioanni
578 1250 708 1286 figuranti
720 1250 730 1266 ⁵
752 1249 858 1278 animas
876 1250 997 1279 existen—

149 1299 190 1325 tes
211 1296 237 1324 in
261 1296 406 1332 multiplici
428 1296 539 1325 vinculo
561 1297 723 1325 calamitatis
743 1301 770 1325 et
793 1297 934 1330 miseriae,
956 1296 996 1325 di-

150 1351 214 1372 cens
236 1344 340 1380 primo:
364 1344 471 1372 Ennles
492 1344 657 1372 renuntiate
678 1344 801 1377 Ioanni,
822 1344 849 1372 id
871 1347 912 1373 est
939 1344 997 1372 ani-

149 1390 248 1419 mabus
262 1390 461 1427 circumplexis
476 1391 586 1419 vinculo
600 1391 742 1428 originalis
761 1391 873 1427 culpae,
896 1391 997 1420 adven-

150 1441 208 1466 tum
223 1437 395 1471 Mediatoris,
417 1438 483 1474 quia
497 1446 547 1475 ego
563 1446 641 1472 sum,
663 1438 709 1475 qui
727 1438 787 1467 veni
815 1439 841 1467 in
861 1438 997 1467 mundum

149 1484 182 1512 ad
204 1484 408 1513 dissolvendum
433 1484 542 1513 vincula
563 1485 704 1522 originalis
719 1485 816 1522 culpae
837 1493 887 1522 per
904 1486 998 1514 huma-

149 1538 201 1560 nae
225 1531 316 1560 carnis
345 1532 550 1560 assumtionem.
580 1532 606 1560 ln
639 1533 749 1568 signum
780 1533 863 1561 huius
892 1533 999 1570 leprosi

148 1578 344 1612 mundantur,
366 1579 454 1607 snrcli
474 1579 610 1607 audium.
626 1596 664 1600 —
680 1580 818 1608 Secundo:
833 1580 998 1608 renuntiate

114 1660 117 1662 ,
151 1626 265 1659 loanni,
287 1625 313 1654 id
328 1629 369 1654 est
384 1626 529 1654 animabus
544 1626 750 1663 circumpeditis
771 1627 889 1656 vinculis
904 1631 998 1656 reatus

148 1679 268 1712 poenae,
296 1672 446 1701 adventum
475 1672 636 1707 salvatoris,
665 1673 730 1710 quia
759 1681 809 1710 ego
837 1681 916 1708 sum,
949 1674 996 1711 qui

150 1723 287 1747 venturus
307 1727 369 1748 sum
392 1719 419 1747 in
451 1719 566 1748 limbum
595 1719 629 1749 ad
651 1720 864 1756 praecidendum
888 1721 997 1749 vincula

149 1768 244 1794 reatus
265 1773 367 1802 poenae
397 1773 445 1802 per
466 1766 638 1795 voluntariae
668 1767 765 1795 mortis
790 1767 996 1796 assumtionem.

151 1812 183 1840 Et
203 1812 255 1841 hoc
270 1812 323 1842 erit
345 1813 422 1842 vohis
437 1813 562 1850 signum,
584 1814 650 1850 quia
670 1815 750 1843 caeci
769 1814 875 1848 vident,
898 1814 999 1843 claudi

150 1859 310 1889 ambulant.
324 1876 360 1880 —
373 1860 481 1889 Tertio:
493 1864 589 1889 euntes
601 1862 767 1890 renuntiate
783 1862 900 1896 Ioanni,
916 1861 942 1890 id
957 1865 998 1891 est

150 1906 296 1935 animabus
317 1907 527 1936 circumvolutis
548 1907 666 1936 vinculis
687 1908 839 1945 corporalis
861 1908 997 1942 miseriae,

150 1953 298 1982 adventum
327 1954 491 1988 Salvatoris,
513 1955 579 1992 quia
606 1963 656 1992 ego
678 1963 755 1989 sum,
785 1956 831 1992 qui
861 1958 998 1984 venturus

150 2008 211 2029 sum
234 2000 268 2029 ad
290 2000 422 2030 iudicium
444 2001 477 2030 ad
503 2002 747 2031 exterminandum
771 2003 878 2031 vincula
900 2011 997 2039 corpo-

150 2047 216 2076 ralis
237 2047 363 2077 miseriae
385 2056 434 2085 per
459 2049 607 2086 utriusque
622 2049 741 2078 hominis
760 2050 996 2086 glorificationem.

151 2094 263 2131 Signum
285 2099 377 2124 autem
401 2096 486 2125 huius
507 2100 563 2125 est:
585 2097 697 2125 mortui
716 2102 893 2134 resurgunt,
921 2106 997 2134 pan-

147 2149 231 2177 peres
252 2142 504 2179 eoanyelizantur.

230 2189 319 2218 Primo
340 2190 505 2218 renuntiale
528 2191 645 2225 Ioanni,
669 2191 695 2219 id
717 2195 757 2220 est
778 2192 924 2220 animabus
938 2192 998 2220 exi-

14 2232 287 2289 AEsslssil'ffljsoemibus
318 2236 344 2264 in
376 2236 500 2273 originali
533 2238 633 2274 culpa,
665 2238 730 2275 quia
762 2246 812 2275 ego
843 2246 920 2273 sum,
950 2239 996 2276 qui

151 2285 288 2311 venturus
309 2290 370 2311 sum
393 2283 418 2311 in
441 2284 576 2313 mundum
599 2292 647 2321 per
677 2285 815 2314 humanae
843 2285 934 2314 carnis
955 2293 997 2314 as-

151 2329 316 2358 sumtionem
339 2330 370 2358 ad
391 2330 595 2360 dissolvendum
613 2332 722 2360 vincula
737 2333 877 2369 originalis
892 2333 997 2369 culpae.

14 2381 140 2430 fflffissssl.
152 2375 265 2413 Signum
287 2380 379 2405 autem
402 2377 486 2406 huius
510 2382 560 2412 est,
583 2379 648 2415 quia
676 2378 783 2415 leprosi
802 2380 998 2413 nntnclanlnr,

14 2428 78 2448 rituali.

152 2423 240 2451 surdi
266 2423 402 2452 audiunt.
433 2425 464 2453 Et
493 2425 560 2454 bene
593 2426 709 2455 morbus
736 2426 833 2463 leprae
864 2427 999 2464 significat

152 2473 295 2506 peccatum
324 2471 405 2507 primi
434 2472 569 2506 hominis,
598 2481 630 2501 eo
662 2473 750 2510 quod,
783 2473 854 2502 sicut
884 2474 999 2502 morbus

153 2517 245 2553 leprae
266 2521 307 2546 est
329 2519 482 2547 communis
504 2519 680 2548 habitationis
701 2520 889 2556 separativns,
915 2521 1000 2549 totius

153 2563 271 2592 hominis
289 2564 434 2593 infectirus
449 2568 476 2594 et
489 2566 611 2603 generati
627 2567 768 2603 generanti
788 2567 998 2601 assimilativus3

1053 219 1091 248 sic
1113 220 1220 256 primus
1242 229 1341 257 parens
1355 222 1456 251 merito
1470 223 1574 259 primae
1589 225 1830 260 praevaricationis
1843 227 1893 256 fuit

1054 265 1158 295 eiectus
1172 266 1206 295 de
1222 267 1357 303 paradiso,
1373 273 1523 305 corruptus
1538 270 1564 297 in
1586 278 1702 306 corpore
1717 275 1743 300 et
1758 273 1783 300 in
1806 274 1896 302 anima

1053 314 1080 339 et
1107 312 1189 340 etiam
1219 313 1289 342 filios
1315 313 1428 343 infectos
1455 319 1566 351 peccato
1593 316 1717 353 originali
1747 320 1894 354 generavit.

1053 358 1236 395 Comparatur
1257 360 1437 390 nihilominus
1451 362 1511 390 eius
1529 365 1671 398 peccatum
1691 365 1849 399 surditati,
1864 374 1896 394 eo

1054 404 1128 441 quod
1149 404 1182 433 ad
1204 405 1413 435 similitudinem
1435 409 1549 444 aspidis
1563 410 1673 438 surdae
1693 413 1719 438 et
1733 410 1897 440 oblim-antis

1054 459 1144 480 aures
1163 460 1253 486 snas,
1275 462 1309 481 ne
1330 454 1436 482 antdicte
1457 464 1550 484 vocent
1573 456 1691 492 venefici
1717 457 1897 487 incantantis

1053 498 1200 535 sapienter
1211 499 1232 532 4,
1248 507 1318 535 quae
1334 501 1485 530 secundum
1502 503 1634 531 Isidorum
1646 504 1657 520 ⁵
1677 515 1690 528 «
1702 512 1785 532 unam
1800 513 1896 535 aurem

1053 544 1086 573 ad
1112 548 1212 574 terram
1236 546 1351 582 premit,
1372 547 1453 576 aliam
1472 549 1583 578 obturat
1604 550 1690 579 cauda
1702 561 1733 584 »ς
1756 551 1794 580 sic
1815 551 1896 580 Adam

1053 599 1149 620 aurem
1162 590 1282 628 affeetu-5·
1298 593 1396 621 clausit
1410 597 1519 623 terrena
1534 599 1560 624 et
1575 596 1683 624 aniinali
1700 597 1841 626 affectione
1855 606 1897 626 sa-
1916 622 1920 626 .

1054 638 1212 667 tisfaeiendo
1234 639 1333 672 uxori,
1355 648 1388 668 ne
1403 642 1578 671 contristaret
1593 643 1702 671 delicias
1720 652 1793 678 suas,
1808 647 1835 673 et
1849 653 1897 673 au-

1055 693 1112 714 rem
1135 685 1292 714 inlelleetus
1307 687 1405 715 clausit
1419 688 1505 716 cauda
1520 696 1567 725 spe
1583 691 1765 726 consequendi
1789 691 1896 720 veniam

1053 732 1087 760 de
1110 735 1236 768 peccato,
1259 741 1292 761 ne
1307 733 1415 762 audiret
1432 742 1524 763 vocem
1540 736 1586 764 Dei
1604 737 1809 773 praecipientis:
1825 738 1897 774 Qua-

1054 787 1175 816 cumque
1188 779 1256 807 hora
1268 780 1425 808 comederis
1437 789 1471 809 ex
1480 782 1529 809 eo<i
1544 786 1594 810 etc.
1608 783 1682 811 Unde
1695 784 1863 820 Augustinus
1872 785 1897 813 ⁷:

1060 838 1073 851 α
1088 826 1170 855 Adam
1193 830 1346 863 utrumque
1367 827 1426 855 fieri
1451 836 1528 864 posse
1550 829 1673 863 credidit,
1690 833 1720 858 ut
1741 834 1767 858 et
1788 831 1896 860 mulieri

1053 881 1159 902 morem
1181 876 1289 910 gereret
1316 877 1342 902 et
1373 878 1467 910 postea
1489 883 1537 911 per
1558 876 1751 911 poenitentiam
1778 878 1897 913 poenite-

1054 922 1096 948 ret
1106 932 1130 947 ».
1140 935 1176 941 -
1188 920 1227 948 De
1239 920 1291 948 isto
1305 923 1397 948 autem
1409 920 1529 949 adventu
1541 921 1641 950 dicitur
1654 922 1681 950 in
1692 922 1798 951 Psalmo
1807 923 1817 939 ⁸
1827 934 1832 950 :
1843 924 1900 959 Qtti

1053 967 1132 995 sedes
1142 975 1232 1003 snper
1245 966 1410 1001 Cherubim,
1423 967 1615 1004 manifestare
1629 977 1730 997 corani
1746 968 1898 1006 Ephraim,

1054 1014 1209 1042 Beniamin
1222 1018 1246 1043 et
1257 1014 1400 1042 Manasse.
1412 1015 1515 1043 Excllu.
1524 1015 1683 1052 potenciam
1696 1020 1777 1044 tuam
1789 1020 1813 1044 et
1824 1017 1897 1050 vem,

1054 1065 1086 1089 ut
1107 1061 1203 1089 salvos
1225 1060 1324 1097 facias
1339 1070 1398 1089 nos.
1418 1062 1503 1095 Deus,
1526 1065 1654 1091 converte
1668 1071 1730 1096 nos,
1750 1067 1773 1090 el
1789 1064 1899 1092 ostende

1053 1107 1160 1145 faeiem
1182 1112 1281 1142 l'ztctm,
1303 1112 1327 1137 el
1348 1108 1425 1137 salui
1445 1109 1564 1137 erimus.
1582 1126 1619 1129 —
1636 1110 1693 1145 Qui
1712 1109 1791 1138 sedes
1811 1118 1899 1146 super

1056 1155 1222 1189 Cherubim,
1236 1155 1430 1192 niclnifeslure
1446 1164 1546 1184 coram
1565 1155 1724 1193 Ephraim,
1745 1157 1899 1185 Beniamin

1054 1206 1078 1230 el
1101 1203 1252 1236 Manmse,
1274 1203 1352 1239 qnasi
1375 1203 1462 1231 dicat:
1485 1206 1530 1236 tu,
1560 1203 1606 1239 qui
1631 1203 1768 1239 praesides
1793 1204 1899 1232 cunctis

1054 1249 1218 1278 caelestibus
1240 1250 1384 1286 spiritibus
1406 1258 1455 1286 per
1477 1250 1651 1279 eminentiam
1667 1251 1827 1280 excellentis
1842 1259 1899 1279 ma-

1054 1296 1243 1333 gnificentiae,
1266 1295 1459 1333 manifestare
1480 1305 1580 1325 cora-m
1609 1297 1715 1325 cunctis
1744 1298 1900 1326 hominibus

1055 1351 1104 1380 per
1125 1343 1289 1372 evidentiam
1312 1344 1492 1372 humanitatis
1513 1347 1660 1373 assumtae.
1684 1345 1787 1372 Exeila
1803 1348 1901 1381 poten·

1054 1390 1126 1418 liciniv
1148 1393 1247 1424 lncani,
1269 1391 1373 1419 scilicet
1394 1394 1440 1425 tu,
1463 1392 1509 1427 qui
1526 1391 1659 1420 infinitate
1681 1394 1744 1420 tuae
1766 1392 1900 1428 potentiae

1054 1440 1154 1466 cuncta
1175 1437 1208 1465 de
1229 1438 1316 1466 nihilo
1339 1438 1494 1474 produxisti
1518 1438 1544 1466 111
1567 1446 1625 1466 esse
1639 1442 1782 1472 natione,
1806 1442 1835 1466 tu
1853 1447 1900 1466 ex-

1054 1484 1112 1512 citu¹
1130 1485 1289 1521 polentiam
1312 1484 1444 1518 eandem,
1467 1489 1497 1513 nt
1519 1489 1617 1513 cuncta
1640 1485 1766 1521 perficias
1791 1485 1816 1513 in
1843 1494 1901 1514 esse

1052 1532 1178 1568 gratiae.
1205 1532 1238 1559 Et
1259 1532 1340 1565 veni,
1363 1532 1554 1569 coniungendo
1577 1532 1697 1568 primum
1714 1532 1724 1548 ⁹
1746 1532 1900 1561 Divinitatis

1054 1578 1153 1607 ultimo
1174 1579 1355 1608 humanitatis
1376 1579 1403 1608 in
1426 1579 1531 1608 unitate
1552 1587 1701 1616 personae,
1723 1582 1754 1607 ut
1775 1587 1824 1615 per
1849 1579 1899 1607 hoc

1036 1626 1151 1657 ,salvos
1172 1625 1271 1664 fcieias
1292 1635 1345 1655 nos
1366 1635 1382 1654 a
1410 1627 1528 1655 vinculis
1549 1626 1689 1663 originalis
1716 1627 1821 1663 culpae.
1848 1626 1900 1654 Do-

1055 1674 1128 1702 mine
1150 1674 1227 1702 Deus
1249 1673 1403 1706 virtutum,
1426 1677 1555 1702 converte
1570 1682 1631 1707 nos,
1653 1674 1680 1702 in
1702 1673 1844 1710 pristinam
1859 1673 1900 1702 in-

1054 1721 1226 1755 nocentiam,
1255 1720 1379 1749 faciendo
1407 1721 1441 1750 de
1462 1721 1546 1758 impio
1568 1721 1660 1758 pium,
1688 1720 1762 1758 quod
1783 1724 1824 1749 est
1845 1728 1901 1749 ma-

1054 1768 1121 1796 ioris
1142 1767 1255 1796 virtutis
1283 1770 1311 1797 et
1338 1768 1476 1805 potentiae
1505 1776 1588 1805 quam
1617 1776 1711 1797 creare
1740 1768 1845 1796 caelum
1875 1770 1901 1796 et

1054 1818 1167 1844 terram.
1192 1816 1227 1843 Et
1248 1815 1362 1843 ostende
1383 1814 1490 1852 meieni
1512 1819 1612 1849 ticam,
1634 1818 1772 1844 assumtae
1804 1815 1901 1843 huma-

1054 1862 1157 1896 nitatis,
1179 1865 1202 1890 et
1224 1862 1301 1891 salvi
1321 1862 1448 1896 erimus,
1470 1870 1485 1890 a
1507 1863 1725 1899 transgressione
1752 1862 1833 1898 primi
1854 1870 1901 1899 pa-

1054 1909 1148 1937 rentis.
1176 1909 1290 1946 Propter
1319 1910 1371 1938 hoc
1391 1909 1494 1938 dicitur
1518 1909 1552 1938 ad
1576 1909 1705 1946 Ephesios
1730 1909 1900 1938 secundom:

1054 1956 1119 1993 Ipse
1140 1960 1180 1984 est
1200 1965 1262 1993 pax
1283 1960 1401 1991 nostra,
1423 1957 1475 1995 qui
1494 1955 1563 1993 feeit
1583 1960 1708 1994 utraque
1728 1965 1840 1989 unuin,-
1861 1964 1902 1984 se-

1054 2003 1166 2040 quitur:
1186 2003 1303 2031 Veniens
1315 2003 1527 2041 evanyelizcwil
1539 2012 1641 2040 pacem
1657 2003 1746 2037 vobis,
1758 2003 1810 2041 qni
1823 2003 1903 2040 longe

1053 2048 1168 2087 fuistis,
1183 2054 1210 2078 et
1232 2058 1332 2087 pacem
1355 2050 1392 2078 iis
1413 2050 1465 2088 qni
1484 2059 1580 2087 prope.
1603 2050 1729 2079 Christus
1750 2053 1842 2078 noster
1863 2057 1903 2078 re-

1055 2097 1213 2126 conciliator
1241 2097 1274 2126 ad
1297 2098 1384 2126 Deum
1405 2096 1472 2134 fecit
1497 2101 1638 2135 utraque,
1661 2097 1763 2126 scilicet
1791 2096 1903 2125 Deitatis

1054 2147 1081 2173 et
1096 2144 1285 2178 humanitatis,
1300 2153 1392 2172 ‘ilatum
1402 2168 1408 2177 ,
1424 2152 1572 2181 personae,
1588 2148 1612 2172 el
1626 2144 1757 2178 veniens,
1773 2147 1901 2180 tanquam

1056 2199 1139 2220 verus
1167 2191 1298 2220 Mediator
1319 2191 1489 2220 concordans
1518 2200 1580 2220 cum
1614 2194 1733 2228 utroque
1761 2194 1902 2221 extremo.

1055 2238 1270 2276 evangelizavit
1290 2239 1416 2269 videlieet
1436 2240 1546 2276 pacem,
1569 2238 1666 2267 factam
1690 2246 1739 2275 per
1760 2245 1841 2266 suum
1856 2237 1902 2265 ad-

1056 2288 1183 2319 ventum,
1206 2285 1251 2314 his
1266 2286 1318 2323 qni
1328 2294 1436 2322 prope,
1452 2286 1554 2314 scilicet
1569 2285 1690 2318 ludaeis,
1707 2285 1810 2313 ratione
1825 2284 1902 2313 datae

1057 2332 1133 2369 Legis
1154 2335 1181 2361 et
1202 2332 1289 2361 sactae
1311 2333 1514 2369 promissionis;
1537 2336 1562 2360 el
1576 2331 1665 2365 vobis,
1688 2332 1740 2369 qui
1753 2330 1903 2368 [11119οβ111-

1055 2380 1118 2413 slis,
1144 2380 1246 2409 scilicet
1267 2380 1411 2417 gentibus,
1434 2387 1504 2416 quae
1527 2380 1622 2416 Legem
1645 2387 1698 2407 non
1720 2378 1857 2407 habebant
1877 2381 1903 2407 et

1056 2427 1144 2455 Deum
1166 2435 1220 2455 nou
1242 2427 1452 2463 cognoscebant.

1136 2473 1261 2502 Secundo
1292 2474 1458 2502 renuntiate
1489 2473 1632 2501 animabus
1664 2472 1848 2500 existentibus
1876 2472 1902 2500 in

1057 2521 1162 2557 poenali
1186 2521 1328 2558 angustia,
1351 2521 1416 2557 quia
1437 2528 1487 2557 ego
1509 2527 1586 2553 sum,
1609 2520 1655 2556 qui
1678 2522 1814 2547 venturus
1840 2526 1900 2547 sum

1057 2568 1089 2596 ad
1113 2567 1228 2597 limbum
1252 2575 1300 2604 per
1332 2568 1447 2597 acerbae
1476 2567 1572 2596 mortis
1601 2566 1796 2595 assumtionem
1822 2568 1847 2594 et
1870 2565 1902 2593 ad

216 2720 221 2731 ¹
242 2720 297 2743 Cod.
316 2721 334 2743 D
351 2722 468 2756 adiungit:
487 2723 531 2745 Sed
555 2723 607 2745 huic
625 2724 704 2745 tertiae
727 2725 855 2753 quaestioni
877 2725 1001 2753 respondet

154 2759 202 2788 ipsa
220 2760 309 2782 Veritas
327 2760 350 2782 in
369 2761 444 2783 Matth.
458 2762 516 2783 XVl.
531 2762 563 2787 (r.
576 2762 637 2791 27.):
655 2762 731 2786 Filius
743 2765 824 2786 utilem
835 2763 937 2788 hominis
951 2770 1002 2787 ven-

154 2799 223 2821 turus
241 2800 274 2822 est
292 2799 315 2822 in
333 2799 413 2828 9101Ἵά
430 2799 509 2823 Putris
527 2800 566 2823 sui
583 2806 638 2823 cunt.
650 2801 747 2831 Anqela's
764 2802 827 2830 suis,
845 2804 866 2825 el
884 2804 940 2826 tunc
952 2802 1003 2825 red-

153 2837 191 2860 dec
209 2838 335 2867 unicnique
351 2838 482 2861 secundum
499 2845 572 2869 operti
590 2840 648 2863 ejus.

216 2876 224 2889 ²
242 2877 287 2899 Ct'r.
305 2878 409 2906 Gregor„
422 2879 446 2900 11.
460 2879 543 2901 11011111.
558 2879 578 2901 in
593 2880 674 2901 Ezech.
692 2880 769 2902 homil.
783 2881 803 2902 2.
817 2887 839 2902 n.
852 2881 873 2902 6.
886 2883 907 2903 et
920 2881 1002 2903 Homil-

153 2916 176 2937 in
194 2916 282 2944 Evang.
301 2917 378 2939 homil.
402 2917 435 2939 17.
452 2923 476 2939 u.
497 2918 515 2939 1.
782 2917 791 2931 ³
809 2918 865 2942 Cod.
882 2920 897 2941 F
914 2918 1002 2942 scienti.

217 2955 226 2967 ⁴
244 2956 325 2978 Psalm.
339 2956 380 2983 57,
393 2957 414 2979 5.
427 2962 475 2985 seq.

565 2956 573 2968 ὖ
591 2956 651 2979 Libr.
665 2957 710 2979 ΧΗ.
725 2958 853 2986 Etymolog.
865 2964 884 2980 c.
899 2958 919 2980 li.
932 2965 954 2980 n,
972 2959 1004 2980 12.

1121 2724 1130 2737 ὓ
1148 2726 1202 2747 Gen.
1221 2726 1242 2751 ⁴2,
1265 2724 1303 2751 17,
1323 2724 1433 2751 Vulgata:
1452 2724 1477 2745 In
1497 2728 1645 2752 quaeeunque
1663 2721 1722 2744 enim
1742 2721 1777 2744 (lie
1795 2724 1836 2743 etc.

1122 2763 1130 2776 ⁷
1148 2763 1208 2786 Libr.
1222 2764 1259 2785 Xl.
1272 2763 1301 2785 de
1313 2763 1368 2785 Gen.
1379 2763 1448 2785 adlit.
1461 2768 1480 2784 c.
1494 2762 1530 2784 31.
1543 2768 1564 2783 n.
1578 2762 1613 2783 41.
1624 2764 1645 2783 et
1657 2767 1675 2783 c.
1691 2761 1726 2783 42.
1744 2767 1763 2782 n.
1778 2760 1814 2786 59,
1827 2759 1904 2788 quoad

1059 2808 1167 2829 sensuum
1186 2801 1328 2824 verbotenus
1344 2801 1408 2828 Hug.
1427 2801 1440 2823 1.
1460 2801 1488 2823 dc
1506 2802 1608 2823 Sacram.
1626 2806 1648 2827 p.
1667 2800 1711 2822 Vll.
1729 2805 1748 2821 c.
1771 2799 1802 2820 10.

1123 2840 1132 2853 ⁵
1150 2841 1232 2862 Psalm.
1249 2841 1286 2867 79,
1305 2841 1326 2862 2.
1343 2847 1407 2869 seqq.

1122 2878 1132 2891 ⁹
1150 2879 1205 2902 Cod.
1225 2880 1239 2901 F
1253 2878 1467 2908 p1·incz‘]n'm›t.Ct1·.
1480 2879 1573 2904 Bonan,
1587 2878 1610 2899 11.
1622 2877 1683 2899 Sent.
1697 2877 1719 2899 d.
1736 2877 1754 2898 1.
1771 2882 1792 2899 a.
1810 2877 1829 2898 2.
1843 2882 1865 2904 q.
1887 2876 1905 2897 1.

1062 2918 1125 2941 fund.
1144 2919 1164 2940 2.

1124 2957 1143 2969 ¹⁰
1161 2957 1228 2979 Vers.
1248 2957 1281 2979 11.
1301 2957 1337 2979 Ὶ17,

1915 922 1990 941 Sauatio
1997 928 2030 947 per

1923 946 2022 965 adventum

1934 970 2010 988 Christi.

1937 1110 2042 1133 Explicatur

1916 1133 1967 1152 locus
1995 1133 2042 1152 Scri-

1915 1158 1986 1180 pturae.

1921 2479 1947 2497 De
1959 2478 2046 2497 secundm
