<?xml version="1.0" encoding="UTF-8"?>
<!DOCTYPE html PUBLIC "-//W3C//DTD XHTML 1.0 Transitional//EN"
    "http://www.w3.org/TR/xhtml1/DTD/xhtml1-transitional.dtd">
<html xmlns="http://www.w3.org/1999/xhtml" xml:lang="en" lang="en">
 <head>
  <title>
</title>
<meta http-equiv="Content-Type" content="text/html;charset=utf-8" />
  <meta name='ocr-system' content='tesseract 3.04.00' />
  <meta name='ocr-capabilities' content='ocr_page ocr_carea ocr_par ocr_line ocrx_word'/>
</head>
<body>
  <div class='ocr_page' id='page_1' title='image "./doctorisseraphic09bona_0359.png"; bbox 0 0 2243 3348; ppageno 0'>
   <div class='ocr_carea' id='block_1_1' title="bbox 39 272 116 293">
    <p class='ocr_par' dir='ltr' id='par_1_1' title="bbox 39 272 116 293">
     <span class='ocr_line' id='line_1_1' title="bbox 39 272 116 293; baseline -0.039 0"><span class='ocrx_word' id='word_1_1' title='bbox 39 272 116 293; x_wconf 77' lang='lat' dir='ltr'>Divisio.</span> 
     </span>
    </p>
   </div>
   <div class='ocr_carea' id='block_1_2' title="bbox 9 1014 117 1082">
    <p class='ocr_par' dir='ltr' id='par_1_2' title="bbox 9 1014 117 1082">
     <span class='ocr_line' id='line_1_2' title="bbox 9 1014 117 1042; baseline -0.028 -6"><span class='ocrx_word' id='word_1_2' title='bbox 9 1016 51 1036; x_wconf 69' lang='lat' dir='ltr'>Pars</span> <span class='ocrx_word' id='word_1_3' title='bbox 63 1015 77 1042; x_wconf 46' lang='lat'>1..</span> <span class='ocrx_word' id='word_1_4' title='bbox 89 1014 117 1042; x_wconf 75' lang='lat' dir='ltr'>pe</span> 
     </span>
     <span class='ocr_line' id='line_1_3' title="bbox 17 1039 106 1082; baseline -0.022 0"><span class='ocrx_word' id='word_1_5' title='bbox 17 1039 106 1082; x_wconf 65' lang='lat' dir='ltr'>isaer</span> 
     </span>
    </p>
   </div>
   <div class='ocr_carea' id='block_1_3' title="bbox 7 1200 115 1222">
    <p class='ocr_par' dir='ltr' id='par_1_3' title="bbox 7 1200 115 1222">
     <span class='ocr_line' id='line_1_4' title="bbox 7 1200 115 1222; baseline -0.028 0"><span class='ocrx_word' id='word_1_6' title='bbox 7 1200 115 1222; x_wconf 72' lang='lat' dir='ltr'>subdivisio.</span> 
     </span>
    </p>
   </div>
   <div class='ocr_carea' id='block_1_4' title="bbox 4 1521 6 1574">
    <p class='ocr_par' dir='ltr' id='par_1_4' title="bbox 4 1521 6 1574">
     <span class='ocr_line' id='line_1_5' title="bbox 4 1521 5 1530; baseline 0 0"><span class='ocrx_word' id='word_1_7' title='bbox 4 1521 5 1530; x_wconf 76' lang='lat' dir='ltr'>l</span> 
     </span>
     <span class='ocr_line' id='line_1_6' title="bbox 4 1538 6 1552; baseline 0 0"><span class='ocrx_word' id='word_1_8' title='bbox 4 1538 6 1552; x_wconf 77' lang='lat' dir='ltr'>l</span> 
     </span>
     <span class='ocr_line' id='line_1_7' title="bbox 4 1554 6 1564; baseline 0 0"><span class='ocrx_word' id='word_1_9' title='bbox 4 1554 6 1564; x_wconf 68' lang='lat' dir='ltr'><em>A</em></span> 
     </span>
     <span class='ocr_line' id='line_1_8' title="bbox 5 1567 6 1574; baseline 0 0"><span class='ocrx_word' id='word_1_10' title='bbox 5 1567 6 1574; x_wconf 75' lang='lat' dir='ltr'>l</span> 
     </span>
    </p>
   </div>
   <div class='ocr_carea' id='block_1_5' title="bbox 0 1145 8 1663">
    <p class='ocr_par' dir='ltr' id='par_1_5' title="bbox 0 1145 8 1663">
     <span class='ocr_line' id='line_1_9' title="bbox 0 1145 8 1663; baseline 0 0"><span class='ocrx_word' id='word_1_11' title='bbox 0 1145 8 1663; x_wconf 95' lang='lat' dir='ltr'> </span> 
     </span>
    </p>
   </div>
   <div class='ocr_carea' id='block_1_6' title="bbox 5 1606 117 1641">
    <p class='ocr_par' dir='ltr' id='par_1_6' title="bbox 5 1606 117 1641">
     <span class='ocr_line' id='line_1_10' title="bbox 5 1606 117 1641; baseline -0.009 -1"><span class='ocrx_word' id='word_1_12' title='bbox 5 1606 7 1615; x_wconf 69' lang='lat'>,</span> <span class='ocrx_word' id='word_1_13' title='bbox 15 1621 117 1641; x_wconf 66' lang='lat' dir='ltr'>rotandum.</span> 
     </span>
    </p>
   </div>
   <div class='ocr_carea' id='block_1_7' title="bbox 21 1947 113 1996">
    <p class='ocr_par' dir='ltr' id='par_1_7' title="bbox 21 1947 113 1996">
     <span class='ocr_line' id='line_1_11' title="bbox 21 1947 113 1967; baseline 0 0"><span class='ocrx_word' id='word_1_14' title='bbox 21 1947 55 1967; x_wconf 68' lang='lat' dir='ltr'>tria</span> <span class='ocrx_word' id='word_1_15' title='bbox 66 1948 113 1967; x_wconf 79' lang='lat' dir='ltr'>mala</span> 
     </span>
     <span class='ocr_line' id='line_1_12' title="bbox 21 1971 108 1996; baseline 0 -6"><span class='ocrx_word' id='word_1_16' title='bbox 21 1971 108 1996; x_wconf 80' lang='lat' dir='ltr'>opposita.</span> 
     </span>
    </p>
   </div>
   <div class='ocr_carea' id='block_1_8' title="bbox 24 2181 120 2247">
    <p class='ocr_par' dir='ltr' id='par_1_8' title="bbox 24 2181 120 2247">
     <span class='ocr_line' id='line_1_13' title="bbox 24 2181 119 2208; baseline 0 -8"><span class='ocrx_word' id='word_1_17' title='bbox 24 2181 83 2204; x_wconf 77' lang='lat' dir='ltr'>’rimo¹</span> <span class='ocrx_word' id='word_1_18' title='bbox 96 2181 119 2208; x_wconf 26' lang='lat' dir='ltr'>dne</span> 
     </span>
     <span class='ocr_line' id='line_1_14' title="bbox 24 2206 120 2231; baseline 0 -8"><span class='ocrx_word' id='word_1_19' title='bbox 24 2206 61 2231; x_wconf 55' lang='lat' dir='ltr'>{ctu</span> <span class='ocrx_word' id='word_1_20' title='bbox 73 2209 120 2224; x_wconf 69' lang='lat' dir='ltr'>veri-</span> 
     </span>
     <span class='ocr_line' id='line_1_15' title="bbox 25 2233 45 2247; baseline 0.05 -1"><span class='ocrx_word' id='word_1_21' title='bbox 25 2233 45 2247; x_wconf 79' lang='grc' dir='ltr'>ιε.</span> 
     </span>
    </p>
   </div>
   <div class='ocr_carea' id='block_1_9' title="bbox 14 2789 43 3348">
    <p class='ocr_par' dir='ltr' id='par_1_9' title="bbox 14 2789 43 3348">
     <span class='ocr_line' id='line_1_16' title="bbox 14 2789 43 3348; baseline 0 0"><span class='ocrx_word' id='word_1_22' title='bbox 14 2789 43 3348; x_wconf 95' lang='lat' dir='ltr'> </span> 
     </span>
    </p>
   </div>
   <div class='ocr_carea' id='block_1_10' title="bbox 780 181 1224 210">
    <p class='ocr_par' dir='ltr' id='par_1_10' title="bbox 780 181 1224 210">
     <span class='ocr_line' id='line_1_17' title="bbox 780 181 1224 210; baseline -0.002 0"><span class='ocrx_word' id='word_1_23' title='bbox 780 183 811 210; x_wconf 87' lang='grc' dir='ltr'>ΙΝ</span> <span class='ocrx_word' id='word_1_24' title='bbox 835 181 1054 210; x_wconf 86' lang='lat' dir='ltr'>PENTECOSTE.</span> <span class='ocrx_word' id='word_1_25' title='bbox 1075 181 1185 210; x_wconf 78' lang='lat' dir='ltr'>SERMO</span> <span class='ocrx_word' id='word_1_26' title='bbox 1205 182 1224 210; x_wconf 95' lang='lat' dir='ltr'>I.</span> 
     </span>
    </p>
   </div>
   <div class='ocr_carea' id='block_1_11' title="bbox 132 259 983 2680">
    <p class='ocr_par' dir='ltr' id='par_1_11' title="bbox 133 259 975 437">
     <span class='ocr_line' id='line_1_18' title="bbox 133 259 974 300; baseline -0.007 -8"><span class='ocrx_word' id='word_1_27' title='bbox 133 264 166 292; x_wconf 88' lang='lat' dir='ltr'>ad</span> <span class='ocrx_word' id='word_1_28' title='bbox 184 262 366 300; x_wconf 71' lang='lat' dir='ltr'>principiam</span> <span class='ocrx_word' id='word_1_29' title='bbox 389 260 548 298; x_wconf 78' lang='lat' dir='ltr'>effectivam</span> <span class='ocrx_word' id='word_1_30' title='bbox 570 261 596 289; x_wconf 93' lang='lat' dir='ltr'>in</span> <span class='ocrx_word' id='word_1_31' title='bbox 620 260 755 297; x_wconf 87' lang='lat' dir='ltr'>personali</span> <span class='ocrx_word' id='word_1_32' title='bbox 774 259 974 292; x_wconf 74' lang='lat' dir='ltr'>nominatione,</span> 
     </span>
     <span class='ocr_line' id='line_1_19' title="bbox 133 305 975 345; baseline -0.008 -6"><span class='ocrx_word' id='word_1_33' title='bbox 133 309 267 343; x_wconf 88' lang='lat' dir='ltr'>secundo,</span> <span class='ocrx_word' id='word_1_34' title='bbox 289 311 424 345; x_wconf 86' lang='lat' dir='ltr'>quantum</span> <span class='ocrx_word' id='word_1_35' title='bbox 447 307 480 336; x_wconf 87' lang='lat' dir='ltr'>ad</span> <span class='ocrx_word' id='word_1_36' title='bbox 501 307 662 335; x_wconf 76' lang='lat' dir='ltr'>subiectam</span> <span class='ocrx_word' id='word_1_37' title='bbox 677 306 854 343; x_wconf 80' lang='lat' dir='ltr'>receptivam</span> <span class='ocrx_word' id='word_1_38' title='bbox 869 305 895 333; x_wconf 94' lang='lat' dir='ltr'>in</span> <span class='ocrx_word' id='word_1_39' title='bbox 911 313 975 333; x_wconf 90' lang='lat' dir='ltr'>con-</span> 
     </span>
     <span class='ocr_line' id='line_1_20' title="bbox 133 352 974 391; baseline -0.006 -7"><span class='ocrx_word' id='word_1_40' title='bbox 133 356 249 385; x_wconf 90' lang='lat' dir='ltr'>venienti</span> <span class='ocrx_word' id='word_1_41' title='bbox 272 354 538 391; x_wconf 78' lang='lat' dir='ltr'>repraesentatione;</span> <span class='ocrx_word' id='word_1_42' title='bbox 561 353 655 386; x_wconf 86' lang='lat' dir='ltr'>tertio,</span> <span class='ocrx_word' id='word_1_43' title='bbox 677 355 814 389; x_wconf 85' lang='lat' dir='ltr'>quantum</span> <span class='ocrx_word' id='word_1_44' title='bbox 828 352 862 380; x_wconf 91' lang='lat' dir='ltr'>ad</span> <span class='ocrx_word' id='word_1_45' title='bbox 877 355 974 379; x_wconf 78' lang='lat' dir='ltr'>aetam</span> 
     </span>
     <span class='ocr_line' id='line_1_21' title="bbox 133 399 728 437; baseline -0.007 -6"><span class='ocrx_word' id='word_1_46' title='bbox 133 401 336 432; x_wconf 76' lang='lat' dir='ltr'>intermedium</span> <span class='ocrx_word' id='word_1_47' title='bbox 356 401 383 429; x_wconf 93' lang='lat' dir='ltr'>in</span> <span class='ocrx_word' id='word_1_48' title='bbox 406 400 537 437; x_wconf 75' lang='lat' dir='ltr'>singulari</span> <span class='ocrx_word' id='word_1_49' title='bbox 561 399 728 436; x_wconf 76' lang='lat' dir='ltr'>operatione.</span> 
     </span>
    </p>

    <p class='ocr_par' dir='ltr' id='par_1_12' title="bbox 132 444 977 943">
     <span class='ocr_line' id='line_1_22' title="bbox 210 444 974 483; baseline -0.007 -7"><span class='ocrx_word' id='word_1_50' title='bbox 210 448 300 476; x_wconf 83' lang='lat' dir='ltr'>Primo</span> <span class='ocrx_word' id='word_1_51' title='bbox 321 455 387 483; x_wconf 83' lang='lat' dir='ltr'>ergo</span> <span class='ocrx_word' id='word_1_52' title='bbox 415 446 582 475; x_wconf 73' lang='lat' dir='ltr'>describitur</span> <span class='ocrx_word' id='word_1_53' title='bbox 614 445 779 473; x_wconf 89' lang='lat' dir='ltr'>hodiernum</span> <span class='ocrx_word' id='word_1_54' title='bbox 812 444 974 472; x_wconf 88' lang='lat' dir='ltr'>beneficium</span> 
     </span>
     <span class='ocr_line' id='line_1_23' title="bbox 133 491 975 532; baseline -0.006 -9"><span class='ocrx_word' id='word_1_55' title='bbox 133 498 266 532; x_wconf 81' lang='lat' dir='ltr'>quantum</span> <span class='ocrx_word' id='word_1_56' title='bbox 288 493 320 522; x_wconf 90' lang='lat' dir='ltr'>ad</span> <span class='ocrx_word' id='word_1_57' title='bbox 339 493 523 530; x_wconf 77' lang='lat' dir='ltr'>principium</span> <span class='ocrx_word' id='word_1_58' title='bbox 543 491 703 529; x_wconf 74' lang='lat' dir='ltr'>effectioimi</span> <span class='ocrx_word' id='word_1_59' title='bbox 718 492 744 519; x_wconf 94' lang='lat' dir='ltr'>in</span> <span class='ocrx_word' id='word_1_60' title='bbox 767 491 903 528; x_wconf 86' lang='lat' dir='ltr'>personali</span> <span class='ocrx_word' id='word_1_61' title='bbox 926 498 975 518; x_wconf 91' lang='lat' dir='ltr'>no-</span> 
     </span>
     <span class='ocr_line' id='line_1_24' title="bbox 133 536 976 575; baseline -0.006 -6"><span class='ocrx_word' id='word_1_62' title='bbox 133 541 295 574; x_wconf 80' lang='lat' dir='ltr'>minatione,</span> <span class='ocrx_word' id='word_1_63' title='bbox 324 547 386 568; x_wconf 88' lang='lat' dir='ltr'>cum</span> <span class='ocrx_word' id='word_1_64' title='bbox 419 539 500 567; x_wconf 85' lang='lat' dir='ltr'>dicit:</span> <span class='ocrx_word' id='word_1_65' title='bbox 530 538 659 575; x_wconf 74' lang='lat' dir='ltr'>Spiritus</span> <span class='ocrx_word' id='word_1_66' title='bbox 684 537 814 570; x_wconf 51' lang='lat' dir='ltr'>Domini}</span> <span class='ocrx_word' id='word_1_67' title='bbox 836 536 976 570; x_wconf 89' lang='lat' dir='ltr'>secundo,</span> 
     </span>
     <span class='ocr_line' id='line_1_25' title="bbox 133 583 975 625; baseline -0.006 -9"><span class='ocrx_word' id='word_1_68' title='bbox 133 590 267 625; x_wconf 87' lang='lat' dir='ltr'>quantum</span> <span class='ocrx_word' id='word_1_69' title='bbox 288 586 321 615; x_wconf 87' lang='lat' dir='ltr'>ad</span> <span class='ocrx_word' id='word_1_70' title='bbox 349 585 508 614; x_wconf 78' lang='lat' dir='ltr'>subiectam</span> <span class='ocrx_word' id='word_1_71' title='bbox 539 585 714 621; x_wconf 75' lang='lat' dir='ltr'>receptivam</span> <span class='ocrx_word' id='word_1_72' title='bbox 747 584 773 612; x_wconf 91' lang='lat' dir='ltr'>in</span> <span class='ocrx_word' id='word_1_73' title='bbox 801 583 975 612; x_wconf 87' lang='lat' dir='ltr'>convenienti</span> 
     </span>
     <span class='ocr_line' id='line_1_26' title="bbox 134 630 976 670; baseline -0.005 -8"><span class='ocrx_word' id='word_1_74' title='bbox 134 633 396 670; x_wconf 77' lang='lat' dir='ltr'>repraesentatione,</span> <span class='ocrx_word' id='word_1_75' title='bbox 428 640 491 660; x_wconf 89' lang='lat' dir='ltr'>cum</span> <span class='ocrx_word' id='word_1_76' title='bbox 523 632 630 660; x_wconf 82' lang='lat' dir='ltr'>subdit:</span> <span class='ocrx_word' id='word_1_77' title='bbox 663 631 774 663; x_wconf 65' lang='lat' dir='ltr'>cados,-</span> <span class='ocrx_word' id='word_1_78' title='bbox 807 638 855 666; x_wconf 89' lang='lat' dir='ltr'>per</span> <span class='ocrx_word' id='word_1_79' title='bbox 887 630 976 658; x_wconf 85' lang='lat' dir='ltr'>caelos</span> 
     </span>
     <span class='ocr_line' id='line_1_27' title="bbox 133 678 976 717; baseline -0.006 -8"><span class='ocrx_word' id='word_1_80' title='bbox 133 688 251 717; x_wconf 84' lang='lat' dir='ltr'>namque</span> <span class='ocrx_word' id='word_1_81' title='bbox 262 680 456 708; x_wconf 86' lang='lat' dir='ltr'>convenienter</span> <span class='ocrx_word' id='word_1_82' title='bbox 470 679 649 715; x_wconf 73' lang='lat' dir='ltr'>designantur</span> <span class='ocrx_word' id='word_1_83' title='bbox 662 678 719 706; x_wconf 82' lang='lat' dir='ltr'>sive</span> <span class='ocrx_word' id='word_1_84' title='bbox 732 679 976 713; x_wconf 79' lang='lat' dir='ltr'>repraesentantur</span> 
     </span>
     <span class='ocr_line' id='line_1_28' title="bbox 133 723 975 764; baseline -0.006 -9"><span class='ocrx_word' id='word_1_85' title='bbox 133 726 249 764; x_wconf 77' lang='lat' dir='ltr'>Apostoli</span> <span class='ocrx_word' id='word_1_86' title='bbox 279 726 385 754; x_wconf 85' lang='lat' dir='ltr'>ratione</span> <span class='ocrx_word' id='word_1_87' title='bbox 415 725 573 761; x_wconf 87' lang='lat' dir='ltr'>aliquarum</span> <span class='ocrx_word' id='word_1_88' title='bbox 602 724 803 760; x_wconf 86' lang='lat' dir='ltr'>proprietatum</span> <span class='ocrx_word' id='word_1_89' title='bbox 832 723 975 751; x_wconf 85' lang='lat' dir='ltr'>nobilium.</span> 
     </span>
     <span class='ocr_line' id='line_1_29' title="bbox 134 770 974 809; baseline -0.006 -7"><span class='ocrx_word' id='word_1_90' title='bbox 134 773 240 807; x_wconf 81' lang='lat' dir='ltr'>Terti0,</span> <span class='ocrx_word' id='word_1_91' title='bbox 262 776 398 809; x_wconf 81' lang='lat' dir='ltr'>quantum</span> <span class='ocrx_word' id='word_1_92' title='bbox 420 772 453 800; x_wconf 88' lang='lat' dir='ltr'>ad</span> <span class='ocrx_word' id='word_1_93' title='bbox 476 775 575 800; x_wconf 78' lang='lat' dir='ltr'>aetam</span> <span class='ocrx_word' id='word_1_94' title='bbox 597 770 802 799; x_wconf 77' lang='lat' dir='ltr'>intermedium</span> <span class='ocrx_word' id='word_1_95' title='bbox 821 770 848 798; x_wconf 91' lang='lat' dir='ltr'>in</span> <span class='ocrx_word' id='word_1_96' title='bbox 880 770 974 806; x_wconf 81' lang='lat' dir='ltr'>singu-</span> 
     </span>
     <span class='ocr_line' id='line_1_30' title="bbox 133 817 977 856; baseline -0.006 -7"><span class='ocrx_word' id='word_1_97' title='bbox 133 820 183 849; x_wconf 89' lang='lat' dir='ltr'>lari</span> <span class='ocrx_word' id='word_1_98' title='bbox 204 819 377 856; x_wconf 83' lang='lat' dir='ltr'>operatione,</span> <span class='ocrx_word' id='word_1_99' title='bbox 400 826 463 847; x_wconf 90' lang='lat' dir='ltr'>cum</span> <span class='ocrx_word' id='word_1_100' title='bbox 479 818 630 847; x_wconf 79' lang='lat' dir='ltr'>subinfert:</span> <span class='ocrx_word' id='word_1_101' title='bbox 647 817 782 850; x_wconf 79' lang='lat' dir='ltr'>ornavit,·</span> <span class='ocrx_word' id='word_1_102' title='bbox 797 817 977 853; x_wconf 78' lang='lat' dir='ltr'>singulariter</span> 
     </span>
     <span class='ocr_line' id='line_1_31' title="bbox 133 864 976 902; baseline -0.005 -7"><span class='ocrx_word' id='word_1_103' title='bbox 133 867 203 896; x_wconf 88' lang='lat' dir='ltr'>euim</span> <span class='ocrx_word' id='word_1_104' title='bbox 226 869 252 895; x_wconf 88' lang='lat' dir='ltr'>et</span> <span class='ocrx_word' id='word_1_105' title='bbox 277 866 445 894; x_wconf 78' lang='lat' dir='ltr'>excellenter</span> <span class='ocrx_word' id='word_1_106' title='bbox 477 865 591 894; x_wconf 85' lang='lat' dir='ltr'>fuerunt</span> <span class='ocrx_word' id='word_1_107' title='bbox 620 865 738 902; x_wconf 73' lang='lat' dir='ltr'>Apostoli</span> <span class='ocrx_word' id='word_1_108' title='bbox 771 864 922 892; x_wconf 85' lang='lat' dir='ltr'>virtutibus</span> <span class='ocrx_word' id='word_1_109' title='bbox 950 866 976 892; x_wconf 92' lang='lat' dir='ltr'>et</span> 
     </span>
     <span class='ocr_line' id='line_1_32' title="bbox 132 912 549 943; baseline -0.007 0"><span class='ocrx_word' id='word_1_110' title='bbox 132 913 210 943; x_wconf 88' lang='lat' dir='ltr'>donis</span> <span class='ocrx_word' id='word_1_111' title='bbox 231 912 395 942; x_wconf 85' lang='lat' dir='ltr'>caelestibus</span> <span class='ocrx_word' id='word_1_112' title='bbox 416 912 549 941; x_wconf 89' lang='lat' dir='ltr'>adornati.</span> 
     </span>
    </p>

    <p class='ocr_par' dir='ltr' id='par_1_13' title="bbox 132 957 981 2117">
     <span class='ocr_line' id='line_1_33' title="bbox 211 957 977 996; baseline -0.004 -8"><span class='ocrx_word' id='word_1_113' title='bbox 211 960 228 988; x_wconf 91' lang='lat' dir='ltr'>l.</span> <span class='ocrx_word' id='word_1_114' title='bbox 250 959 320 988; x_wconf 87' lang='lat' dir='ltr'>Dicit</span> <span class='ocrx_word' id='word_1_115' title='bbox 341 967 422 996; x_wconf 82' lang='lat' dir='ltr'>ergo:</span> <span class='ocrx_word' id='word_1_116' title='bbox 446 959 576 995; x_wconf 76' lang='lat' dir='ltr'>Spiritus</span> <span class='ocrx_word' id='word_1_117' title='bbox 593 958 727 991; x_wconf 71' lang='lat' dir='ltr'>Dum-iiii,</span> <span class='ocrx_word' id='word_1_118' title='bbox 743 957 790 986; x_wconf 86' lang='lat' dir='ltr'>ubi</span> <span class='ocrx_word' id='word_1_119' title='bbox 809 957 977 986; x_wconf 81' lang='lat' dir='ltr'>describitur</span> 
     </span>
     <span class='ocr_line' id='line_1_34' title="bbox 134 1003 977 1042; baseline -0.004 -7"><span class='ocrx_word' id='word_1_120' title='bbox 134 1006 296 1036; x_wconf 88' lang='lat' dir='ltr'>hodiernum</span> <span class='ocrx_word' id='word_1_121' title='bbox 308 1006 471 1034; x_wconf 86' lang='lat' dir='ltr'>beneficium</span> <span class='ocrx_word' id='word_1_122' title='bbox 485 1008 619 1042; x_wconf 85' lang='lat' dir='ltr'>quantum</span> <span class='ocrx_word' id='word_1_123' title='bbox 635 1005 667 1033; x_wconf 89' lang='lat' dir='ltr'>ad</span> <span class='ocrx_word' id='word_1_124' title='bbox 680 1005 864 1041; x_wconf 72' lang='lat' dir='ltr'>principiam</span> <span class='ocrx_word' id='word_1_125' title='bbox 879 1003 977 1041; x_wconf 83' lang='lat' dir='ltr'>effecti—</span> 
     </span>
     <span class='ocr_line' id='line_1_35' title="bbox 134 1051 977 1088; baseline -0.002 -8"><span class='ocrx_word' id='word_1_126' title='bbox 134 1061 211 1080; x_wconf 79' lang='lat' dir='ltr'>vum.</span> <span class='ocrx_word' id='word_1_127' title='bbox 233 1052 316 1080; x_wconf 85' lang='lat' dir='ltr'>Habet</span> <span class='ocrx_word' id='word_1_128' title='bbox 337 1055 429 1080; x_wconf 88' lang='lat' dir='ltr'>autem</span> <span class='ocrx_word' id='word_1_129' title='bbox 452 1052 571 1088; x_wconf 84' lang='lat' dir='ltr'>Spiritus</span> <span class='ocrx_word' id='word_1_130' title='bbox 593 1054 704 1080; x_wconf 90' lang='lat' dir='ltr'>sanctus</span> <span class='ocrx_word' id='word_1_131' title='bbox 736 1051 762 1079; x_wconf 89' lang='lat' dir='ltr'>in</span> <span class='ocrx_word' id='word_1_132' title='bbox 785 1059 813 1079; x_wconf 88' lang='lat' dir='ltr'>se</span> <span class='ocrx_word' id='word_1_133' title='bbox 835 1054 892 1079; x_wconf 89' lang='lat' dir='ltr'>tres</span> <span class='ocrx_word' id='word_1_134' title='bbox 914 1059 977 1087; x_wconf 90' lang='lat' dir='ltr'>pro-</span> 
     </span>
     <span class='ocr_line' id='line_1_36' title="bbox 134 1098 977 1136; baseline -0.002 -9"><span class='ocrx_word' id='word_1_135' title='bbox 134 1099 277 1136; x_wconf 78' lang='lat' dir='ltr'>prietates,</span> <span class='ocrx_word' id='word_1_136' title='bbox 300 1098 451 1127; x_wconf 89' lang='lat' dir='ltr'>secundum</span> <span class='ocrx_word' id='word_1_137' title='bbox 481 1106 551 1135; x_wconf 86' lang='lat' dir='ltr'>quas</span> <span class='ocrx_word' id='word_1_138' title='bbox 578 1101 619 1126; x_wconf 89' lang='lat' dir='ltr'>est</span> <span class='ocrx_word' id='word_1_139' title='bbox 648 1098 813 1134; x_wconf 86' lang='lat' dir='ltr'>principium</span> <span class='ocrx_word' id='word_1_140' title='bbox 837 1101 864 1126; x_wconf 88' lang='lat' dir='ltr'>et</span> <span class='ocrx_word' id='word_1_141' title='bbox 894 1105 977 1126; x_wconf 89' lang='lat' dir='ltr'>causa</span> 
     </span>
     <span class='ocr_line' id='line_1_37' title="bbox 136 1143 976 1183; baseline -0.002 -10"><span class='ocrx_word' id='word_1_142' title='bbox 136 1145 249 1183; x_wconf 88' lang='lat' dir='ltr'>triplicis</span> <span class='ocrx_word' id='word_1_143' title='bbox 270 1144 349 1178; x_wconf 88' lang='lat' dir='ltr'>doni,</span> <span class='ocrx_word' id='word_1_144' title='bbox 372 1144 398 1172; x_wconf 93' lang='lat' dir='ltr'>in</span> <span class='ocrx_word' id='word_1_145' title='bbox 421 1152 476 1181; x_wconf 90' lang='lat' dir='ltr'>quo</span> <span class='ocrx_word' id='word_1_146' title='bbox 498 1147 586 1172; x_wconf 90' lang='lat' dir='ltr'>totum</span> <span class='ocrx_word' id='word_1_147' title='bbox 615 1143 781 1172; x_wconf 85' lang='lat' dir='ltr'>hodiernum</span> <span class='ocrx_word' id='word_1_148' title='bbox 812 1143 976 1172; x_wconf 86' lang='lat' dir='ltr'>beneficium</span> 
     </span>
     <span class='ocr_line' id='line_1_38' title="bbox 133 1190 977 1227; baseline -0.002 -7"><span class='ocrx_word' id='word_1_149' title='bbox 133 1191 288 1220; x_wconf 85' lang='lat' dir='ltr'>radicaliter</span> <span class='ocrx_word' id='word_1_150' title='bbox 309 1195 336 1220; x_wconf 90' lang='lat' dir='ltr'>et</span> <span class='ocrx_word' id='word_1_151' title='bbox 357 1191 539 1220; x_wconf 88' lang='lat' dir='ltr'>essentialiter</span> <span class='ocrx_word' id='word_1_152' title='bbox 553 1190 685 1219; x_wconf 86' lang='lat' dir='ltr'>consistit.</span> <span class='ocrx_word' id='word_1_153' title='bbox 702 1191 767 1219; x_wconf 85' lang='lat' dir='ltr'>Nam</span> <span class='ocrx_word' id='word_1_154' title='bbox 790 1190 879 1227; x_wconf 90' lang='lat' dir='ltr'>primo</span> <span class='ocrx_word' id='word_1_155' title='bbox 894 1192 936 1218; x_wconf 89' lang='lat' dir='ltr'>est</span> <span class='ocrx_word' id='word_1_156' title='bbox 950 1190 977 1218; x_wconf 90' lang='lat' dir='ltr'>in</span> 
     </span>
     <span class='ocr_line' id='line_1_39' title="bbox 134 1235 979 1275; baseline -0.002 -8"><span class='ocrx_word' id='word_1_157' title='bbox 134 1239 236 1275; x_wconf 84' lang='lat' dir='ltr'>Spiritu</span> <span class='ocrx_word' id='word_1_158' title='bbox 258 1241 351 1267; x_wconf 90' lang='lat' dir='ltr'>sancto</span> <span class='ocrx_word' id='word_1_159' title='bbox 373 1238 522 1266; x_wconf 88' lang='lat' dir='ltr'>infallibilis</span> <span class='ocrx_word' id='word_1_160' title='bbox 543 1237 652 1265; x_wconf 80' lang='lat' dir='ltr'>veritas</span> <span class='ocrx_word' id='word_1_161' title='bbox 660 1248 670 1270; x_wconf 93' lang='lat'><em>;</em></span> <span class='ocrx_word' id='word_1_162' title='bbox 698 1235 837 1271; x_wconf 82' lang='lat' dir='ltr'>secundo,</span> <span class='ocrx_word' id='word_1_163' title='bbox 858 1237 979 1265; x_wconf 86' lang='lat' dir='ltr'>liberalis</span> 
     </span>
     <span class='ocr_line' id='line_1_40' title="bbox 134 1283 977 1321; baseline -0.002 -8"><span class='ocrx_word' id='word_1_164' title='bbox 134 1285 262 1318; x_wconf 82' lang='lat' dir='ltr'>caritas;</span> <span class='ocrx_word' id='word_1_165' title='bbox 285 1285 374 1319; x_wconf 88' lang='lat' dir='ltr'>tertio,</span> <span class='ocrx_word' id='word_1_166' title='bbox 390 1284 585 1321; x_wconf 87' lang='lat' dir='ltr'>insuperabilis</span> <span class='ocrx_word' id='word_1_167' title='bbox 597 1288 732 1321; x_wconf 79' lang='lat' dir='ltr'>potestas.</span> <span class='ocrx_word' id='word_1_168' title='bbox 750 1284 855 1317; x_wconf 80' lang='lat' dir='ltr'>Primo,</span> <span class='ocrx_word' id='word_1_169' title='bbox 870 1283 936 1320; x_wconf 85' lang='lat' dir='ltr'>quia</span> <span class='ocrx_word' id='word_1_170' title='bbox 950 1283 977 1311; x_wconf 94' lang='lat' dir='ltr'>in</span> 
     </span>
     <span class='ocr_line' id='line_1_41' title="bbox 132 1330 978 1369; baseline -0.002 -9"><span class='ocrx_word' id='word_1_171' title='bbox 132 1332 192 1369; x_wconf 89' lang='lat' dir='ltr'>ipso</span> <span class='ocrx_word' id='word_1_172' title='bbox 205 1335 246 1360; x_wconf 90' lang='lat' dir='ltr'>est</span> <span class='ocrx_word' id='word_1_173' title='bbox 260 1340 369 1360; x_wconf 87' lang='lat' dir='ltr'>summa</span> <span class='ocrx_word' id='word_1_174' title='bbox 382 1333 501 1366; x_wconf 55' lang='lat' dir='ltr'>verita&amp;</span> <span class='ocrx_word' id='word_1_175' title='bbox 514 1332 574 1360; x_wconf 91' lang='lat' dir='ltr'>ideo</span> <span class='ocrx_word' id='word_1_176' title='bbox 588 1332 623 1360; x_wconf 87' lang='lat' dir='ltr'>ab</span> <span class='ocrx_word' id='word_1_177' title='bbox 638 1332 696 1368; x_wconf 90' lang='lat' dir='ltr'>ipso</span> <span class='ocrx_word' id='word_1_178' title='bbox 711 1330 834 1368; x_wconf 87' lang='lat' dir='ltr'>procedit</span> <span class='ocrx_word' id='word_1_179' title='bbox 849 1330 978 1367; x_wconf 83' lang='lat' dir='ltr'>splendor</span> 
     </span>
     <span class='ocr_line' id='line_1_42' title="bbox 134 1377 978 1415; baseline -0.002 -8"><span class='ocrx_word' id='word_1_180' title='bbox 134 1379 219 1407; x_wconf 86' lang='lat' dir='ltr'>fidelis</span> <span class='ocrx_word' id='word_1_181' title='bbox 234 1379 441 1415; x_wconf 79' lang='lat' dir='ltr'>intelligentiae,</span> <span class='ocrx_word' id='word_1_182' title='bbox 457 1379 637 1407; x_wconf 83' lang='lat' dir='ltr'>illuminantis</span> <span class='ocrx_word' id='word_1_183' title='bbox 652 1378 832 1415; x_wconf 79' lang='lat' dir='ltr'>cognitivani;</span> <span class='ocrx_word' id='word_1_184' title='bbox 849 1377 978 1411; x_wconf 85' lang='lat' dir='ltr'>secundo,</span> 
     </span>
     <span class='ocr_line' id='line_1_43' title="bbox 133 1424 979 1463; baseline -0.002 -9"><span class='ocrx_word' id='word_1_185' title='bbox 133 1426 197 1463; x_wconf 87' lang='lat' dir='ltr'>quia</span> <span class='ocrx_word' id='word_1_186' title='bbox 211 1425 329 1462; x_wconf 86' lang='lat' dir='ltr'>Spiritus</span> <span class='ocrx_word' id='word_1_187' title='bbox 344 1429 455 1454; x_wconf 84' lang='lat' dir='ltr'>sanctus</span> <span class='ocrx_word' id='word_1_188' title='bbox 469 1428 510 1454; x_wconf 87' lang='lat' dir='ltr'>est</span> <span class='ocrx_word' id='word_1_189' title='bbox 525 1433 632 1454; x_wconf 91' lang='lat' dir='ltr'>summa</span> <span class='ocrx_word' id='word_1_190' title='bbox 647 1425 771 1458; x_wconf 48' lang='lat' dir='ltr'>carita&amp;</span> <span class='ocrx_word' id='word_1_191' title='bbox 787 1424 847 1453; x_wconf 91' lang='lat' dir='ltr'>ideo</span> <span class='ocrx_word' id='word_1_192' title='bbox 864 1424 899 1452; x_wconf 87' lang='lat' dir='ltr'>ab</span> <span class='ocrx_word' id='word_1_193' title='bbox 920 1424 979 1460; x_wconf 90' lang='lat' dir='ltr'>ipso</span> 
     </span>
     <span class='ocr_line' id='line_1_44' title="bbox 133 1471 979 1510; baseline -0.002 -9"><span class='ocrx_word' id='word_1_194' title='bbox 133 1472 255 1510; x_wconf 85' lang='lat' dir='ltr'>procedit</span> <span class='ocrx_word' id='word_1_195' title='bbox 275 1480 352 1501; x_wconf 90' lang='lat' dir='ltr'>amor</span> <span class='ocrx_word' id='word_1_196' title='bbox 373 1472 449 1501; x_wconf 87' lang='lat' dir='ltr'>utilis</span> <span class='ocrx_word' id='word_1_197' title='bbox 471 1472 684 1505; x_wconf 86' lang='lat' dir='ltr'>benevolentiae,</span> <span class='ocrx_word' id='word_1_198' title='bbox 707 1471 884 1500; x_wconf 85' lang='lat' dir='ltr'>rectificantis</span> <span class='ocrx_word' id='word_1_199' title='bbox 915 1471 979 1499; x_wconf 80' lang='lat' dir='ltr'>asse-</span> 
     </span>
     <span class='ocr_line' id='line_1_45' title="bbox 134 1519 979 1556; baseline -0.002 -8"><span class='ocrx_word' id='word_1_200' title='bbox 134 1520 247 1554; x_wconf 78' lang='lat' dir='ltr'>ctivam3</span> <span class='ocrx_word' id='word_1_201' title='bbox 264 1519 360 1553; x_wconf 88' lang='lat' dir='ltr'>tertio,</span> <span class='ocrx_word' id='word_1_202' title='bbox 382 1520 448 1556; x_wconf 86' lang='lat' dir='ltr'>quia</span> <span class='ocrx_word' id='word_1_203' title='bbox 470 1520 495 1547; x_wconf 93' lang='lat' dir='ltr'>in</span> <span class='ocrx_word' id='word_1_204' title='bbox 518 1519 623 1556; x_wconf 86' lang='lat' dir='ltr'>Spiritu</span> <span class='ocrx_word' id='word_1_205' title='bbox 638 1521 731 1547; x_wconf 86' lang='lat' dir='ltr'>sancto</span> <span class='ocrx_word' id='word_1_206' title='bbox 753 1522 794 1547; x_wconf 86' lang='lat' dir='ltr'>est</span> <span class='ocrx_word' id='word_1_207' title='bbox 808 1526 916 1547; x_wconf 90' lang='lat' dir='ltr'>summa</span> <span class='ocrx_word' id='word_1_208' title='bbox 929 1527 979 1555; x_wconf 81' lang='lat' dir='ltr'>po-</span> 
     </span>
     <span class='ocr_line' id='line_1_46' title="bbox 134 1565 978 1603; baseline -0.002 -8"><span class='ocrx_word' id='word_1_209' title='bbox 134 1570 228 1600; x_wconf 75' lang='lat' dir='ltr'>testas,</span> <span class='ocrx_word' id='word_1_210' title='bbox 243 1566 303 1595; x_wconf 90' lang='lat' dir='ltr'>ideo</span> <span class='ocrx_word' id='word_1_211' title='bbox 324 1566 359 1594; x_wconf 87' lang='lat' dir='ltr'>ab</span> <span class='ocrx_word' id='word_1_212' title='bbox 380 1566 439 1603; x_wconf 89' lang='lat' dir='ltr'>ipso</span> <span class='ocrx_word' id='word_1_213' title='bbox 461 1566 584 1602; x_wconf 87' lang='lat' dir='ltr'>procedit</span> <span class='ocrx_word' id='word_1_214' title='bbox 599 1566 676 1602; x_wconf 80' lang='lat' dir='ltr'>vigor</span> <span class='ocrx_word' id='word_1_215' title='bbox 691 1565 779 1593; x_wconf 85' lang='lat' dir='ltr'>virilis</span> <span class='ocrx_word' id='word_1_216' title='bbox 793 1565 978 1599; x_wconf 73' lang='lat' dir='ltr'>constantiae,</span> 
     </span>
     <span class='ocr_line' id='line_1_47' title="bbox 134 1612 979 1642; baseline -0.001 0"><span class='ocrx_word' id='word_1_217' title='bbox 134 1614 288 1642; x_wconf 83' lang='lat' dir='ltr'>roborantis</span> <span class='ocrx_word' id='word_1_218' title='bbox 309 1613 471 1642; x_wconf 81' lang='lat' dir='ltr'>effectivam.</span> <span class='ocrx_word' id='word_1_219' title='bbox 495 1613 526 1641; x_wconf 86' lang='lat' dir='ltr'>Et</span> <span class='ocrx_word' id='word_1_220' title='bbox 547 1613 614 1641; x_wconf 87' lang='lat' dir='ltr'>haec</span> <span class='ocrx_word' id='word_1_221' title='bbox 631 1613 682 1641; x_wconf 86' lang='lat' dir='ltr'>tria</span> <span class='ocrx_word' id='word_1_222' title='bbox 697 1616 762 1641; x_wconf 85' lang='lat' dir='ltr'>sunt</span> <span class='ocrx_word' id='word_1_223' title='bbox 777 1612 931 1641; x_wconf 84' lang='lat' dir='ltr'>necessaria</span> <span class='ocrx_word' id='word_1_224' title='bbox 945 1612 979 1641; x_wconf 87' lang='lat' dir='ltr'>ad</span> 
     </span>
     <span class='ocr_line' id='line_1_48' title="bbox 134 1659 979 1693; baseline -0.001 -5"><span class='ocrx_word' id='word_1_225' title='bbox 134 1660 249 1689; x_wconf 87' lang='lat' dir='ltr'>salutem</span> <span class='ocrx_word' id='word_1_226' title='bbox 271 1660 345 1688; x_wconf 91' lang='lat' dir='ltr'>omni</span> <span class='ocrx_word' id='word_1_227' title='bbox 368 1660 528 1693; x_wconf 87' lang='lat' dir='ltr'>conditioni,</span> <span class='ocrx_word' id='word_1_228' title='bbox 551 1659 631 1688; x_wconf 83' lang='lat' dir='ltr'>sexui</span> <span class='ocrx_word' id='word_1_229' title='bbox 654 1663 681 1688; x_wconf 88' lang='lat' dir='ltr'>et</span> <span class='ocrx_word' id='word_1_230' title='bbox 695 1659 785 1688; x_wconf 86' lang='lat' dir='ltr'>aetati.</span> <span class='ocrx_word' id='word_1_231' title='bbox 802 1659 867 1687; x_wconf 86' lang='lat' dir='ltr'>Nam</span> <span class='ocrx_word' id='word_1_232' title='bbox 885 1659 979 1688; x_wconf 92' lang='lat' dir='ltr'>nullus</span> 
     </span>
     <span class='ocr_line' id='line_1_49' title="bbox 134 1705 979 1740; baseline -0.002 -5"><span class='ocrx_word' id='word_1_233' title='bbox 134 1706 244 1735; x_wconf 87' lang='lat' dir='ltr'>adultus</span> <span class='ocrx_word' id='word_1_234' title='bbox 265 1709 306 1735; x_wconf 88' lang='lat' dir='ltr'>est</span> <span class='ocrx_word' id='word_1_235' title='bbox 326 1706 353 1734; x_wconf 86' lang='lat' dir='ltr'>in</span> <span class='ocrx_word' id='word_1_236' title='bbox 375 1709 448 1734; x_wconf 86' lang='lat' dir='ltr'>statu</span> <span class='ocrx_word' id='word_1_237' title='bbox 471 1706 583 1740; x_wconf 87' lang='lat' dir='ltr'>salutis,</span> <span class='ocrx_word' id='word_1_238' title='bbox 605 1706 655 1734; x_wconf 90' lang='lat' dir='ltr'>nisi</span> <span class='ocrx_word' id='word_1_239' title='bbox 679 1705 778 1734; x_wconf 86' lang='lat' dir='ltr'>habeat</span> <span class='ocrx_word' id='word_1_240' title='bbox 806 1705 915 1734; x_wconf 88' lang='lat' dir='ltr'>fidelem</span> <span class='ocrx_word' id='word_1_241' title='bbox 938 1706 979 1733; x_wconf 93' lang='lat' dir='ltr'>in-</span> 
     </span>
     <span class='ocr_line' id='line_1_50' title="bbox 135 1752 978 1790; baseline -0.001 -9"><span class='ocrx_word' id='word_1_242' title='bbox 135 1753 310 1790; x_wconf 84' lang='lat' dir='ltr'>telligentiam</span> <span class='ocrx_word' id='word_1_243' title='bbox 333 1753 361 1781; x_wconf 91' lang='lat' dir='ltr'>in</span> <span class='ocrx_word' id='word_1_244' title='bbox 383 1753 540 1786; x_wconf 89' lang='lat' dir='ltr'>intellectu,</span> <span class='ocrx_word' id='word_1_245' title='bbox 562 1753 733 1781; x_wconf 84' lang='lat' dir='ltr'>caritativam</span> <span class='ocrx_word' id='word_1_246' title='bbox 760 1752 978 1781; x_wconf 83' lang='lat' dir='ltr'>benevolentiam</span> 
     </span>
     <span class='ocr_line' id='line_1_51' title="bbox 133 1799 980 1828; baseline -0.001 0"><span class='ocrx_word' id='word_1_247' title='bbox 133 1800 161 1828; x_wconf 93' lang='lat' dir='ltr'>in</span> <span class='ocrx_word' id='word_1_248' title='bbox 182 1800 282 1828; x_wconf 82' lang='lat' dir='ltr'>affectu</span> <span class='ocrx_word' id='word_1_249' title='bbox 303 1803 330 1828; x_wconf 92' lang='lat' dir='ltr'>et</span> <span class='ocrx_word' id='word_1_250' title='bbox 351 1800 461 1828; x_wconf 86' lang='lat' dir='ltr'>finalem</span> <span class='ocrx_word' id='word_1_251' title='bbox 483 1800 663 1828; x_wconf 80' lang='lat' dir='ltr'>constantiam</span> <span class='ocrx_word' id='word_1_252' title='bbox 685 1800 713 1827; x_wconf 90' lang='lat' dir='ltr'>in</span> <span class='ocrx_word' id='word_1_253' title='bbox 735 1799 842 1828; x_wconf 80' lang='lat' dir='ltr'>effectu.</span> <span class='ocrx_word' id='word_1_254' title='bbox 867 1799 898 1827; x_wconf 87' lang='lat' dir='ltr'>Et</span> <span class='ocrx_word' id='word_1_255' title='bbox 912 1800 980 1828; x_wconf 88' lang='lat' dir='ltr'>haec</span> 
     </span>
     <span class='ocr_line' id='line_1_52' title="bbox 134 1846 980 1884; baseline -0.001 -9"><span class='ocrx_word' id='word_1_256' title='bbox 134 1847 201 1881; x_wconf 92' lang='lat' dir='ltr'>tria,</span> <span class='ocrx_word' id='word_1_257' title='bbox 224 1854 273 1884; x_wconf 90' lang='lat' dir='ltr'>per</span> <span class='ocrx_word' id='word_1_258' title='bbox 293 1855 364 1884; x_wconf 87' lang='lat' dir='ltr'>quae</span> <span class='ocrx_word' id='word_1_259' title='bbox 386 1847 554 1875; x_wconf 82' lang='lat' dir='ltr'>assimilatur</span> <span class='ocrx_word' id='word_1_260' title='bbox 577 1847 658 1875; x_wconf 84' lang='lat' dir='ltr'>bomo</span> <span class='ocrx_word' id='word_1_261' title='bbox 680 1846 775 1875; x_wconf 89' lang='lat' dir='ltr'>beatae</span> <span class='ocrx_word' id='word_1_262' title='bbox 794 1846 931 1880; x_wconf 91' lang='lat' dir='ltr'>Trinitati,</span> <span class='ocrx_word' id='word_1_263' title='bbox 946 1846 980 1874; x_wconf 87' lang='lat' dir='ltr'>ab</span> 
     </span>
     <span class='ocr_line' id='line_1_53' title="bbox 134 1892 980 1930; baseline -0.001 -8"><span class='ocrx_word' id='word_1_264' title='bbox 134 1893 192 1930; x_wconf 88' lang='lat' dir='ltr'>ipso</span> <span class='ocrx_word' id='word_1_265' title='bbox 213 1893 392 1922; x_wconf 87' lang='lat' dir='ltr'>fontalissimo</span> <span class='ocrx_word' id='word_1_266' title='bbox 407 1893 542 1930; x_wconf 88' lang='lat' dir='ltr'>principio</span> <span class='ocrx_word' id='word_1_267' title='bbox 556 1893 583 1921; x_wconf 94' lang='lat' dir='ltr'>in</span> <span class='ocrx_word' id='word_1_268' title='bbox 599 1893 748 1930; x_wconf 88' lang='lat' dir='ltr'>apostolica</span> <span class='ocrx_word' id='word_1_269' title='bbox 762 1901 827 1921; x_wconf 86' lang='lat' dir='ltr'>vasa</span> <span class='ocrx_word' id='word_1_270' title='bbox 846 1892 980 1921; x_wconf 87' lang='lat' dir='ltr'>hodierna</span> 
     </span>
     <span class='ocr_line' id='line_1_54' title="bbox 132 1940 979 1977; baseline -0.001 -8"><span class='ocrx_word' id='word_1_271' title='bbox 132 1940 176 1969; x_wconf 89' lang='lat' dir='ltr'>die</span> <span class='ocrx_word' id='word_1_272' title='bbox 197 1940 327 1977; x_wconf 89' lang='lat' dir='ltr'>primitus</span> <span class='ocrx_word' id='word_1_273' title='bbox 347 1940 543 1974; x_wconf 81' lang='lat' dir='ltr'>defluxerunt,</span> <span class='ocrx_word' id='word_1_274' title='bbox 572 1948 643 1977; x_wconf 89' lang='lat' dir='ltr'>quae</span> <span class='ocrx_word' id='word_1_275' title='bbox 664 1940 776 1977; x_wconf 78' lang='lat' dir='ltr'>quidem</span> <span class='ocrx_word' id='word_1_276' title='bbox 799 1943 979 1976; x_wconf 87' lang='lat' dir='ltr'>opponuntur</span> 
     </span>
     <span class='ocr_line' id='line_1_55' title="bbox 134 1987 980 2024; baseline -0.001 -8"><span class='ocrx_word' id='word_1_277' title='bbox 134 1987 224 2016; x_wconf 87' lang='lat' dir='ltr'>tribus</span> <span class='ocrx_word' id='word_1_278' title='bbox 245 1987 338 2021; x_wconf 90' lang='lat' dir='ltr'>malis,</span> <span class='ocrx_word' id='word_1_279' title='bbox 360 1995 431 2024; x_wconf 83' lang='lat' dir='ltr'>quae</span> <span class='ocrx_word' id='word_1_280' title='bbox 452 1987 624 2016; x_wconf 87' lang='lat' dir='ltr'>incurrimus</span> <span class='ocrx_word' id='word_1_281' title='bbox 645 1988 751 2016; x_wconf 88' lang='lat' dir='ltr'>ratione</span> <span class='ocrx_word' id='word_1_282' title='bbox 765 1987 846 2024; x_wconf 89' lang='lat' dir='ltr'>primi</span> <span class='ocrx_word' id='word_1_283' title='bbox 862 1987 980 2024; x_wconf 87' lang='lat' dir='ltr'>peccati,</span> 
     </span>
     <span class='ocr_line' id='line_1_56' title="bbox 136 2034 981 2071; baseline 0 -9"><span class='ocrx_word' id='word_1_284' title='bbox 136 2034 259 2063; x_wconf 86' lang='lat' dir='ltr'>videlicet</span> <span class='ocrx_word' id='word_1_285' title='bbox 281 2035 503 2063; x_wconf 86' lang='lat' dir='ltr'>tenebrositatem</span> <span class='ocrx_word' id='word_1_286' title='bbox 526 2034 711 2071; x_wconf 82' lang='lat' dir='ltr'>ignorantiae,</span> <span class='ocrx_word' id='word_1_287' title='bbox 728 2034 924 2071; x_wconf 85' lang='lat' dir='ltr'>malignitatem</span> <span class='ocrx_word' id='word_1_288' title='bbox 940 2034 981 2062; x_wconf 90' lang='lat' dir='ltr'>in-</span> 
     </span>
     <span class='ocr_line' id='line_1_57' title="bbox 134 2080 672 2117; baseline 0 -8"><span class='ocrx_word' id='word_1_289' title='bbox 134 2080 221 2109; x_wconf 85' lang='lat' dir='ltr'>vidiae</span> <span class='ocrx_word' id='word_1_290' title='bbox 249 2084 275 2109; x_wconf 92' lang='lat' dir='ltr'>et</span> <span class='ocrx_word' id='word_1_291' title='bbox 296 2080 464 2109; x_wconf 82' lang='lat' dir='ltr'>debilitatem</span> <span class='ocrx_word' id='word_1_292' title='bbox 487 2081 672 2117; x_wconf 83' lang='lat' dir='ltr'>impotentiae.</span> 
     </span>
    </p>

    <p class='ocr_par' dir='ltr' id='par_1_14' title="bbox 135 2127 983 2680">
     <span class='ocr_line' id='line_1_58' title="bbox 212 2127 979 2164; baseline 0 -8"><span class='ocrx_word' id='word_1_293' title='bbox 212 2127 315 2161; x_wconf 82' lang='lat' dir='ltr'>Primo,</span> <span class='ocrx_word' id='word_1_294' title='bbox 337 2128 402 2164; x_wconf 86' lang='lat' dir='ltr'>quia</span> <span class='ocrx_word' id='word_1_295' title='bbox 424 2128 450 2156; x_wconf 89' lang='lat' dir='ltr'>iu</span> <span class='ocrx_word' id='word_1_296' title='bbox 473 2127 578 2164; x_wconf 86' lang='lat' dir='ltr'>Spiritu</span> <span class='ocrx_word' id='word_1_297' title='bbox 599 2131 693 2156; x_wconf 87' lang='lat' dir='ltr'>sancto</span> <span class='ocrx_word' id='word_1_298' title='bbox 708 2131 749 2156; x_wconf 89' lang='lat' dir='ltr'>est</span> <span class='ocrx_word' id='word_1_299' title='bbox 763 2127 913 2156; x_wconf 79' lang='lat' dir='ltr'>infallibilis</span> <span class='ocrx_word' id='word_1_300' title='bbox 935 2136 979 2156; x_wconf 79' lang='lat' dir='ltr'>ve-</span> 
     </span>
     <span class='ocr_line' id='line_1_59' title="bbox 136 2174 981 2211; baseline 0.001 -9"><span class='ocrx_word' id='word_1_301' title='bbox 136 2174 227 2208; x_wconf 84' lang='lat' dir='ltr'>ritas,</span> <span class='ocrx_word' id='word_1_302' title='bbox 250 2174 309 2203; x_wconf 91' lang='lat' dir='ltr'>ideo</span> <span class='ocrx_word' id='word_1_303' title='bbox 333 2178 466 2211; x_wconf 85' lang='lat' dir='ltr'>operatur</span> <span class='ocrx_word' id='word_1_304' title='bbox 488 2174 652 2203; x_wconf 79' lang='lat' dir='ltr'>claritatem</span> <span class='ocrx_word' id='word_1_305' title='bbox 675 2175 806 2203; x_wconf 71' lang='lat' dir='ltr'>veritatis</span> <span class='ocrx_word' id='word_1_306' title='bbox 828 2175 981 2211; x_wconf 50' lang='lat' dir='ltr'>intelligen*</span> 
     </span>
     <span class='ocr_line' id='line_1_60' title="bbox 137 2221 980 2258; baseline 0.001 -9"><span class='ocrx_word' id='word_1_307' title='bbox 137 2221 189 2250; x_wconf 86' lang='lat' dir='ltr'>tiae</span> <span class='ocrx_word' id='word_1_308' title='bbox 210 2221 236 2249; x_wconf 94' lang='lat' dir='ltr'>in</span> <span class='ocrx_word' id='word_1_309' title='bbox 259 2222 399 2250; x_wconf 90' lang='lat' dir='ltr'>intellectu</span> <span class='ocrx_word' id='word_1_310' title='bbox 421 2225 517 2250; x_wconf 88' lang='lat' dir='ltr'>contra</span> <span class='ocrx_word' id='word_1_311' title='bbox 538 2222 767 2250; x_wconf 76' lang='lat' dir='ltr'>tenebrositatem</span> <span class='ocrx_word' id='word_1_312' title='bbox 794 2222 980 2258; x_wconf 73' lang='lat' dir='ltr'>ignorantiae,</span> 
     </span>
     <span class='ocr_line' id='line_1_61' title="bbox 136 2268 983 2297; baseline 0.001 -1"><span class='ocrx_word' id='word_1_313' title='bbox 136 2268 209 2296; x_wconf 91' lang='lat' dir='ltr'>unde</span> <span class='ocrx_word' id='word_1_314' title='bbox 232 2268 337 2297; x_wconf 88' lang='lat' dir='ltr'>loannis</span> <span class='ocrx_word' id='word_1_315' title='bbox 368 2269 473 2297; x_wconf 88' lang='lat' dir='ltr'>decimo</span> <span class='ocrx_word' id='word_1_316' title='bbox 501 2271 619 2297; x_wconf 87' lang='lat' dir='ltr'>sexto¹:</span> <span class='ocrx_word' id='word_1_317' title='bbox 644 2269 715 2297; x_wconf 78' lang='lat' dir='ltr'>Cam</span> <span class='ocrx_word' id='word_1_318' title='bbox 745 2272 842 2297; x_wconf 39' lang='lat' dir='ltr'>(trucem</span> <span class='ocrx_word' id='word_1_319' title='bbox 873 2269 983 2297; x_wconf 80' lang='lat' dir='ltr'>venerit</span> 
     </span>
     <span class='ocr_line' id='line_1_62' title="bbox 136 2314 979 2351; baseline 0.001 -9"><span class='ocrx_word' id='word_1_320' title='bbox 136 2314 181 2343; x_wconf 77' lang='lat' dir='ltr'>ille</span> <span class='ocrx_word' id='word_1_321' title='bbox 196 2314 325 2351; x_wconf 76' lang='lat' dir='ltr'>Spiritus</span> <span class='ocrx_word' id='word_1_322' title='bbox 339 2315 471 2343; x_wconf 78' lang='lat' dir='ltr'>veritatis</span> <span class='ocrx_word' id='word_1_323' title='bbox 481 2338 488 2349; x_wconf 85' lang='lat'>,</span> <span class='ocrx_word' id='word_1_324' title='bbox 507 2315 615 2344; x_wconf 76' lang='lat' dir='ltr'>docebit</span> <span class='ocrx_word' id='word_1_325' title='bbox 630 2324 679 2344; x_wconf 80' lang='lat' dir='ltr'>vos</span> <span class='ocrx_word' id='word_1_326' title='bbox 694 2324 806 2344; x_wconf 73' lang='lat' dir='ltr'>omnem</span> <span class='ocrx_word' id='word_1_327' title='bbox 821 2316 979 2344; x_wconf 82' lang='lat' dir='ltr'>veritatem.</span> 
     </span>
     <span class='ocr_line' id='line_1_63' title="bbox 135 2361 980 2399; baseline 0.001 -9"><span class='ocrx_word' id='word_1_328' title='bbox 135 2361 269 2390; x_wconf 86' lang='lat' dir='ltr'>Hodierna</span> <span class='ocrx_word' id='word_1_329' title='bbox 284 2370 404 2399; x_wconf 81' lang='lat' dir='ltr'>namque</span> <span class='ocrx_word' id='word_1_330' title='bbox 415 2362 458 2391; x_wconf 90' lang='lat' dir='ltr'>die</span> <span class='ocrx_word' id='word_1_331' title='bbox 469 2370 597 2391; x_wconf 88' lang='lat' dir='ltr'>summus</span> <span class='ocrx_word' id='word_1_332' title='bbox 609 2365 635 2391; x_wconf 88' lang='lat' dir='ltr'>et</span> <span class='ocrx_word' id='word_1_333' title='bbox 646 2363 844 2391; x_wconf 87' lang='lat' dir='ltr'>fontalissimus</span> <span class='ocrx_word' id='word_1_334' title='bbox 854 2363 864 2378; x_wconf 71' lang='lat'>‘2</span> <span class='ocrx_word' id='word_1_335' title='bbox 876 2363 980 2397; x_wconf 90' lang='lat' dir='ltr'>doctor,</span> 
     </span>
     <span class='ocr_line' id='line_1_64' title="bbox 136 2408 981 2447; baseline 0.002 -11"><span class='ocrx_word' id='word_1_336' title='bbox 136 2408 254 2445; x_wconf 86' lang='lat' dir='ltr'>Spiritus</span> <span class='ocrx_word' id='word_1_337' title='bbox 275 2412 403 2443; x_wconf 88' lang='lat' dir='ltr'>sanctus,</span> <span class='ocrx_word' id='word_1_338' title='bbox 426 2410 538 2438; x_wconf 89' lang='lat' dir='ltr'>veniens</span> <span class='ocrx_word' id='word_1_339' title='bbox 559 2410 585 2437; x_wconf 94' lang='lat' dir='ltr'>in</span> <span class='ocrx_word' id='word_1_340' title='bbox 609 2410 750 2446; x_wconf 85' lang='lat' dir='ltr'>Apostolos</span> <span class='ocrx_word' id='word_1_341' title='bbox 770 2410 850 2438; x_wconf 83' lang='lat' dir='ltr'>iuxta</span> <span class='ocrx_word' id='word_1_342' title='bbox 866 2411 981 2447; x_wconf 86' lang='lat' dir='ltr'>promis-</span> 
     </span>
     <span class='ocr_line' id='line_1_65' title="bbox 137 2455 982 2493; baseline 0.002 -10"><span class='ocrx_word' id='word_1_343' title='bbox 137 2455 240 2483; x_wconf 88' lang='lat' dir='ltr'>sionem</span> <span class='ocrx_word' id='word_1_344' title='bbox 262 2455 379 2489; x_wconf 80' lang='lat' dir='ltr'>Christi,</span> <span class='ocrx_word' id='word_1_345' title='bbox 402 2456 439 2484; x_wconf 86' lang='lat' dir='ltr'>ita</span> <span class='ocrx_word' id='word_1_346' title='bbox 463 2457 581 2493; x_wconf 80' lang='lat' dir='ltr'>perfecte</span> <span class='ocrx_word' id='word_1_347' title='bbox 603 2460 629 2485; x_wconf 89' lang='lat' dir='ltr'>et</span> <span class='ocrx_word' id='word_1_348' title='bbox 650 2457 819 2485; x_wconf 83' lang='lat' dir='ltr'>excellenter</span> <span class='ocrx_word' id='word_1_349' title='bbox 842 2457 982 2493; x_wconf 89' lang='lat' dir='ltr'>primitivo</span> 
     </span>
     <span class='ocr_line' id='line_1_66' title="bbox 136 2501 980 2536; baseline 0.004 -7"><span class='ocrx_word' id='word_1_350' title='bbox 136 2501 213 2529; x_wconf 89' lang='lat' dir='ltr'>radio</span> <span class='ocrx_word' id='word_1_351' title='bbox 236 2502 359 2531; x_wconf 88' lang='lat' dir='ltr'>veritatis</span> <span class='ocrx_word' id='word_1_352' title='bbox 380 2502 544 2536; x_wconf 84' lang='lat' dir='ltr'>illustravit,</span> <span class='ocrx_word' id='word_1_353' title='bbox 566 2506 597 2531; x_wconf 89' lang='lat' dir='ltr'>ut</span> <span class='ocrx_word' id='word_1_354' title='bbox 619 2511 716 2532; x_wconf 91' lang='lat' dir='ltr'>eorum</span> <span class='ocrx_word' id='word_1_355' title='bbox 737 2503 891 2532; x_wconf 87' lang='lat' dir='ltr'>intellectus</span> <span class='ocrx_word' id='word_1_356' title='bbox 907 2504 980 2532; x_wconf 86' lang='lat' dir='ltr'>omui</span> 
     </span>
     <span class='ocr_line' id='line_1_67' title="bbox 136 2548 981 2585; baseline 0.002 -9"><span class='ocrx_word' id='word_1_357' title='bbox 136 2548 253 2585; x_wconf 82' lang='lat' dir='ltr'>imagine</span> <span class='ocrx_word' id='word_1_358' title='bbox 274 2552 301 2577; x_wconf 88' lang='lat' dir='ltr'>et</span> <span class='ocrx_word' id='word_1_359' title='bbox 329 2549 509 2578; x_wconf 86' lang='lat' dir='ltr'>similitudine</span> <span class='ocrx_word' id='word_1_360' title='bbox 535 2550 721 2579; x_wconf 76' lang='lat' dir='ltr'>informatus3</span> <span class='ocrx_word' id='word_1_361' title='bbox 744 2554 771 2579; x_wconf 93' lang='lat' dir='ltr'>et</span> <span class='ocrx_word' id='word_1_362' title='bbox 799 2551 860 2579; x_wconf 89' lang='lat' dir='ltr'>luce</span> <span class='ocrx_word' id='word_1_363' title='bbox 882 2551 981 2579; x_wconf 85' lang='lat' dir='ltr'>intelli-</span> 
     </span>
     <span class='ocr_line' id='line_1_68' title="bbox 136 2595 981 2634; baseline 0.004 -12"><span class='ocrx_word' id='word_1_364' title='bbox 136 2595 227 2631; x_wconf 82' lang='lat' dir='ltr'>gibili,</span> <span class='ocrx_word' id='word_1_365' title='bbox 259 2603 379 2632; x_wconf 86' lang='lat' dir='ltr'>superna</span> <span class='ocrx_word' id='word_1_366' title='bbox 407 2596 495 2632; x_wconf 81' lang='lat' dir='ltr'>gratia</span> <span class='ocrx_word' id='word_1_367' title='bbox 526 2596 653 2630; x_wconf 87' lang='lat' dir='ltr'>adiutus,</span> <span class='ocrx_word' id='word_1_368' title='bbox 684 2597 833 2633; x_wconf 86' lang='lat' dir='ltr'>purissimo</span> <span class='ocrx_word' id='word_1_369' title='bbox 855 2600 981 2634; x_wconf 87' lang='lat' dir='ltr'>aspectu,</span> 
     </span>
     <span class='ocr_line' id='line_1_69' title="bbox 137 2642 981 2680; baseline 0.002 -10"><span class='ocrx_word' id='word_1_370' title='bbox 137 2642 208 2670; x_wconf 87' lang='lat' dir='ltr'>sicut</span> <span class='ocrx_word' id='word_1_371' title='bbox 230 2643 358 2678; x_wconf 87' lang='lat' dir='ltr'>possibile</span> <span class='ocrx_word' id='word_1_372' title='bbox 380 2647 436 2677; x_wconf 82' lang='lat' dir='ltr'>est,</span> <span class='ocrx_word' id='word_1_373' title='bbox 458 2643 491 2671; x_wconf 90' lang='lat' dir='ltr'>ad</span> <span class='ocrx_word' id='word_1_374' title='bbox 513 2644 637 2672; x_wconf 89' lang='lat' dir='ltr'>notitiam</span> <span class='ocrx_word' id='word_1_375' title='bbox 660 2647 686 2672; x_wconf 90' lang='lat' dir='ltr'>et</span> <span class='ocrx_word' id='word_1_376' title='bbox 707 2644 923 2680; x_wconf 86' lang='lat' dir='ltr'>speculationem</span> <span class='ocrx_word' id='word_1_377' title='bbox 939 2644 981 2672; x_wconf 93' lang='lat' dir='ltr'>Di-</span> 
     </span>
    </p>
   </div>
   <div class='ocr_carea' id='block_1_12' title="bbox 138 2688 981 2719">
    <p class='ocr_par' dir='ltr' id='par_1_15' title="bbox 138 2688 981 2719">
     <span class='ocr_line' id='line_1_70' title="bbox 138 2688 981 2719; baseline 0.004 -3"><span class='ocrx_word' id='word_1_378' title='bbox 138 2688 258 2717; x_wconf 85' lang='lat' dir='ltr'>vinitatis</span> <span class='ocrx_word' id='word_1_379' title='bbox 279 2689 443 2718; x_wconf 87' lang='lat' dir='ltr'>elevaretur.</span> <span class='ocrx_word' id='word_1_380' title='bbox 476 2690 569 2718; x_wconf 84' lang='lat' dir='ltr'>Nonne</span> <span class='ocrx_word' id='word_1_381' title='bbox 600 2690 732 2719; x_wconf 86' lang='lat' dir='ltr'>altissima</span> <span class='ocrx_word' id='word_1_382' title='bbox 762 2694 822 2719; x_wconf 83' lang='lat' dir='ltr'>erat</span> <span class='ocrx_word' id='word_1_383' title='bbox 848 2691 981 2719; x_wconf 88' lang='lat' dir='ltr'>hodierna</span> 
     </span>
    </p>
   </div>
   <div class='ocr_carea' id='block_1_13' title="bbox 1004 356 1012 2725">
    <p class='ocr_par' dir='ltr' id='par_1_16' title="bbox 1004 356 1012 2725">
     <span class='ocr_line' id='line_1_71' title="bbox 1004 356 1012 2725; baseline 0 0"><span class='ocrx_word' id='word_1_384' title='bbox 1004 356 1012 2725; x_wconf 95' lang='lat' dir='ltr'> </span> 
     </span>
    </p>
   </div>
   <div class='ocr_carea' id='block_1_14' title="bbox 1816 189 1867 217">
    <p class='ocr_par' dir='ltr' id='par_1_17' title="bbox 1816 189 1867 217">
     <span class='ocr_line' id='line_1_72' title="bbox 1816 189 1867 217; baseline 0 0"><span class='ocrx_word' id='word_1_385' title='bbox 1816 189 1867 217; x_wconf 84' lang='lat'>331</span> 
     </span>
    </p>
   </div>
   <div class='ocr_carea' id='block_1_15' title="bbox 1031 258 1884 2729">
    <p class='ocr_par' dir='ltr' id='par_1_18' title="bbox 1031 258 1877 983">
     <span class='ocr_line' id='line_1_73' title="bbox 1032 258 1873 299; baseline 0.011 -14"><span class='ocrx_word' id='word_1_386' title='bbox 1032 258 1075 286; x_wconf 91' lang='lat' dir='ltr'>die</span> <span class='ocrx_word' id='word_1_387' title='bbox 1097 258 1275 295; x_wconf 83' lang='lat' dir='ltr'>intelligentia</span> <span class='ocrx_word' id='word_1_388' title='bbox 1305 260 1522 295; x_wconf 86' lang='lat' dir='ltr'>praedicantium</span> <span class='ocrx_word' id='word_1_389' title='bbox 1555 262 1646 290; x_wconf 89' lang='lat' dir='ltr'>verbis</span> <span class='ocrx_word' id='word_1_390' title='bbox 1674 264 1773 299; x_wconf 86' lang='lat' dir='ltr'>planis,</span> <span class='ocrx_word' id='word_1_391' title='bbox 1795 266 1873 294; x_wconf 85' lang='lat' dir='ltr'>Chri-</span> 
     </span>
     <span class='ocr_line' id='line_1_74' title="bbox 1033 305 1872 345; baseline 0.01 -13"><span class='ocrx_word' id='word_1_392' title='bbox 1033 307 1106 332; x_wconf 92' lang='lat' dir='ltr'>stum</span> <span class='ocrx_word' id='word_1_393' title='bbox 1127 307 1155 333; x_wconf 92' lang='lat' dir='ltr'>et</span> <span class='ocrx_word' id='word_1_394' title='bbox 1175 312 1234 333; x_wconf 89' lang='lat' dir='ltr'>esse</span> <span class='ocrx_word' id='word_1_395' title='bbox 1255 305 1352 334; x_wconf 87' lang='lat' dir='ltr'>Filium</span> <span class='ocrx_word' id='word_1_396' title='bbox 1376 306 1421 334; x_wconf 90' lang='lat' dir='ltr'>Dei</span> <span class='ocrx_word' id='word_1_397' title='bbox 1444 310 1469 335; x_wconf 87' lang='lat' dir='ltr'>et</span> <span class='ocrx_word' id='word_1_398' title='bbox 1497 315 1513 335; x_wconf 87' lang='lat' dir='ltr'>a</span> <span class='ocrx_word' id='word_1_399' title='bbox 1533 308 1651 336; x_wconf 87' lang='lat' dir='ltr'>mortuis</span> <span class='ocrx_word' id='word_1_400' title='bbox 1676 312 1872 345; x_wconf 81' lang='lat' dir='ltr'>resurrexisse,</span> 
     </span>
     <span class='ocr_line' id='line_1_75' title="bbox 1033 351 1874 388; baseline 0.01 -10"><span class='ocrx_word' id='word_1_401' title='bbox 1033 351 1105 387; x_wconf 86' lang='lat' dir='ltr'>quod</span> <span class='ocrx_word' id='word_1_402' title='bbox 1128 351 1280 387; x_wconf 83' lang='lat' dir='ltr'>Prophetae</span> <span class='ocrx_word' id='word_1_403' title='bbox 1300 352 1496 388; x_wconf 83' lang='lat' dir='ltr'>praedixerant</span> <span class='ocrx_word' id='word_1_404' title='bbox 1518 353 1609 382; x_wconf 85' lang='lat' dir='ltr'>verbis</span> <span class='ocrx_word' id='word_1_405' title='bbox 1630 355 1756 384; x_wconf 89' lang='lat' dir='ltr'>obscuris</span> <span class='ocrx_word' id='word_1_406' title='bbox 1770 361 1797 385; x_wconf 86' lang='lat' dir='ltr'>et</span> <span class='ocrx_word' id='word_1_407' title='bbox 1818 366 1874 387; x_wconf 87' lang='lat' dir='ltr'>me-</span> 
     </span>
     <span class='ocr_line' id='line_1_76' title="bbox 1034 397 1874 439; baseline 0.01 -15"><span class='ocrx_word' id='word_1_408' title='bbox 1034 397 1184 433; x_wconf 86' lang='lat' dir='ltr'>taphoricis</span> <span class='ocrx_word' id='word_1_409' title='bbox 1204 398 1342 433; x_wconf 86' lang='lat' dir='ltr'>parabolis</span> <span class='ocrx_word' id='word_1_410' title='bbox 1363 401 1446 435; x_wconf 86' lang='lat' dir='ltr'>atque</span> <span class='ocrx_word' id='word_1_411' title='bbox 1462 400 1649 436; x_wconf 82' lang='lat' dir='ltr'>aenigmaticis</span> <span class='ocrx_word' id='word_1_412' title='bbox 1670 402 1787 437; x_wconf 81' lang='lat' dir='ltr'>figuris?</span> <span class='ocrx_word' id='word_1_413' title='bbox 1808 404 1874 439; x_wconf 85' lang='lat' dir='ltr'>Quis</span> 
     </span>
     <span class='ocr_line' id='line_1_77' title="bbox 1033 443 1875 485; baseline 0.01 -14"><span class='ocrx_word' id='word_1_414' title='bbox 1033 443 1123 476; x_wconf 90' lang='lat' dir='ltr'>enim,</span> <span class='ocrx_word' id='word_1_415' title='bbox 1145 451 1263 480; x_wconf 84' lang='lat' dir='ltr'>quaeso,</span> <span class='ocrx_word' id='word_1_416' title='bbox 1285 444 1378 472; x_wconf 89' lang='lat' dir='ltr'>docuit</span> <span class='ocrx_word' id='word_1_417' title='bbox 1405 453 1452 473; x_wconf 88' lang='lat' dir='ltr'>eos</span> <span class='ocrx_word' id='word_1_418' title='bbox 1483 446 1547 474; x_wconf 88' lang='lat' dir='ltr'>talia</span> <span class='ocrx_word' id='word_1_419' title='bbox 1566 446 1657 475; x_wconf 88' lang='lat' dir='ltr'>dicere</span> <span class='ocrx_word' id='word_1_420' title='bbox 1682 448 1718 476; x_wconf 88' lang='lat' dir='ltr'>ita</span> <span class='ocrx_word' id='word_1_421' title='bbox 1749 450 1828 485; x_wconf 89' lang='lat' dir='ltr'>plane</span> <span class='ocrx_word' id='word_1_422' title='bbox 1848 454 1875 479; x_wconf 89' lang='lat' dir='ltr'>et</span> 
     </span>
     <span class='ocr_line' id='line_1_78' title="bbox 1032 488 1875 527; baseline 0.009 -11"><span class='ocrx_word' id='word_1_423' title='bbox 1032 488 1194 517; x_wconf 86' lang='lat' dir='ltr'>evidenter?</span> <span class='ocrx_word' id='word_1_424' title='bbox 1215 490 1343 526; x_wconf 85' lang='lat' dir='ltr'>Nunquid</span> <span class='ocrx_word' id='word_1_425' title='bbox 1358 498 1404 519; x_wconf 87' lang='lat' dir='ltr'>ars</span> <span class='ocrx_word' id='word_1_426' title='bbox 1420 491 1577 527; x_wconf 87' lang='lat' dir='ltr'>piscatoria,</span> <span class='ocrx_word' id='word_1_427' title='bbox 1592 496 1640 521; x_wconf 88' lang='lat' dir='ltr'>aut</span> <span class='ocrx_word' id='word_1_428' title='bbox 1661 502 1731 522; x_wconf 81' lang='lat' dir='ltr'>earo</span> <span class='ocrx_word' id='word_1_429' title='bbox 1745 499 1793 523; x_wconf 90' lang='lat' dir='ltr'>aut</span> <span class='ocrx_word' id='word_1_430' title='bbox 1807 504 1875 524; x_wconf 70' lang='lat' dir='ltr'>scta-</span> 
     </span>
     <span class='ocr_line' id='line_1_79' title="bbox 1031 535 1873 577; baseline 0.011 -15"><span class='ocrx_word' id='word_1_431' title='bbox 1031 535 1144 572; x_wconf 65' lang='lat' dir='ltr'>gnta-⁴?</span> <span class='ocrx_word' id='word_1_432' title='bbox 1165 536 1222 564; x_wconf 91' lang='lat' dir='ltr'>Non</span> <span class='ocrx_word' id='word_1_433' title='bbox 1245 539 1331 570; x_wconf 89' lang='lat' dir='ltr'>certe;</span> <span class='ocrx_word' id='word_1_434' title='bbox 1365 537 1411 565; x_wconf 91' lang='lat' dir='ltr'>sed</span> <span class='ocrx_word' id='word_1_435' title='bbox 1443 538 1572 574; x_wconf 73' lang='lat' dir='ltr'>Spiritus</span> <span class='ocrx_word' id='word_1_436' title='bbox 1603 540 1703 568; x_wconf 77' lang='lat' dir='ltr'>Patris</span> <span class='ocrx_word' id='word_1_437' title='bbox 1734 542 1873 577; x_wconf 80' lang='lat' dir='ltr'>caelestis,</span> 
     </span>
     <span class='ocr_line' id='line_1_80' title="bbox 1033 581 1875 621; baseline 0.011 -12"><span class='ocrx_word' id='word_1_438' title='bbox 1033 582 1085 619; x_wconf 77' lang='lat' dir='ltr'>qai</span> <span class='ocrx_word' id='word_1_439' title='bbox 1105 581 1275 619; x_wconf 76' lang='lat' dir='ltr'>loquebatur</span> <span class='ocrx_word' id='word_1_440' title='bbox 1296 583 1327 611; x_wconf 78' lang='lat' dir='ltr'>iii</span> <span class='ocrx_word' id='word_1_441' title='bbox 1348 584 1396 611; x_wconf 82' lang='lat' dir='ltr'>eis.</span> <span class='ocrx_word' id='word_1_442' title='bbox 1421 584 1464 612; x_wconf 86' lang='lat' dir='ltr'>lsti</span> <span class='ocrx_word' id='word_1_443' title='bbox 1486 593 1552 621; x_wconf 78' lang='lat' dir='ltr'>ergo</span> <span class='ocrx_word' id='word_1_444' title='bbox 1573 586 1729 614; x_wconf 83' lang='lat' dir='ltr'>certitudini</span> <span class='ocrx_word' id='word_1_445' title='bbox 1753 589 1875 618; x_wconf 81' lang='lat' dir='ltr'>veritatis</span> 
     </span>
     <span class='ocr_line' id='line_1_81' title="bbox 1033 628 1875 667; baseline 0.008 -11"><span class='ocrx_word' id='word_1_446' title='bbox 1033 628 1152 664; x_wconf 85' lang='lat' dir='ltr'>Spiritus</span> <span class='ocrx_word' id='word_1_447' title='bbox 1173 629 1259 657; x_wconf 87' lang='lat' dir='ltr'>sancti</span> <span class='ocrx_word' id='word_1_448' title='bbox 1281 633 1322 658; x_wconf 89' lang='lat' dir='ltr'>est</span> <span class='ocrx_word' id='word_1_449' title='bbox 1343 630 1529 659; x_wconf 84' lang='lat' dir='ltr'>indubitanter</span> <span class='ocrx_word' id='word_1_450' title='bbox 1558 632 1741 667; x_wconf 85' lang='lat' dir='ltr'>credendum,</span> <span class='ocrx_word' id='word_1_451' title='bbox 1763 643 1815 663; x_wconf 92' lang='lat' dir='ltr'>non</span> <span class='ocrx_word' id='word_1_452' title='bbox 1837 635 1875 663; x_wconf 89' lang='lat' dir='ltr'>fa-</span> 
     </span>
     <span class='ocr_line' id='line_1_82' title="bbox 1033 675 1875 717; baseline 0.01 -15"><span class='ocrx_word' id='word_1_453' title='bbox 1033 675 1106 703; x_wconf 89' lang='lat' dir='ltr'>bulis</span> <span class='ocrx_word' id='word_1_454' title='bbox 1129 676 1299 710; x_wconf 86' lang='lat' dir='ltr'>vetularum,</span> <span class='ocrx_word' id='word_1_455' title='bbox 1322 684 1375 704; x_wconf 91' lang='lat' dir='ltr'>non</span> <span class='ocrx_word' id='word_1_456' title='bbox 1407 678 1621 713; x_wconf 85' lang='lat' dir='ltr'>sophismatibus</span> <span class='ocrx_word' id='word_1_457' title='bbox 1649 680 1875 717; x_wconf 84' lang='lat' dir='ltr'>pbilosophorum</span> 
     </span>
     <span class='ocr_line' id='line_1_83' title="bbox 1034 721 1876 760; baseline 0.011 -12"><span class='ocrx_word' id='word_1_458' title='bbox 1034 728 1083 749; x_wconf 91' lang='lat' dir='ltr'>nec</span> <span class='ocrx_word' id='word_1_459' title='bbox 1104 721 1280 750; x_wconf 88' lang='lat' dir='ltr'>illusionibus</span> <span class='ocrx_word' id='word_1_460' title='bbox 1302 730 1462 759; x_wconf 83' lang='lat' dir='ltr'>magorum,</span> <span class='ocrx_word' id='word_1_461' title='bbox 1485 732 1516 752; x_wconf 91' lang='lat' dir='ltr'>eo</span> <span class='ocrx_word' id='word_1_462' title='bbox 1537 725 1609 760; x_wconf 89' lang='lat' dir='ltr'>quod</span> <span class='ocrx_word' id='word_1_463' title='bbox 1643 726 1693 754; x_wconf 89' lang='lat' dir='ltr'>iste</span> <span class='ocrx_word' id='word_1_464' title='bbox 1714 727 1808 755; x_wconf 90' lang='lat' dir='ltr'>doctor</span> <span class='ocrx_word' id='word_1_465' title='bbox 1835 732 1876 757; x_wconf 88' lang='lat' dir='ltr'>est</span> 
     </span>
     <span class='ocr_line' id='line_1_84' title="bbox 1033 767 1876 808; baseline 0.009 -13"><span class='ocrx_word' id='word_1_466' title='bbox 1033 767 1100 796; x_wconf 90' lang='lat' dir='ltr'>adeo</span> <span class='ocrx_word' id='word_1_467' title='bbox 1121 768 1228 804; x_wconf 86' lang='lat' dir='ltr'>peritus</span> <span class='ocrx_word' id='word_1_468' title='bbox 1249 771 1276 796; x_wconf 90' lang='lat' dir='ltr'>et</span> <span class='ocrx_word' id='word_1_469' title='bbox 1297 769 1324 796; x_wconf 93' lang='lat' dir='ltr'>in</span> <span class='ocrx_word' id='word_1_470' title='bbox 1345 769 1418 797; x_wconf 88' lang='lat' dir='ltr'>omni</span> <span class='ocrx_word' id='word_1_471' title='bbox 1450 770 1579 799; x_wconf 84' lang='lat' dir='ltr'>facultate</span> <span class='ocrx_word' id='word_1_472' title='bbox 1607 772 1796 808; x_wconf 84' lang='lat' dir='ltr'>antiquissima</span> <span class='ocrx_word' id='word_1_473' title='bbox 1827 783 1876 803; x_wconf 85' lang='lat' dir='ltr'>ex-</span> 
     </span>
     <span class='ocr_line' id='line_1_85' title="bbox 1035 814 1876 854; baseline 0.008 -12"><span class='ocrx_word' id='word_1_474' title='bbox 1035 814 1168 850; x_wconf 88' lang='lat' dir='ltr'>perientia</span> <span class='ocrx_word' id='word_1_475' title='bbox 1189 815 1375 851; x_wconf 85' lang='lat' dir='ltr'>approbatus,</span> <span class='ocrx_word' id='word_1_476' title='bbox 1398 819 1429 844; x_wconf 92' lang='lat' dir='ltr'>ut</span> <span class='ocrx_word' id='word_1_477' title='bbox 1454 817 1548 845; x_wconf 90' lang='lat' dir='ltr'>nullus</span> <span class='ocrx_word' id='word_1_478' title='bbox 1577 819 1662 854; x_wconf 90' lang='lat' dir='ltr'>possit</span> <span class='ocrx_word' id='word_1_479' title='bbox 1691 821 1876 850; x_wconf 82' lang='lat' dir='ltr'>contradicere</span> 
     </span>
     <span class='ocr_line' id='line_1_86' title="bbox 1034 861 1876 904; baseline 0.008 -15"><span class='ocrx_word' id='word_1_480' title='bbox 1034 861 1083 889; x_wconf 90' lang='lat' dir='ltr'>sibi</span> <span class='ocrx_word' id='word_1_481' title='bbox 1106 861 1133 889; x_wconf 95' lang='lat' dir='ltr'>in</span> <span class='ocrx_word' id='word_1_482' title='bbox 1155 861 1249 898; x_wconf 87' lang='lat' dir='ltr'>aliqua</span> <span class='ocrx_word' id='word_1_483' title='bbox 1269 862 1410 897; x_wconf 87' lang='lat' dir='ltr'>doctrina,</span> <span class='ocrx_word' id='word_1_484' title='bbox 1433 871 1483 892; x_wconf 88' lang='lat' dir='ltr'>nec</span> <span class='ocrx_word' id='word_1_485' title='bbox 1498 865 1637 900; x_wconf 85' lang='lat' dir='ltr'>repulsam</span> <span class='ocrx_word' id='word_1_486' title='bbox 1654 866 1707 901; x_wconf 84' lang='lat' dir='ltr'>pati</span> <span class='ocrx_word' id='word_1_487' title='bbox 1723 867 1757 895; x_wconf 90' lang='lat' dir='ltr'>ab</span> <span class='ocrx_word' id='word_1_488' title='bbox 1772 868 1876 904; x_wconf 82' lang='lat' dir='ltr'>aliquo,</span> 
     </span>
     <span class='ocr_line' id='line_1_87' title="bbox 1034 908 1877 950; baseline 0.009 -15"><span class='ocrx_word' id='word_1_489' title='bbox 1034 908 1091 936; x_wconf 91' lang='lat' dir='ltr'>sive</span> <span class='ocrx_word' id='word_1_490' title='bbox 1113 908 1207 936; x_wconf 89' lang='lat' dir='ltr'>reduci</span> <span class='ocrx_word' id='word_1_491' title='bbox 1229 908 1262 936; x_wconf 90' lang='lat' dir='ltr'>ad</span> <span class='ocrx_word' id='word_1_492' title='bbox 1284 912 1383 937; x_wconf 86' lang='lat' dir='ltr'>metam</span> <span class='ocrx_word' id='word_1_493' title='bbox 1407 910 1624 947; x_wconf 82' lang='lat' dir='ltr'>redargutionis,</span> <span class='ocrx_word' id='word_1_494' title='bbox 1640 912 1705 948; x_wconf 86' lang='lat' dir='ltr'>quia</span> <span class='ocrx_word' id='word_1_495' title='bbox 1720 921 1771 941; x_wconf 89' lang='lat' dir='ltr'>non</span> <span class='ocrx_word' id='word_1_496' title='bbox 1789 918 1877 950; x_wconf 86' lang='lat' dir='ltr'>potest</span> 
     </span>
     <span class='ocr_line' id='line_1_88' title="bbox 1033 955 1285 983; baseline 0 0"><span class='ocrx_word' id='word_1_497' title='bbox 1033 955 1128 983; x_wconf 86' lang='lat' dir='ltr'>fallere</span> <span class='ocrx_word' id='word_1_498' title='bbox 1149 963 1199 983; x_wconf 89' lang='lat' dir='ltr'>nec</span> <span class='ocrx_word' id='word_1_499' title='bbox 1220 955 1285 983; x_wconf 90' lang='lat' dir='ltr'>falli.</span> 
     </span>
    </p>

    <p class='ocr_par' dir='ltr' id='par_1_19' title="bbox 1034 1002 1881 1883">
     <span class='ocr_line' id='line_1_89' title="bbox 1113 1002 1878 1039; baseline 0.008 -9"><span class='ocrx_word' id='word_1_500' title='bbox 1113 1002 1254 1036; x_wconf 88' lang='lat' dir='ltr'>Secundo,</span> <span class='ocrx_word' id='word_1_501' title='bbox 1276 1003 1340 1039; x_wconf 86' lang='lat' dir='ltr'>quia</span> <span class='ocrx_word' id='word_1_502' title='bbox 1363 1003 1389 1031; x_wconf 92' lang='lat' dir='ltr'>in</span> <span class='ocrx_word' id='word_1_503' title='bbox 1406 1003 1511 1039; x_wconf 85' lang='lat' dir='ltr'>Spiritu</span> <span class='ocrx_word' id='word_1_504' title='bbox 1525 1008 1619 1033; x_wconf 85' lang='lat' dir='ltr'>sancto</span> <span class='ocrx_word' id='word_1_505' title='bbox 1634 1009 1674 1033; x_wconf 89' lang='lat' dir='ltr'>est</span> <span class='ocrx_word' id='word_1_506' title='bbox 1690 1006 1878 1036; x_wconf 87' lang='lat' dir='ltr'>liberalissima</span> 
     </span>
     <span class='ocr_line' id='line_1_90' title="bbox 1034 1048 1878 1085; baseline 0.007 -9"><span class='ocrx_word' id='word_1_507' title='bbox 1034 1048 1160 1081; x_wconf 83' lang='lat' dir='ltr'>caritas,</span> <span class='ocrx_word' id='word_1_508' title='bbox 1183 1048 1243 1077; x_wconf 91' lang='lat' dir='ltr'>ideo</span> <span class='ocrx_word' id='word_1_509' title='bbox 1264 1052 1397 1085; x_wconf 88' lang='lat' dir='ltr'>operatur</span> <span class='ocrx_word' id='word_1_510' title='bbox 1419 1050 1601 1079; x_wconf 75' lang='lat' dir='ltr'>latitudinem</span> <span class='ocrx_word' id='word_1_511' title='bbox 1623 1052 1699 1081; x_wconf 83' lang='lat' dir='ltr'>utilis</span> <span class='ocrx_word' id='word_1_512' title='bbox 1720 1053 1878 1083; x_wconf 75' lang='lat' dir='ltr'>benevolen-</span> 
     </span>
     <span class='ocr_line' id='line_1_91' title="bbox 1035 1094 1879 1133; baseline 0.008 -11"><span class='ocrx_word' id='word_1_513' title='bbox 1035 1094 1091 1123; x_wconf 85' lang='lat' dir='ltr'>tiae</span> <span class='ocrx_word' id='word_1_514' title='bbox 1106 1095 1133 1123; x_wconf 91' lang='lat' dir='ltr'>in</span> <span class='ocrx_word' id='word_1_515' title='bbox 1152 1095 1252 1124; x_wconf 81' lang='lat' dir='ltr'>affectu</span> <span class='ocrx_word' id='word_1_516' title='bbox 1267 1099 1364 1124; x_wconf 88' lang='lat' dir='ltr'>contra</span> <span class='ocrx_word' id='word_1_517' title='bbox 1377 1097 1588 1133; x_wconf 70' lang='lat' dir='ltr'>matiynitatem</span> <span class='ocrx_word' id='word_1_518' title='bbox 1605 1098 1736 1132; x_wconf 79' lang='lat' dir='ltr'>invidiae:</span> <span class='ocrx_word' id='word_1_519' title='bbox 1753 1100 1824 1128; x_wconf 90' lang='lat' dir='ltr'>unde</span> <span class='ocrx_word' id='word_1_520' title='bbox 1839 1100 1879 1128; x_wconf 90' lang='lat' dir='ltr'>di-</span> 
     </span>
     <span class='ocr_line' id='line_1_92' title="bbox 1034 1141 1880 1183; baseline 0.007 -14"><span class='ocrx_word' id='word_1_521' title='bbox 1034 1141 1108 1170; x_wconf 87' lang='lat' dir='ltr'>citur</span> <span class='ocrx_word' id='word_1_522' title='bbox 1129 1141 1162 1170; x_wconf 87' lang='lat' dir='ltr'>ad</span> <span class='ocrx_word' id='word_1_523' title='bbox 1185 1142 1319 1171; x_wconf 78' lang='lat' dir='ltr'>Romanos</span> <span class='ocrx_word' id='word_1_524' title='bbox 1340 1143 1475 1180; x_wconf 77' lang='lat' dir='ltr'>quinto⁵z</span> <span class='ocrx_word' id='word_1_525' title='bbox 1500 1144 1617 1172; x_wconf 80' lang='lat' dir='ltr'>Caritas</span> <span class='ocrx_word' id='word_1_526' title='bbox 1642 1145 1692 1173; x_wconf 83' lang='lat' dir='ltr'>Dei</span> <span class='ocrx_word' id='word_1_527' title='bbox 1712 1145 1821 1183; x_wconf 65' lang='lat' dir='ltr'>diffusa</span> <span class='ocrx_word' id='word_1_528' title='bbox 1839 1151 1880 1175; x_wconf 81' lang='lat' dir='ltr'>est</span> 
     </span>
     <span class='ocr_line' id='line_1_93' title="bbox 1036 1188 1879 1231; baseline 0.007 -15"><span class='ocrx_word' id='word_1_529' title='bbox 1036 1188 1066 1216; x_wconf 69' lang='lat' dir='ltr'>in</span> <span class='ocrx_word' id='word_1_530' title='bbox 1087 1188 1225 1217; x_wconf 75' lang='lat' dir='ltr'>cordibus</span> <span class='ocrx_word' id='word_1_531' title='bbox 1245 1189 1356 1217; x_wconf 70' lang='lat' dir='ltr'>nostris</span> <span class='ocrx_word' id='word_1_532' title='bbox 1374 1198 1427 1226; x_wconf 78' lang='lat' dir='ltr'>per</span> <span class='ocrx_word' id='word_1_533' title='bbox 1443 1190 1587 1227; x_wconf 79' lang='lat' dir='ltr'>Spiritum</span> <span class='ocrx_word' id='word_1_534' title='bbox 1600 1196 1746 1226; x_wconf 71' lang='lat' dir='ltr'>sanctam,</span> <span class='ocrx_word' id='word_1_535' title='bbox 1762 1192 1813 1231; x_wconf 75' lang='lat' dir='ltr'>qai</span> <span class='ocrx_word' id='word_1_536' title='bbox 1826 1194 1879 1222; x_wconf 78' lang='lat' dir='ltr'>da—</span> 
     </span>
     <span class='ocr_line' id='line_1_94' title="bbox 1036 1236 1879 1275; baseline 0.007 -12"><span class='ocrx_word' id='word_1_537' title='bbox 1036 1240 1082 1264; x_wconf 77' lang='lat' dir='ltr'>tus</span> <span class='ocrx_word' id='word_1_538' title='bbox 1103 1240 1144 1264; x_wconf 84' lang='lat' dir='ltr'>est</span> <span class='ocrx_word' id='word_1_539' title='bbox 1165 1236 1255 1264; x_wconf 78' lang='lat' dir='ltr'>nobis.</span> <span class='ocrx_word' id='word_1_540' title='bbox 1271 1253 1309 1256; x_wconf 88' lang='lat'>—</span> <span class='ocrx_word' id='word_1_541' title='bbox 1326 1236 1511 1275; x_wconf 76' lang='lat' dir='ltr'>Diffunditur</span> <span class='ocrx_word' id='word_1_542' title='bbox 1532 1241 1623 1266; x_wconf 89' lang='lat' dir='ltr'>autem</span> <span class='ocrx_word' id='word_1_543' title='bbox 1644 1240 1757 1267; x_wconf 73' lang='lat' dir='ltr'>caritas</span> <span class='ocrx_word' id='word_1_544' title='bbox 1772 1241 1802 1268; x_wconf 74' lang='lat' dir='ltr'>in</span> <span class='ocrx_word' id='word_1_545' title='bbox 1817 1249 1879 1269; x_wconf 84' lang='lat' dir='ltr'>eor-</span> 
     </span>
     <span class='ocr_line' id='line_1_95' title="bbox 1035 1282 1878 1323; baseline 0.007 -13"><span class='ocrx_word' id='word_1_546' title='bbox 1035 1282 1121 1311; x_wconf 80' lang='lat' dir='ltr'>dibas</span> <span class='ocrx_word' id='word_1_547' title='bbox 1142 1284 1262 1317; x_wconf 75' lang='lat' dir='ltr'>uostris,</span> <span class='ocrx_word' id='word_1_548' title='bbox 1285 1284 1395 1321; x_wconf 87' lang='lat' dir='ltr'>quando</span> <span class='ocrx_word' id='word_1_549' title='bbox 1417 1292 1494 1313; x_wconf 89' lang='lat' dir='ltr'>amor</span> <span class='ocrx_word' id='word_1_550' title='bbox 1509 1293 1562 1313; x_wconf 91' lang='lat' dir='ltr'>non</span> <span class='ocrx_word' id='word_1_551' title='bbox 1582 1286 1669 1313; x_wconf 91' lang='lat' dir='ltr'>solum</span> <span class='ocrx_word' id='word_1_552' title='bbox 1693 1294 1728 1314; x_wconf 80' lang='lat' dir='ltr'>ex</span> <span class='ocrx_word' id='word_1_553' title='bbox 1743 1288 1878 1323; x_wconf 88' lang='lat' dir='ltr'>superiori</span> 
     </span>
     <span class='ocr_line' id='line_1_96' title="bbox 1035 1329 1879 1369; baseline 0.006 -12"><span class='ocrx_word' id='word_1_554' title='bbox 1035 1329 1198 1366; x_wconf 85' lang='lat' dir='ltr'>superficie,</span> <span class='ocrx_word' id='word_1_555' title='bbox 1221 1330 1268 1359; x_wconf 92' lang='lat' dir='ltr'>sed</span> <span class='ocrx_word' id='word_1_556' title='bbox 1290 1339 1325 1359; x_wconf 83' lang='lat' dir='ltr'>ex</span> <span class='ocrx_word' id='word_1_557' title='bbox 1347 1331 1451 1360; x_wconf 90' lang='lat' dir='ltr'>intimis</span> <span class='ocrx_word' id='word_1_558' title='bbox 1473 1331 1600 1360; x_wconf 88' lang='lat' dir='ltr'>medullis</span> <span class='ocrx_word' id='word_1_559' title='bbox 1615 1333 1706 1361; x_wconf 91' lang='lat' dir='ltr'>cordis</span> <span class='ocrx_word' id='word_1_560' title='bbox 1721 1334 1879 1369; x_wconf 74' lang='lat' dir='ltr'>procedens,</span> 
     </span>
     <span class='ocr_line' id='line_1_97' title="bbox 1035 1376 1880 1409; baseline 0.006 -5"><span class='ocrx_word' id='word_1_561' title='bbox 1035 1376 1130 1404; x_wconf 85' lang='lat' dir='ltr'>dilatat</span> <span class='ocrx_word' id='word_1_562' title='bbox 1151 1377 1279 1405; x_wconf 86' lang='lat' dir='ltr'>affectum</span> <span class='ocrx_word' id='word_1_563' title='bbox 1302 1380 1328 1406; x_wconf 90' lang='lat' dir='ltr'>et</span> <span class='ocrx_word' id='word_1_564' title='bbox 1351 1381 1442 1406; x_wconf 87' lang='lat' dir='ltr'>movet</span> <span class='ocrx_word' id='word_1_565' title='bbox 1463 1386 1558 1407; x_wconf 90' lang='lat' dir='ltr'>omnes</span> <span class='ocrx_word' id='word_1_566' title='bbox 1579 1379 1685 1408; x_wconf 87' lang='lat' dir='ltr'>animae</span> <span class='ocrx_word' id='word_1_567' title='bbox 1701 1380 1773 1408; x_wconf 84' lang='lat' dir='ltr'>vires</span> <span class='ocrx_word' id='word_1_568' title='bbox 1793 1380 1827 1409; x_wconf 88' lang='lat' dir='ltr'>ad</span> <span class='ocrx_word' id='word_1_569' title='bbox 1840 1381 1880 1409; x_wconf 90' lang='lat' dir='ltr'>di-</span> 
     </span>
     <span class='ocr_line' id='line_1_98' title="bbox 1036 1423 1880 1464; baseline 0.006 -13"><span class='ocrx_word' id='word_1_570' title='bbox 1036 1423 1180 1452; x_wconf 89' lang='lat' dir='ltr'>lectionem</span> <span class='ocrx_word' id='word_1_571' title='bbox 1200 1424 1323 1453; x_wconf 90' lang='lat' dir='ltr'>omnium</span> <span class='ocrx_word' id='word_1_572' title='bbox 1346 1425 1508 1453; x_wconf 88' lang='lat' dir='ltr'>electorum.</span> <span class='ocrx_word' id='word_1_573' title='bbox 1530 1425 1552 1454; x_wconf 88' lang='lat' dir='ltr'><em>O</em></span> <span class='ocrx_word' id='word_1_574' title='bbox 1574 1434 1657 1462; x_wconf 84' lang='lat' dir='ltr'>quam</span> <span class='ocrx_word' id='word_1_575' title='bbox 1678 1426 1757 1464; x_wconf 81' lang='lat' dir='ltr'>longe</span> <span class='ocrx_word' id='word_1_576' title='bbox 1773 1428 1880 1464; x_wconf 85' lang='lat' dir='ltr'>lateque</span> 
     </span>
     <span class='ocr_line' id='line_1_99' title="bbox 1037 1471 1880 1511; baseline 0.005 -12"><span class='ocrx_word' id='word_1_577' title='bbox 1037 1479 1085 1507; x_wconf 89' lang='lat' dir='ltr'>per</span> <span class='ocrx_word' id='word_1_578' title='bbox 1107 1471 1271 1500; x_wconf 90' lang='lat' dir='ltr'>universum</span> <span class='ocrx_word' id='word_1_579' title='bbox 1293 1472 1428 1501; x_wconf 90' lang='lat' dir='ltr'>mundum</span> <span class='ocrx_word' id='word_1_580' title='bbox 1450 1472 1550 1501; x_wconf 84' lang='lat' dir='ltr'>diffusa</span> <span class='ocrx_word' id='word_1_581' title='bbox 1571 1473 1622 1501; x_wconf 85' lang='lat' dir='ltr'>fuit</span> <span class='ocrx_word' id='word_1_582' title='bbox 1653 1474 1752 1503; x_wconf 86' lang='lat' dir='ltr'>caritas</span> <span class='ocrx_word' id='word_1_583' title='bbox 1774 1475 1880 1511; x_wconf 84' lang='lat' dir='ltr'>Aposto-</span> 
     </span>
     <span class='ocr_line' id='line_1_100' title="bbox 1037 1518 1881 1555; baseline 0.005 -9"><span class='ocrx_word' id='word_1_584' title='bbox 1037 1518 1144 1551; x_wconf 87' lang='lat' dir='ltr'>lorum,</span> <span class='ocrx_word' id='word_1_585' title='bbox 1166 1518 1213 1555; x_wconf 86' lang='lat' dir='ltr'>qui</span> <span class='ocrx_word' id='word_1_586' title='bbox 1246 1527 1297 1555; x_wconf 88' lang='lat' dir='ltr'>pro</span> <span class='ocrx_word' id='word_1_587' title='bbox 1328 1519 1417 1548; x_wconf 90' lang='lat' dir='ltr'>salute</span> <span class='ocrx_word' id='word_1_588' title='bbox 1449 1520 1573 1548; x_wconf 89' lang='lat' dir='ltr'>omnium</span> <span class='ocrx_word' id='word_1_589' title='bbox 1605 1521 1755 1549; x_wconf 87' lang='lat' dir='ltr'>electorum</span> <span class='ocrx_word' id='word_1_590' title='bbox 1777 1522 1881 1550; x_wconf 86' lang='lat' dir='ltr'>animas</span> 
     </span>
     <span class='ocr_line' id='line_1_101' title="bbox 1036 1565 1880 1606; baseline 0.006 -14"><span class='ocrx_word' id='word_1_591' title='bbox 1036 1572 1101 1593; x_wconf 89' lang='lat' dir='ltr'>suas</span> <span class='ocrx_word' id='word_1_592' title='bbox 1121 1565 1202 1593; x_wconf 88' lang='lat' dir='ltr'>morti</span> <span class='ocrx_word' id='word_1_593' title='bbox 1226 1574 1288 1594; x_wconf 82' lang='lat' dir='ltr'>cum</span> <span class='ocrx_word' id='word_1_594' title='bbox 1311 1566 1447 1595; x_wconf 88' lang='lat' dir='ltr'>desiderio</span> <span class='ocrx_word' id='word_1_595' title='bbox 1469 1567 1659 1596; x_wconf 86' lang='lat' dir='ltr'>tradiderunt!</span> <span class='ocrx_word' id='word_1_596' title='bbox 1677 1568 1726 1596; x_wconf 87' lang='lat' dir='ltr'>Sed</span> <span class='ocrx_word' id='word_1_597' title='bbox 1742 1569 1880 1606; x_wconf 73' lang='lat' dir='ltr'>quoniam</span> 
     </span>
     <span class='ocr_line' id='line_1_102' title="bbox 1037 1611 1881 1651; baseline 0.005 -12"><span class='ocrx_word' id='word_1_598' title='bbox 1037 1611 1201 1640; x_wconf 76' lang='lat' dir='ltr'>abundavit</span> <span class='ocrx_word' id='word_1_599' title='bbox 1222 1612 1382 1651; x_wconf 75' lang='lat' dir='ltr'>iniquitas,</span> <span class='ocrx_word' id='word_1_600' title='bbox 1405 1613 1547 1651; x_wconf 60' lang='lat' dir='ltr'>refriguit</span> <span class='ocrx_word' id='word_1_601' title='bbox 1571 1614 1628 1643; x_wconf 87' lang='lat' dir='ltr'>sive</span> <span class='ocrx_word' id='word_1_602' title='bbox 1649 1615 1738 1651; x_wconf 86' lang='lat' dir='ltr'>tepuit</span> <span class='ocrx_word' id='word_1_603' title='bbox 1769 1616 1881 1644; x_wconf 79' lang='lat' dir='ltr'>caritas</span> 
     </span>
     <span class='ocr_line' id='line_1_103' title="bbox 1036 1658 1881 1697; baseline 0.006 -11"><span class='ocrx_word' id='word_1_604' title='bbox 1036 1658 1215 1693; x_wconf 69' lang='lat' dir='ltr'>mitam-um,-</span> <span class='ocrx_word' id='word_1_605' title='bbox 1238 1660 1297 1688; x_wconf 92' lang='lat' dir='ltr'>ideo</span> <span class='ocrx_word' id='word_1_606' title='bbox 1318 1661 1463 1697; x_wconf 88' lang='lat' dir='ltr'>Apostolus</span> <span class='ocrx_word' id='word_1_607' title='bbox 1485 1661 1614 1690; x_wconf 87' lang='lat' dir='ltr'>hortatur</span> <span class='ocrx_word' id='word_1_608' title='bbox 1630 1669 1679 1690; x_wconf 89' lang='lat' dir='ltr'>nos</span> <span class='ocrx_word' id='word_1_609' title='bbox 1693 1662 1726 1690; x_wconf 85' lang='lat' dir='ltr'>ad</span> <span class='ocrx_word' id='word_1_610' title='bbox 1745 1662 1881 1691; x_wconf 85' lang='lat' dir='ltr'>fervorem</span> 
     </span>
     <span class='ocr_line' id='line_1_104' title="bbox 1036 1706 1880 1742; baseline 0.004 -8"><span class='ocrx_word' id='word_1_611' title='bbox 1036 1709 1151 1735; x_wconf 89' lang='lat' dir='ltr'>mutuae</span> <span class='ocrx_word' id='word_1_612' title='bbox 1171 1706 1334 1742; x_wconf 84' lang='lat' dir='ltr'>dilectionis,</span> <span class='ocrx_word' id='word_1_613' title='bbox 1349 1716 1411 1736; x_wconf 89' lang='lat' dir='ltr'>cum</span> <span class='ocrx_word' id='word_1_614' title='bbox 1428 1708 1493 1737; x_wconf 90' lang='lat' dir='ltr'>dicit</span> <span class='ocrx_word' id='word_1_615' title='bbox 1508 1708 1541 1737; x_wconf 89' lang='lat' dir='ltr'>ad</span> <span class='ocrx_word' id='word_1_616' title='bbox 1557 1709 1691 1737; x_wconf 84' lang='lat' dir='ltr'>Romanos</span> <span class='ocrx_word' id='word_1_617' title='bbox 1705 1709 1880 1738; x_wconf 84' lang='lat' dir='ltr'>duodecimo:</span> 
     </span>
     <span class='ocr_line' id='line_1_105' title="bbox 1040 1753 1881 1793; baseline 0.004 -12"><span class='ocrx_word' id='word_1_618' title='bbox 1040 1753 1170 1782; x_wconf 75' lang='lat' dir='ltr'>Caritate</span> <span class='ocrx_word' id='word_1_619' title='bbox 1198 1753 1400 1791; x_wconf 75' lang='lat' dir='ltr'>fraternitatis</span> <span class='ocrx_word' id='word_1_620' title='bbox 1428 1755 1550 1784; x_wconf 75' lang='lat' dir='ltr'>invicem</span> <span class='ocrx_word' id='word_1_621' title='bbox 1582 1756 1747 1793; x_wconf 67' lang='lat' dir='ltr'>diliyeiites,</span> <span class='ocrx_word' id='word_1_622' title='bbox 1776 1755 1881 1785; x_wconf 76' lang='lat' dir='ltr'>honore</span> 
     </span>
     <span class='ocr_line' id='line_1_106' title="bbox 1038 1800 1881 1840; baseline 0.004 -12"><span class='ocrx_word' id='word_1_623' title='bbox 1038 1800 1159 1828; x_wconf 68' lang='lat' dir='ltr'>invicem</span> <span class='ocrx_word' id='word_1_624' title='bbox 1179 1801 1414 1837; x_wconf 72' lang='lat' dir='ltr'>praevenientes,</span> <span class='ocrx_word' id='word_1_625' title='bbox 1436 1802 1632 1831; x_wconf 71' lang='lat' dir='ltr'>sollieitudine</span> <span class='ocrx_word' id='word_1_626' title='bbox 1646 1811 1702 1831; x_wconf 75' lang='lat' dir='ltr'>iton</span> <span class='ocrx_word' id='word_1_627' title='bbox 1716 1803 1808 1840; x_wconf 64' lang='lat' dir='ltr'>pigri,</span> <span class='ocrx_word' id='word_1_628' title='bbox 1823 1803 1881 1840; x_wconf 77' lang='lat' dir='ltr'>spi-</span> 
     </span>
     <span class='ocr_line' id='line_1_107' title="bbox 1037 1845 1609 1883; baseline 0.005 -9"><span class='ocrx_word' id='word_1_629' title='bbox 1037 1846 1100 1875; x_wconf 76' lang='lat' dir='ltr'>ritu</span> <span class='ocrx_word' id='word_1_630' title='bbox 1120 1845 1279 1883; x_wconf 75' lang='lat' dir='ltr'>ferventes,</span> <span class='ocrx_word' id='word_1_631' title='bbox 1304 1848 1426 1877; x_wconf 75' lang='lat' dir='ltr'>Domino</span> <span class='ocrx_word' id='word_1_632' title='bbox 1447 1849 1609 1877; x_wconf 70' lang='lat' dir='ltr'>servientes.</span> 
     </span>
    </p>

    <p class='ocr_par' dir='ltr' id='par_1_20' title="bbox 1034 1894 1884 2628">
     <span class='ocr_line' id='line_1_108' title="bbox 1116 1894 1882 1933; baseline 0.004 -11"><span class='ocrx_word' id='word_1_633' title='bbox 1116 1894 1224 1927; x_wconf 86' lang='lat' dir='ltr'>Tertio,</span> <span class='ocrx_word' id='word_1_634' title='bbox 1247 1894 1312 1931; x_wconf 86' lang='lat' dir='ltr'>quia</span> <span class='ocrx_word' id='word_1_635' title='bbox 1333 1895 1360 1923; x_wconf 93' lang='lat' dir='ltr'>in</span> <span class='ocrx_word' id='word_1_636' title='bbox 1383 1895 1488 1932; x_wconf 89' lang='lat' dir='ltr'>Spiritu</span> <span class='ocrx_word' id='word_1_637' title='bbox 1510 1899 1604 1924; x_wconf 89' lang='lat' dir='ltr'>sancto</span> <span class='ocrx_word' id='word_1_638' title='bbox 1626 1899 1666 1924; x_wconf 90' lang='lat' dir='ltr'>est</span> <span class='ocrx_word' id='word_1_639' title='bbox 1689 1896 1882 1933; x_wconf 86' lang='lat' dir='ltr'>insuperabilis</span> 
     </span>
     <span class='ocr_line' id='line_1_109' title="bbox 1034 1941 1882 1980; baseline 0.005 -12"><span class='ocrx_word' id='word_1_640' title='bbox 1034 1943 1178 1977; x_wconf 75' lang='lat' dir='ltr'>potestas,</span> <span class='ocrx_word' id='word_1_641' title='bbox 1200 1941 1261 1969; x_wconf 91' lang='lat' dir='ltr'>ideo</span> <span class='ocrx_word' id='word_1_642' title='bbox 1281 1944 1414 1978; x_wconf 87' lang='lat' dir='ltr'>operatur</span> <span class='ocrx_word' id='word_1_643' title='bbox 1434 1941 1606 1979; x_wconf 71' lang='lat' dir='ltr'>facultatem</span> <span class='ocrx_word' id='word_1_644' title='bbox 1627 1943 1738 1980; x_wconf 63' lang='lat' dir='ltr'>vigoris</span> <span class='ocrx_word' id='word_1_645' title='bbox 1759 1947 1786 1972; x_wconf 86' lang='lat' dir='ltr'>et</span> <span class='ocrx_word' id='word_1_646' title='bbox 1808 1944 1882 1972; x_wconf 88' lang='lat' dir='ltr'>insu-</span> 
     </span>
     <span class='ocr_line' id='line_1_110' title="bbox 1038 1988 1883 2023; baseline 0.005 -8"><span class='ocrx_word' id='word_1_647' title='bbox 1038 1988 1167 2023; x_wconf 87' lang='lat' dir='ltr'>perabilis</span> <span class='ocrx_word' id='word_1_648' title='bbox 1189 1989 1357 2017; x_wconf 86' lang='lat' dir='ltr'>constantiae</span> <span class='ocrx_word' id='word_1_649' title='bbox 1378 1989 1403 2017; x_wconf 92' lang='lat' dir='ltr'>in</span> <span class='ocrx_word' id='word_1_650' title='bbox 1426 1989 1525 2018; x_wconf 89' lang='lat' dir='ltr'>essectu</span> <span class='ocrx_word' id='word_1_651' title='bbox 1540 1993 1636 2018; x_wconf 87' lang='lat' dir='ltr'>contra</span> <span class='ocrx_word' id='word_1_652' title='bbox 1651 1990 1817 2019; x_wconf 86' lang='lat' dir='ltr'>debilitatem</span> <span class='ocrx_word' id='word_1_653' title='bbox 1834 1991 1883 2019; x_wconf 86' lang='lat' dir='ltr'>im-</span> 
     </span>
     <span class='ocr_line' id='line_1_111' title="bbox 1037 2034 1883 2074; baseline 0.005 -12"><span class='ocrx_word' id='word_1_654' title='bbox 1037 2034 1175 2070; x_wconf 87' lang='lat' dir='ltr'>potentiae</span> <span class='ocrx_word' id='word_1_655' title='bbox 1184 2045 1190 2068; x_wconf 93' lang='lat'>;</span> <span class='ocrx_word' id='word_1_656' title='bbox 1213 2035 1286 2063; x_wconf 91' lang='lat' dir='ltr'>unde</span> <span class='ocrx_word' id='word_1_657' title='bbox 1311 2036 1427 2064; x_wconf 88' lang='lat' dir='ltr'>Actuum</span> <span class='ocrx_word' id='word_1_658' title='bbox 1460 2036 1587 2072; x_wconf 63' lang='lat' dir='ltr'>prinioss:</span> <span class='ocrx_word' id='word_1_659' title='bbox 1611 2037 1766 2074; x_wconf 78' lang='lat' dir='ltr'>Aoeipietis</span> <span class='ocrx_word' id='word_1_660' title='bbox 1790 2038 1883 2066; x_wconf 78' lang='lat' dir='ltr'>virta-</span> 
     </span>
     <span class='ocr_line' id='line_1_112' title="bbox 1038 2082 1883 2119; baseline 0.005 -10"><span class='ocrx_word' id='word_1_661' title='bbox 1038 2085 1091 2109; x_wconf 81' lang='lat' dir='ltr'>tem</span> <span class='ocrx_word' id='word_1_662' title='bbox 1112 2082 1342 2118; x_wconf 75' lang='lat' dir='ltr'>supervenientis</span> <span class='ocrx_word' id='word_1_663' title='bbox 1364 2083 1495 2119; x_wconf 72' lang='lat' dir='ltr'>Spiritus</span> <span class='ocrx_word' id='word_1_664' title='bbox 1515 2084 1613 2112; x_wconf 66' lang='lat' dir='ltr'>semoti</span> <span class='ocrx_word' id='word_1_665' title='bbox 1633 2084 1664 2112; x_wconf 72' lang='lat' dir='ltr'>iii</span> <span class='ocrx_word' id='word_1_666' title='bbox 1678 2093 1742 2118; x_wconf 79' lang='lat' dir='ltr'>vos,</span> <span class='ocrx_word' id='word_1_667' title='bbox 1758 2088 1782 2113; x_wconf 86' lang='lat' dir='ltr'>et</span> <span class='ocrx_word' id='word_1_668' title='bbox 1802 2085 1883 2113; x_wconf 75' lang='lat' dir='ltr'>eritis</span> 
     </span>
     <span class='ocr_line' id='line_1_113' title="bbox 1039 2127 1883 2160; baseline 0.006 -5"><span class='ocrx_word' id='word_1_669' title='bbox 1039 2127 1113 2156; x_wconf 80' lang='lat' dir='ltr'>milti</span> <span class='ocrx_word' id='word_1_670' title='bbox 1134 2131 1214 2156; x_wconf 82' lang='lat' dir='ltr'>testes</span> <span class='ocrx_word' id='word_1_671' title='bbox 1235 2129 1266 2157; x_wconf 80' lang='lat' dir='ltr'>in</span> <span class='ocrx_word' id='word_1_672' title='bbox 1290 2129 1449 2158; x_wconf 74' lang='lat' dir='ltr'>Ierusalem</span> <span class='ocrx_word' id='word_1_673' title='bbox 1470 2133 1496 2158; x_wconf 89' lang='lat' dir='ltr'>et</span> <span class='ocrx_word' id='word_1_674' title='bbox 1516 2131 1545 2158; x_wconf 73' lang='lat' dir='ltr'>iii</span> <span class='ocrx_word' id='word_1_675' title='bbox 1569 2131 1649 2159; x_wconf 70' lang='lat' dir='ltr'>omni</span> <span class='ocrx_word' id='word_1_676' title='bbox 1663 2131 1775 2159; x_wconf 72' lang='lat' dir='ltr'>Iudaea</span> <span class='ocrx_word' id='word_1_677' title='bbox 1789 2136 1815 2159; x_wconf 90' lang='lat' dir='ltr'>et</span> <span class='ocrx_word' id='word_1_678' title='bbox 1829 2132 1883 2160; x_wconf 84' lang='lat' dir='ltr'>Sa-</span> 
     </span>
     <span class='ocr_line' id='line_1_114' title="bbox 1037 2175 1882 2213; baseline 0.006 -11"><span class='ocrx_word' id='word_1_679' title='bbox 1037 2175 1138 2203; x_wconf 79' lang='lat' dir='ltr'>maria</span> <span class='ocrx_word' id='word_1_680' title='bbox 1160 2178 1184 2203; x_wconf 82' lang='lat' dir='ltr'>et</span> <span class='ocrx_word' id='word_1_681' title='bbox 1207 2184 1296 2213; x_wconf 76' lang='lat' dir='ltr'>usqae</span> <span class='ocrx_word' id='word_1_682' title='bbox 1317 2176 1358 2204; x_wconf 81' lang='lat' dir='ltr'>ad</span> <span class='ocrx_word' id='word_1_683' title='bbox 1379 2176 1514 2205; x_wconf 76' lang='lat' dir='ltr'>ultimum</span> <span class='ocrx_word' id='word_1_684' title='bbox 1545 2181 1648 2206; x_wconf 81' lang='lat' dir='ltr'>terrae.</span> <span class='ocrx_word' id='word_1_685' title='bbox 1671 2178 1804 2206; x_wconf 86' lang='lat' dir='ltr'>Dominus</span> <span class='ocrx_word' id='word_1_686' title='bbox 1835 2186 1882 2206; x_wconf 83' lang='lat' dir='ltr'>no-</span> 
     </span>
     <span class='ocr_line' id='line_1_115' title="bbox 1039 2222 1883 2262; baseline 0.004 -12"><span class='ocrx_word' id='word_1_687' title='bbox 1039 2225 1095 2250; x_wconf 89' lang='lat' dir='ltr'>ster</span> <span class='ocrx_word' id='word_1_688' title='bbox 1106 2222 1181 2251; x_wconf 85' lang='lat' dir='ltr'>lesus</span> <span class='ocrx_word' id='word_1_689' title='bbox 1196 2222 1332 2256; x_wconf 84' lang='lat' dir='ltr'>Christus,</span> <span class='ocrx_word' id='word_1_690' title='bbox 1348 2223 1459 2252; x_wconf 88' lang='lat' dir='ltr'>mittens</span> <span class='ocrx_word' id='word_1_691' title='bbox 1473 2224 1615 2260; x_wconf 78' lang='lat' dir='ltr'>Apostolos</span> <span class='ocrx_word' id='word_1_692' title='bbox 1633 2228 1806 2262; x_wconf 81' lang='lat' dir='ltr'>pugnaturos</span> <span class='ocrx_word' id='word_1_693' title='bbox 1821 2233 1883 2253; x_wconf 87' lang='lat' dir='ltr'>cou—</span> 
     </span>
     <span class='ocr_line' id='line_1_116' title="bbox 1040 2269 1882 2306; baseline 0.004 -9"><span class='ocrx_word' id='word_1_694' title='bbox 1040 2272 1083 2297; x_wconf 87' lang='lat' dir='ltr'>tra</span> <span class='ocrx_word' id='word_1_695' title='bbox 1104 2269 1260 2298; x_wconf 88' lang='lat' dir='ltr'>violentiam</span> <span class='ocrx_word' id='word_1_696' title='bbox 1284 2272 1465 2306; x_wconf 86' lang='lat' dir='ltr'>tyrannorum</span> <span class='ocrx_word' id='word_1_697' title='bbox 1488 2274 1515 2299; x_wconf 92' lang='lat' dir='ltr'>et</span> <span class='ocrx_word' id='word_1_698' title='bbox 1543 2271 1671 2300; x_wconf 87' lang='lat' dir='ltr'>astutiam</span> <span class='ocrx_word' id='word_1_699' title='bbox 1703 2272 1882 2305; x_wconf 83' lang='lat' dir='ltr'>daemonum,</span> 
     </span>
     <span class='ocr_line' id='line_1_117' title="bbox 1040 2316 1883 2355; baseline 0.006 -12"><span class='ocrx_word' id='word_1_700' title='bbox 1040 2316 1127 2344; x_wconf 91' lang='lat' dir='ltr'>voluit</span> <span class='ocrx_word' id='word_1_701' title='bbox 1148 2323 1194 2344; x_wconf 90' lang='lat' dir='ltr'>eos</span> <span class='ocrx_word' id='word_1_702' title='bbox 1216 2316 1305 2353; x_wconf 89' lang='lat' dir='ltr'>primo</span> <span class='ocrx_word' id='word_1_703' title='bbox 1326 2317 1405 2345; x_wconf 93' lang='lat' dir='ltr'>donis</span> <span class='ocrx_word' id='word_1_704' title='bbox 1426 2317 1484 2346; x_wconf 92' lang='lat' dir='ltr'>sive</span> <span class='ocrx_word' id='word_1_705' title='bbox 1505 2319 1589 2347; x_wconf 89' lang='lat' dir='ltr'>armis</span> <span class='ocrx_word' id='word_1_706' title='bbox 1611 2319 1801 2355; x_wconf 86' lang='lat' dir='ltr'>spiritualibus</span> <span class='ocrx_word' id='word_1_707' title='bbox 1823 2327 1883 2347; x_wconf 83' lang='lat' dir='ltr'>mu-</span> 
     </span>
     <span class='ocr_line' id='line_1_118' title="bbox 1039 2362 1882 2402; baseline 0.004 -12"><span class='ocrx_word' id='word_1_708' title='bbox 1039 2362 1099 2391; x_wconf 92' lang='lat' dir='ltr'>nire</span> <span class='ocrx_word' id='word_1_709' title='bbox 1120 2365 1148 2391; x_wconf 91' lang='lat' dir='ltr'>et</span> <span class='ocrx_word' id='word_1_710' title='bbox 1169 2363 1272 2392; x_wconf 89' lang='lat' dir='ltr'>virtute</span> <span class='ocrx_word' id='word_1_711' title='bbox 1294 2363 1413 2400; x_wconf 86' lang='lat' dir='ltr'>Spiritus</span> <span class='ocrx_word' id='word_1_712' title='bbox 1441 2365 1525 2393; x_wconf 88' lang='lat' dir='ltr'>sancti</span> <span class='ocrx_word' id='word_1_713' title='bbox 1556 2366 1753 2399; x_wconf 75' lang='lat' dir='ltr'>corroborare:</span> <span class='ocrx_word' id='word_1_714' title='bbox 1776 2369 1802 2394; x_wconf 89' lang='lat' dir='ltr'>et</span> <span class='ocrx_word' id='word_1_715' title='bbox 1823 2374 1882 2402; x_wconf 89' lang='lat' dir='ltr'>pro-</span> 
     </span>
     <span class='ocr_line' id='line_1_119' title="bbox 1040 2410 1884 2448; baseline 0.004 -11"><span class='ocrx_word' id='word_1_716' title='bbox 1040 2411 1100 2446; x_wconf 88' lang='lat' dir='ltr'>pter</span> <span class='ocrx_word' id='word_1_717' title='bbox 1122 2410 1173 2438; x_wconf 89' lang='lat' dir='ltr'>hoc</span> <span class='ocrx_word' id='word_1_718' title='bbox 1195 2410 1296 2438; x_wconf 84' lang='lat' dir='ltr'>dicitur</span> <span class='ocrx_word' id='word_1_719' title='bbox 1318 2410 1346 2439; x_wconf 87' lang='lat' dir='ltr'>iu</span> <span class='ocrx_word' id='word_1_720' title='bbox 1368 2411 1488 2439; x_wconf 84' lang='lat' dir='ltr'>Psalmo:</span> <span class='ocrx_word' id='word_1_721' title='bbox 1508 2412 1624 2448; x_wconf 71' lang='lat' dir='ltr'>Spiritu</span> <span class='ocrx_word' id='word_1_722' title='bbox 1639 2412 1699 2440; x_wconf 81' lang='lat' dir='ltr'>oris</span> <span class='ocrx_word' id='word_1_723' title='bbox 1714 2413 1776 2440; x_wconf 79' lang='lat' dir='ltr'>eius</span> <span class='ocrx_word' id='word_1_724' title='bbox 1791 2412 1884 2440; x_wconf 65' lang='lat' dir='ltr'>onmis</span> 
     </span>
     <span class='ocr_line' id='line_1_120' title="bbox 1038 2456 1884 2495; baseline 0.004 -11"><span class='ocrx_word' id='word_1_725' title='bbox 1038 2456 1135 2484; x_wconf 72' lang='lat' dir='ltr'>virttis</span> <span class='ocrx_word' id='word_1_726' title='bbox 1154 2465 1264 2485; x_wconf 75' lang='lat' dir='ltr'>eoram.</span> <span class='ocrx_word' id='word_1_727' title='bbox 1289 2457 1363 2486; x_wconf 88' lang='lat' dir='ltr'>Unde</span> <span class='ocrx_word' id='word_1_728' title='bbox 1383 2457 1534 2495; x_wconf 81' lang='lat' dir='ltr'>Gregorius</span> <span class='ocrx_word' id='word_1_729' title='bbox 1546 2459 1572 2486; x_wconf 94' lang='lat'>⁷:</span> <span class='ocrx_word' id='word_1_730' title='bbox 1600 2470 1613 2484; x_wconf 89' lang='lat'>«</span> <span class='ocrx_word' id='word_1_731' title='bbox 1627 2459 1771 2488; x_wconf 89' lang='lat' dir='ltr'>Caelorum</span> <span class='ocrx_word' id='word_1_732' title='bbox 1796 2460 1884 2487; x_wconf 89' lang='lat' dir='ltr'>virtus</span> 
     </span>
     <span class='ocr_line' id='line_1_121' title="bbox 1039 2503 1881 2543; baseline 0.002 -12"><span class='ocrx_word' id='word_1_733' title='bbox 1039 2503 1072 2532; x_wconf 93' lang='lat' dir='ltr'>de</span> <span class='ocrx_word' id='word_1_734' title='bbox 1094 2504 1197 2540; x_wconf 86' lang='lat' dir='ltr'>Spiritu</span> <span class='ocrx_word' id='word_1_735' title='bbox 1220 2508 1312 2533; x_wconf 87' lang='lat' dir='ltr'>sumta</span> <span class='ocrx_word' id='word_1_736' title='bbox 1333 2508 1390 2539; x_wconf 88' lang='lat' dir='ltr'>est,</span> <span class='ocrx_word' id='word_1_737' title='bbox 1412 2506 1477 2542; x_wconf 86' lang='lat' dir='ltr'>quia</span> <span class='ocrx_word' id='word_1_738' title='bbox 1508 2506 1602 2534; x_wconf 90' lang='lat' dir='ltr'>mundi</span> <span class='ocrx_word' id='word_1_739' title='bbox 1630 2506 1714 2535; x_wconf 89' lang='lat' dir='ltr'>buius</span> <span class='ocrx_word' id='word_1_740' title='bbox 1745 2506 1881 2543; x_wconf 84' lang='lat' dir='ltr'>potestati-</span> 
     </span>
     <span class='ocr_line' id='line_1_122' title="bbox 1038 2550 1884 2590; baseline 0.004 -12"><span class='ocrx_word' id='word_1_741' title='bbox 1038 2550 1091 2579; x_wconf 91' lang='lat' dir='ltr'>bus</span> <span class='ocrx_word' id='word_1_742' title='bbox 1113 2551 1251 2580; x_wconf 80' lang='lat' dir='ltr'>contraire</span> <span class='ocrx_word' id='word_1_743' title='bbox 1282 2560 1336 2580; x_wconf 87' lang='lat' dir='ltr'>non</span> <span class='ocrx_word' id='word_1_744' title='bbox 1368 2556 1594 2589; x_wconf 86' lang='lat' dir='ltr'>praesumerent,</span> <span class='ocrx_word' id='word_1_745' title='bbox 1617 2553 1666 2582; x_wconf 87' lang='lat' dir='ltr'>nisi</span> <span class='ocrx_word' id='word_1_746' title='bbox 1688 2562 1735 2582; x_wconf 90' lang='lat' dir='ltr'>eos</span> <span class='ocrx_word' id='word_1_747' title='bbox 1766 2554 1884 2590; x_wconf 88' lang='lat' dir='ltr'>Spiritus</span> 
     </span>
     <span class='ocr_line' id='line_1_123' title="bbox 1039 2597 1485 2628; baseline 0.009 -3"><span class='ocrx_word' id='word_1_748' title='bbox 1039 2597 1124 2626; x_wconf 87' lang='lat' dir='ltr'>sancti</span> <span class='ocrx_word' id='word_1_749' title='bbox 1146 2597 1280 2626; x_wconf 87' lang='lat' dir='ltr'>fortitudo</span> <span class='ocrx_word' id='word_1_750' title='bbox 1301 2599 1485 2628; x_wconf 87' lang='lat' dir='ltr'>solidasset».</span> 
     </span>
    </p>

    <p class='ocr_par' dir='ltr' id='par_1_21' title="bbox 1039 2645 1883 2729">
     <span class='ocr_line' id='line_1_124' title="bbox 1119 2645 1883 2684; baseline 0.003 -12"><span class='ocrx_word' id='word_1_751' title='bbox 1119 2645 1145 2672; x_wconf 88' lang='lat' dir='ltr'>ll.</span> <span class='ocrx_word' id='word_1_752' title='bbox 1169 2645 1294 2673; x_wconf 90' lang='lat' dir='ltr'>Secundo</span> <span class='ocrx_word' id='word_1_753' title='bbox 1315 2646 1482 2675; x_wconf 89' lang='lat' dir='ltr'>describitur</span> <span class='ocrx_word' id='word_1_754' title='bbox 1511 2647 1577 2675; x_wconf 88' lang='lat' dir='ltr'>illud</span> <span class='ocrx_word' id='word_1_755' title='bbox 1608 2647 1770 2676; x_wconf 85' lang='lat' dir='ltr'>beneficium</span> <span class='ocrx_word' id='word_1_756' title='bbox 1797 2655 1883 2684; x_wconf 83' lang='lat' dir='ltr'>quan-</span> 
     </span>
     <span class='ocr_line' id='line_1_125' title="bbox 1039 2691 1883 2729; baseline 0.001 -10"><span class='ocrx_word' id='word_1_757' title='bbox 1039 2694 1097 2719; x_wconf 89' lang='lat' dir='ltr'>tum</span> <span class='ocrx_word' id='word_1_758' title='bbox 1119 2691 1153 2719; x_wconf 91' lang='lat' dir='ltr'>ad</span> <span class='ocrx_word' id='word_1_759' title='bbox 1174 2691 1334 2720; x_wconf 73' lang='lat' dir='ltr'>subiectam</span> <span class='ocrx_word' id='word_1_760' title='bbox 1356 2694 1548 2729; x_wconf 73' lang='lat' dir='ltr'>receptivam,</span> <span class='ocrx_word' id='word_1_761' title='bbox 1571 2702 1635 2722; x_wconf 87' lang='lat' dir='ltr'>cum</span> <span class='ocrx_word' id='word_1_762' title='bbox 1650 2694 1758 2722; x_wconf 86' lang='lat' dir='ltr'>subdit:</span> <span class='ocrx_word' id='word_1_763' title='bbox 1773 2693 1865 2722; x_wconf 76' lang='lat' dir='ltr'>caelos</span> <span class='ocrx_word' id='word_1_764' title='bbox 1873 2703 1883 2725; x_wconf 83' lang='lat'>,-</span> 
     </span>
    </p>
   </div>
   <div class='ocr_carea' id='block_1_16' title="bbox 758 2790 1272 2795">
    <p class='ocr_par' dir='ltr' id='par_1_22' title="bbox 758 2790 1272 2795">
     <span class='ocr_line' id='line_1_126' title="bbox 758 2790 1272 2795; baseline 0 0"><span class='ocrx_word' id='word_1_765' title='bbox 758 2790 1272 2795; x_wconf 95' lang='lat' dir='ltr'> </span> 
     </span>
    </p>
   </div>
   <div class='ocr_carea' id='block_1_17' title="bbox 200 2853 854 3001">
    <p class='ocr_par' dir='ltr' id='par_1_23' title="bbox 201 2853 346 2877">
     <span class='ocr_line' id='line_1_127' title="bbox 201 2853 346 2877; baseline 0.014 -2"><span class='ocrx_word' id='word_1_766' title='bbox 201 2853 208 2866; x_wconf 83' lang='lat'>¹</span> <span class='ocrx_word' id='word_1_767' title='bbox 228 2855 292 2876; x_wconf 90' lang='lat' dir='ltr'>Vers.</span> <span class='ocrx_word' id='word_1_768' title='bbox 313 2855 346 2877; x_wconf 79' lang='lat'>13.</span> 
     </span>
    </p>

    <p class='ocr_par' dir='ltr' id='par_1_24' title="bbox 201 2891 804 2924">
     <span class='ocr_line' id='line_1_128' title="bbox 201 2891 804 2924; baseline 0.007 -10"><span class='ocrx_word' id='word_1_769' title='bbox 201 2891 209 2904; x_wconf 82' lang='lat'><strong>²</strong></span> <span class='ocrx_word' id='word_1_770' title='bbox 227 2893 256 2914; x_wconf 82' lang='lat' dir='ltr'>lla</span> <span class='ocrx_word' id='word_1_771' title='bbox 274 2893 383 2915; x_wconf 79' lang='lat' dir='ltr'>Vaticana</span> <span class='ocrx_word' id='word_1_772' title='bbox 401 2897 423 2916; x_wconf 87' lang='lat' dir='ltr'>et</span> <span class='ocrx_word' id='word_1_773' title='bbox 439 2894 475 2916; x_wconf 81' lang='lat' dir='ltr'>alii</span> <span class='ocrx_word' id='word_1_774' title='bbox 493 2895 596 2922; x_wconf 82' lang='lat' dir='ltr'>codices,</span> <span class='ocrx_word' id='word_1_775' title='bbox 614 2895 629 2916; x_wconf 92' lang='lat' dir='ltr'>F</span> <span class='ocrx_word' id='word_1_776' title='bbox 646 2895 804 2924; x_wconf 71' lang='lat' dir='ltr'>ficlelissiiitus.</span> 
     </span>
    </p>

    <p class='ocr_par' dir='ltr' id='par_1_25' title="bbox 201 2931 702 2963">
     <span class='ocr_line' id='line_1_129' title="bbox 201 2931 702 2963; baseline 0.006 -10"><span class='ocrx_word' id='word_1_777' title='bbox 201 2931 209 2943; x_wconf 80' lang='lat'><strong>³</strong></span> <span class='ocrx_word' id='word_1_778' title='bbox 227 2932 255 2953; x_wconf 86' lang='lat' dir='ltr'>lta</span> <span class='ocrx_word' id='word_1_779' title='bbox 273 2932 299 2958; x_wconf 89' lang='lat' dir='ltr'>F;</span> <span class='ocrx_word' id='word_1_780' title='bbox 318 2933 424 2954; x_wconf 82' lang='lat' dir='ltr'>Vaticana</span> <span class='ocrx_word' id='word_1_781' title='bbox 444 2932 512 2955; x_wconf 81' lang='lat' dir='ltr'>habet</span> <span class='ocrx_word' id='word_1_782' title='bbox 529 2933 702 2963; x_wconf 79' lang='lat' dir='ltr'>deiformitatis.</span> 
     </span>
    </p>

    <p class='ocr_par' dir='ltr' id='par_1_26' title="bbox 200 2969 854 3001">
     <span class='ocr_line' id='line_1_130' title="bbox 200 2969 854 3001; baseline 0.005 -9"><span class='ocrx_word' id='word_1_783' title='bbox 200 2969 209 2982; x_wconf 70' lang='lat'>“¹</span> <span class='ocrx_word' id='word_1_784' title='bbox 226 2971 355 2999; x_wconf 76' lang='lat' dir='ltr'>Respicitur</span> <span class='ocrx_word' id='word_1_785' title='bbox 373 2972 448 2994; x_wconf 79' lang='lat' dir='ltr'>Mauh.</span> <span class='ocrx_word' id='word_1_786' title='bbox 467 2973 508 3000; x_wconf 74' lang='grc'>16,</span> <span class='ocrx_word' id='word_1_787' title='bbox 530 2973 563 2995; x_wconf 87' lang='grc'>17.</span> <span class='ocrx_word' id='word_1_788' title='bbox 581 2978 602 2995; x_wconf 80' lang='lat' dir='ltr'>et</span> <span class='ocrx_word' id='word_1_789' title='bbox 619 2973 703 2995; x_wconf 87' lang='lat' dir='ltr'>deinde</span> <span class='ocrx_word' id='word_1_790' title='bbox 720 2980 739 2995; x_wconf 87' lang='lat' dir='ltr'>c.</span> <span class='ocrx_word' id='word_1_791' title='bbox 758 2974 800 3001; x_wconf 66' lang='lat' dir='ltr'>1l0,</span> <span class='ocrx_word' id='word_1_792' title='bbox 819 2974 854 2996; x_wconf 78' lang='lat'>20.</span> 
     </span>
    </p>
   </div>
   <div class='ocr_carea' id='block_1_18' title="bbox 1004 356 1013 2997">
    <p class='ocr_par' dir='ltr' id='par_1_27' title="bbox 1004 356 1013 2997">
     <span class='ocr_line' id='line_1_131' title="bbox 1004 356 1013 2997; baseline 0 0"><span class='ocrx_word' id='word_1_793' title='bbox 1004 356 1013 2997; x_wconf 95' lang='lat' dir='ltr'> </span> 
     </span>
    </p>
   </div>
   <div class='ocr_carea' id='block_1_19' title="bbox 1038 2857 1883 2964">
    <p class='ocr_par' dir='ltr' id='par_1_28' title="bbox 1038 2857 1883 2964">
     <span class='ocr_line' id='line_1_132' title="bbox 1103 2857 1883 2887; baseline 0.001 -8"><span class='ocrx_word' id='word_1_794' title='bbox 1103 2857 1112 2870; x_wconf 81' lang='lat'>⁵</span> <span class='ocrx_word' id='word_1_795' title='bbox 1131 2858 1194 2880; x_wconf 77' lang='lat' dir='ltr'>Vers.</span> <span class='ocrx_word' id='word_1_796' title='bbox 1213 2858 1239 2886; x_wconf 78' lang='lat'>5;</span> <span class='ocrx_word' id='word_1_797' title='bbox 1257 2861 1386 2887; x_wconf 87' lang='lat' dir='ltr'>sequuntur</span> <span class='ocrx_word' id='word_1_798' title='bbox 1412 2859 1487 2881; x_wconf 73' lang='lat' dir='ltr'>Manli.</span> <span class='ocrx_word' id='word_1_799' title='bbox 1513 2859 1555 2886; x_wconf 73' lang='lat'>24,</span> <span class='ocrx_word' id='word_1_800' title='bbox 1586 2860 1617 2882; x_wconf 74' lang='lat'>1-2.</span> <span class='ocrx_word' id='word_1_801' title='bbox 1643 2862 1664 2881; x_wconf 87' lang='lat' dir='ltr'>et</span> <span class='ocrx_word' id='word_1_802' title='bbox 1690 2860 1754 2882; x_wconf 69' lang='lat' dir='ltr'>Rom,</span> <span class='ocrx_word' id='word_1_803' title='bbox 1787 2861 1823 2886; x_wconf 73' lang='lat'>¹2,</span> <span class='ocrx_word' id='word_1_804' title='bbox 1851 2860 1883 2881; x_wconf 79' lang='lat' dir='ltr'>io.</span> 
     </span>
     <span class='ocr_line' id='line_1_133' title="bbox 1038 2903 1086 2925; baseline -0.021 -6"><span class='ocrx_word' id='word_1_805' title='bbox 1038 2903 1086 2925; x_wconf 83' lang='lat' dir='ltr'>seq.</span> 
     </span>
     <span class='ocr_line' id='line_1_134' title="bbox 1102 2934 1507 2964; baseline 0 -7"><span class='ocrx_word' id='word_1_806' title='bbox 1102 2934 1111 2947; x_wconf 65' lang='grc' dir='ltr'><strong>ὓ</strong></span> <span class='ocrx_word' id='word_1_807' title='bbox 1129 2936 1193 2957; x_wconf 73' lang='lat' dir='ltr'>Vers.</span> <span class='ocrx_word' id='word_1_808' title='bbox 1213 2936 1239 2963; x_wconf 82' lang='lat'>8;</span> <span class='ocrx_word' id='word_1_809' title='bbox 1257 2936 1360 2964; x_wconf 80' lang='lat' dir='ltr'>sequitui·</span> <span class='ocrx_word' id='word_1_810' title='bbox 1378 2936 1411 2957; x_wconf 85' lang='lat' dir='ltr'>Ps.</span> <span class='ocrx_word' id='word_1_811' title='bbox 1432 2936 1468 2962; x_wconf 76' lang='lat'>32,</span> <span class='ocrx_word' id='word_1_812' title='bbox 1487 2936 1507 2957; x_wconf 85' lang='lat'>6.</span> 
     </span>
    </p>
   </div>
   <div class='ocr_carea' id='block_1_20' title="bbox 1103 2973 1702 3002">
    <p class='ocr_par' dir='ltr' id='par_1_29' title="bbox 1103 2973 1702 3002">
     <span class='ocr_line' id='line_1_135' title="bbox 1103 2973 1702 3002; baseline 0.003 -6"><span class='ocrx_word' id='word_1_813' title='bbox 1103 2973 1111 2986; x_wconf 88' lang='lat'>⁷</span> <span class='ocrx_word' id='word_1_814' title='bbox 1129 2975 1189 2996; x_wconf 88' lang='lat' dir='ltr'>Libr.</span> <span class='ocrx_word' id='word_1_815' title='bbox 1208 2975 1231 2996; x_wconf 94' lang='lat' dir='ltr'>ll.</span> <span class='ocrx_word' id='word_1_816' title='bbox 1248 2974 1329 2996; x_wconf 84' lang='lat' dir='ltr'>Homil.</span> <span class='ocrx_word' id='word_1_817' title='bbox 1348 2974 1371 2996; x_wconf 89' lang='lat' dir='ltr'>in</span> <span class='ocrx_word' id='word_1_818' title='bbox 1389 2975 1474 3002; x_wconf 76' lang='lat' dir='ltr'>Evang.</span> <span class='ocrx_word' id='word_1_819' title='bbox 1494 2975 1570 2997; x_wconf 83' lang='lat' dir='ltr'>homil.</span> <span class='ocrx_word' id='word_1_820' title='bbox 1589 2976 1626 2998; x_wconf 88' lang='lat'>30.</span> <span class='ocrx_word' id='word_1_821' title='bbox 1643 2983 1664 2998; x_wconf 90' lang='lat' dir='ltr'>n.</span> <span class='ocrx_word' id='word_1_822' title='bbox 1681 2976 1702 2997; x_wconf 86' lang='lat'>7.</span> 
     </span>
    </p>
   </div>
   <div class='ocr_carea' id='block_1_21' title="bbox 1893 1012 2022 1076">
    <p class='ocr_par' dir='ltr' id='par_1_30' title="bbox 1893 1012 2022 1076">
     <span class='ocr_line' id='line_1_136' title="bbox 1893 1012 2021 1034; baseline 0.008 -4"><span class='ocrx_word' id='word_1_823' title='bbox 1893 1012 1984 1034; x_wconf 79' lang='lat' dir='ltr'>Secundo,</span> <span class='ocrx_word' id='word_1_824' title='bbox 1998 1012 2021 1031; x_wconf 81' lang='lat' dir='ltr'>do</span> 
     </span>
     <span class='ocr_line' id='line_1_137' title="bbox 1895 1035 2022 1054; baseline 0.008 -1"><span class='ocrx_word' id='word_1_825' title='bbox 1895 1035 1961 1053; x_wconf 82' lang='lat' dir='ltr'>effectu</span> <span class='ocrx_word' id='word_1_826' title='bbox 1976 1036 2022 1054; x_wconf 79' lang='lat' dir='ltr'>cari-</span> 
     </span>
     <span class='ocr_line' id='line_1_138' title="bbox 1895 1059 1944 1076; baseline 0 0"><span class='ocrx_word' id='word_1_827' title='bbox 1895 1059 1944 1076; x_wconf 78' lang='lat' dir='ltr'>tatIs.</span> 
     </span>
    </p>
   </div>
   <div class='ocr_carea' id='block_1_22' title="bbox 1899 1899 2015 1965">
    <p class='ocr_par' dir='ltr' id='par_1_31' title="bbox 1899 1899 2015 1965">
     <span class='ocr_line' id='line_1_139' title="bbox 1903 1899 2008 1921; baseline 0 -4"><span class='ocrx_word' id='word_1_828' title='bbox 1903 1899 1971 1921; x_wconf 76' lang='lat' dir='ltr'>Tertio,</span> <span class='ocrx_word' id='word_1_829' title='bbox 1985 1899 2008 1917; x_wconf 85' lang='lat' dir='ltr'>de</span> 
     </span>
     <span class='ocr_line' id='line_1_140' title="bbox 1899 1922 2015 1949; baseline 0 -8"><span class='ocrx_word' id='word_1_830' title='bbox 1899 1922 1965 1941; x_wconf 79' lang='lat' dir='ltr'>effectu</span> <span class='ocrx_word' id='word_1_831' title='bbox 1973 1927 2015 1949; x_wconf 66' lang='lat'>¹1³0-</span> 
     </span>
     <span class='ocr_line' id='line_1_141' title="bbox 1917 1947 1995 1965; baseline 0 -1"><span class='ocrx_word' id='word_1_832' title='bbox 1917 1947 1995 1965; x_wconf 79' lang='lat' dir='ltr'>testatis.</span> 
     </span>
    </p>
   </div>
   <div class='ocr_carea' id='block_1_23' title="bbox 1896 2647 2022 2718">
    <p class='ocr_par' dir='ltr' id='par_1_32' title="bbox 1896 2647 2022 2718">
     <span class='ocr_line' id='line_1_142' title="bbox 1902 2647 2022 2666; baseline -0.008 0"><span class='ocrx_word' id='word_1_833' title='bbox 1902 2648 1946 2666; x_wconf 81' lang='lat' dir='ltr'>Pars</span> <span class='ocrx_word' id='word_1_834' title='bbox 1959 2647 1980 2666; x_wconf 85' lang='lat'>11.</span> <span class='ocrx_word' id='word_1_835' title='bbox 1995 2647 2022 2665; x_wconf 86' lang='lat' dir='ltr'>De</span> 
     </span>
     <span class='ocr_line' id='line_1_143' title="bbox 1896 2671 2020 2689; baseline 0 0"><span class='ocrx_word' id='word_1_836' title='bbox 1896 2671 1978 2689; x_wconf 81' lang='lat' dir='ltr'>subiecto</span> <span class='ocrx_word' id='word_1_837' title='bbox 1991 2675 2020 2689; x_wconf 81' lang='lat' dir='ltr'>re-</span> 
     </span>
     <span class='ocr_line' id='line_1_144' title="bbox 1919 2694 1997 2718; baseline -0.013 -5"><span class='ocrx_word' id='word_1_838' title='bbox 1919 2694 1997 2718; x_wconf 71' lang='lat' dir='ltr'>captivo.</span> 
     </span>
    </p>
   </div>
  </div>
 </body>
</html>
