2243 3348
246 556 291 575 Pars
304 556 325 574 il.

222 602 315 621 Exercitia

206 626 326 650 perfectiouis

245 651 293 668 octo.

341 146 376 175 68
1000 142 1172 171 SERMONES
1193 141 1236 170 DE
1258 141 1422 170 TEMPORE.

341 227 486 258 aeternae;
508 223 684 252 Canticorum
706 221 826 251 secundo
842 222 868 249 ¹:
892 220 976 249 Sonet
1003 228 1059 248 voa·
1080 222 1133 247 tua
1155 218 1186 246 in

341 270 468 300 auribus
489 270 577 302 ineis,-
598 277 654 297 voa:
682 269 757 297 enim
786 271 838 296 tua
859 267 953 295 dulcis
974 270 999 295 et
1019 265 1112 303 facies
1134 269 1186 293 tua

342 318 456 346 decora.
480 332 516 337 —-
538 316 599 344 Vox
620 314 766 343 claritatis
786 317 813 342 et
834 313 1009 351 elegantiae,
1031 311 1095 349 quia
1111 318 1187 348 prae-

342 364 449 392 dicabat
471 370 561 391 mores
582 364 610 390 et
630 368 714 397 opera
731 360 922 389 observantiae
943 366 1045 392 novae;
1072 358 1186 386 Prover—

342 410 451 439 biorum
474 412 584 438 octavo:
604 407 746 445 Nunquid
759 415 818 435 non
835 406 981 442 sapientia
1000 405 1140 438 clamitat,
1162 407 1187 432 et

341 456 500 494 prudentia
521 456 547 483 in
570 454 666 491 plateis
687 454 739 482 dat
758 461 853 481 vocem
874 452 984 481 suam?

423 503 450 530 ll.
473 503 612 538 Quantum
635 500 668 529 ad
690 499 838 529 secundam
862 502 968 536 partem
990 498 1107 527 dicitur:
1138 498 1187 526 Di-

343 550 428 587 riyite
449 549 527 577 viam
552 547 677 580 Domini,
706 546 808 583 primo,
831 553 879 582 per
900 545 1047 582 perfectam
1070 545 1110 573 acl
1134 545 1187 573 Do-

342 597 456 625 minum
483 593 715 626 conversionem;
744 592 957 621 proverbiorum
980 591 1111 628 vigesimo
1133 594 1188 619 ter-

343 643 381 672 tio
397 643 422 670 ²:
446 641 545 678 Dii-iae
566 640 597 669 in
618 640 668 668 via
689 639 824 668 animum
846 643 949 671 tuuin‚·
981 638 1110 667 ieremiae
1140 638 1187 666 tri-

342 689 445 726 gesimo
467 688 573 725 primo:
598 686 697 724 Diriye
711 694 762 714 cor
777 689 861 714 tuum
876 685 907 714 in
922 685 999 713 viam
1016 689 1134 713 rectam.
1152 701 1187 704 —

343 735 484 768 Secundo,
507 742 561 771 per
584 732 776 770 poenitentiae
797 732 942 769 integram
963 731 1188 765 exsecutionem,-

345 781 557 810 Proverbiorum
589 783 689 817 quarto
709 778 739 807 3;
771 778 873 816 Dirige
903 778 1036 806 semitam
1065 777 1188 814 pedibus

343 829 418 862 tuis,
440 832 464 856 et
486 836 583 856 omnes
596 827 661 855 viae
677 830 744 855 tuae
757 825 950 854 stabilientur.
966 842 1005 845 —
1023 825 1124 858 Tertio,
1140 832 1189 861 per

343 876 556 904 mandatorum
568 876 799 911 perseverantem
814 872 1059 904 observationem
1074 872 1189 900 Prover-

344 923 454 951 biorum
477 921 623 950 undecimo
637 920 664 948 ⁴:
687 919 805 947 lustitia
826 918 969 955 simplicis
983 918 1088 955 [liriyet
1109 918 1189 946 viam

344 970 424 1001 eius‚·
445 967 624 997 Ecclesiastici
654 966 790 995 secundo:
822 965 921 1002 Diriye
949 964 1030 993 viani
1059 968 1142 993 tuam
1166 968 1191 993 et

345 1025 432 1053 spera
454 1016 484 1043 in
506 1014 597 1043 illum.
621 1031 659 1034 -—
680 1014 793 1049 Quarto,
815 1020 865 1049 per
887 1012 1022 1040 virtutum
1045 1015 1072 1040 et
1092 1011 1191 1048 gratia-

346 1071 409 1091 rum
430 1066 457 1091 et
478 1062 613 1090 donorum
636 1064 662 1089 et
683 1059 884 1088 beatitudinum
900 1062 927 1086 et
948 1059 1189 1086 sacramentorum

350 1109 519 1138 intellectum
542 1116 644 1136 ¹oerum
665 1110 690 1135 et
702 1106 930 1144 perceptionem,-
947 1106 1069 1135 Psalmus
1083 1106 1111 1134 ⁵:
1132 1105 1190 1134 Uli—

346 1165 414 1184 nam
438 1155 610 1192 tliriyantur
632 1154 696 1182 viae
716 1162 795 1182 meae
817 1153 856 1181 ad
877 1152 1082 1181 custodiendas
1108 1152 1190 1180 iusti-

345 1203 494 1240 ficationes
522 1202 607 1230 tuas!
628 1218 665 1222 -
691 1201 805 1237 Quinto,
828 1208 876 1237 per
899 1199 1043 1228 orationis
1073 1203 1192 1227 sanctae

346 1249 562 1286 suspensionem
581 1248 637 1277 sive
653 1248 751 1276 mentis
766 1247 962 1279 elevationeni;
979 1246 1190 1275 Proverbiorum

347 1297 453 1325 decimo
474 1296 571 1333 quinto
585 1296 613 1323 ὃς
643 1295 692 1323 Vir
712 1294 843 1331 prudens
858 1293 963 1330 (liriyit
975 1301 1096 1331 yressus
1113 1301 1191 1321 suos.

349 1361 386 1364 —
409 1344 501 1376 Sexto,
531 1350 579 1379 per
608 1341 705 1370 cordis
730 1341 865 1378 pietatem
892 1344 918 1368 et
945 1340 1193 1377 compassionem,-

348 1390 458 1419 Genesis
479 1390 610 1426 vigesimo
628 1392 728 1426 quarto
744 1388 769 1415 ⁷:
792 1388 879 1416 Mittet
895 1387 1038 1424 Angelum
1052 1395 1141 1415 suuni
1157 1390 1193 1415 te-

348 1446 414 1465 cum
436 1441 460 1465 et
481 1437 586 1473 {liriyet
608 1436 687 1464 viam
709 1439 800 1463 tuam.
822 1451 861 1454 —
883 1434 1019 1471 Septimo,
1042 1442 1090 1470 per
1112 1434 1193 1462 (levo-

349 1484 434 1512 tionis
454 1492 560 1511 sacrae
590 1482 753 1510 unctionem
761 1492 771 1515 ;
793 1481 922 1510 leremiae
943 1481 1050 1509 decimo
1065 1480 1091 1508 8:
1119 1480 1194 1514 Seio,

351 1531 478 1564 Domine,
501 1530 572 1568 quia
599 1538 657 1557 non
678 1532 717 1557 est
739 1527 865 1557 hominis
886 1528 936 1556 via
964 1528 1036 1560 eius,
1058 1536 1108 1555 nec
1136 1527 1196 1555 viri

348 1582 400 1612 est,
424 1581 455 1605 ut
475 1576 601 1605 ambulet
621 1579 646 1604 et
671 1575 783 1612 dirigat
812 1583 933 1612 yressus
963 1583 1050 1607 suos;
1082 1574 1196 1603 Prover-

347 1625 456 1654 biornm
488 1623 634 1660 vigesimo:
664 1624 685 1651 A
723 1622 845 1650 Domino
873 1622 1047 1659 (lirigyuntur
1076 1630 1196 1659 gressus

350 1672 424 1704 viri;
446 1670 512 1708 quis
533 1673 632 1698 autem
653 1668 805 1697 hominum
827 1668 984 1706 intelligere
1002 1672 1092 1705 potest
1114 1668 1196 1697 viam

347 1718 456 1748 suani?
477 1735 515 1738 —-
536 1717 648 1751 Octavo,
670 1724 719 1753 per
751 1715 885 1744 honestae
905 1716 982 1744 vitae
1003 1716 1196 1744 conversatio-

348 1775 430 1799 neni;
451 1765 563 1794 Genesis
584 1763 715 1801 vigesimo
737 1766 838 1800 quarto
853 1763 879 1791 ⁹:
905 1763 1023 1791 Domine
1054 1763 1129 1791 Deus
1150 1763 1196 1791 clo-

349 1813 424 1841 mini
432 1812 490 1841 mei
505 1810 670 1845 Abi-aliam,
685 1811 713 1839 si
726 1810 862 1839 diremisti
875 1810 955 1838 viani
970 1819 1075 1844 mea-in,
1092 1810 1122 1838 in
1137 1818 1196 1847 qua

349 1858 427 1888 nunc
448 1858 584 1892 ambulo,·
605 1858 743 1887 psalmus:
761 1857 862 1895 Dirige
882 1866 927 1886 me
942 1857 973 1885 in
991 1857 1111 1885 veritate
1126 1860 1196 1890 tua;

352 1906 436 1934 infra:
454 1905 571 1934 Doeebit.
588 1905 670 1933 mites
692 1905 757 1933 vias
778 1912 859 1933 suas.

684 2007 775 2035 Sannio
796 2007 818 2034 V
830 2007 862 2034 ¹⁰.

418 2102 491 2131 Item,
512 2109 592 2127 sermo
611 2102 698 2126 fratris
717 2101 907 2126 Bonaventurae
933 2101 1014 2126 editus
1033 2108 1115 2126 eoram
1135 2101 1196 2125 Fra-

353 2145 433 2170 tribus
452 2145 565 2174 Viterbii,
580 2145 684 2170 vacante
703 2145 774 2174 Sede,
794 2145 882 2169 ibidem
904 2144 961 2176 post
981 2144 1131 2169 Clementem
1151 2144 1196 2169 IV.

430 2236 488 2272 Eyo
503 2243 558 2263 vom
573 2235 730 2264 clamantis
745 2235 775 2262 in
791 2235 900 2263 deserto
910 2257 918 2267 ,
935 2234 1041 2263 ioannis
1061 2234 1151 2270 primo
1163 2235 1195 2261 ¹¹.

430 2283 510 2310 Sacer
539 2285 566 2310 et
594 2282 781 2311 sanctificatus
811 2282 976 2310 Praeeursor
1008 2281 1063 2310 duo
1085 2281 1148 2310 facit
1170 2281 1196 2309 in

350 2329 394 2357 his
414 2329 520 2357 verbis:
543 2329 632 2365 primo
647 2328 736 2357 innuit
758 2328 800 2357 sui
816 2328 904 2366 officii
918 2327 1128 2361 humilitatem,
1144 2328 1196 2356 ibi:

354 2376 411 2412 Eoo
433 2384 505 2408 vom
527 2375 648 2404 seeundo
663 2375 796 2411 exprimit
818 2383 883 2404 suae
906 2375 1121 2403 iurisdictionis
1143 2384 1197 2403 au-

352 2422 528 2456 ctoritatent,
551 2422 603 2450 ibi:
626 2422 782 2450 clamantis
805 2422 834 2450 in
856 2422 974 2450 deserto.

418 2584 425 2597 ¹
445 2586 510 2607 Yers.
534 2585 571 2613 ¹43
589 2586 692 2614 sequitur
710 2587 777 2608 Prov.
796 2587 816 2614 8,
839 2588 855 2608 1.

416 2623 424 2636 ²
443 2625 508 2646 Vers.
528 2625 569 2651 ‘¹93
587 2625 690 2653 sequitur
709 2626 749 2646 ier.
767 2625 804 2651 3¹,
822 2626 859 2647 2¹.
1052 2625 1060 2637 ³
1079 2627 1144 2649 Veis
1162 2627 1199 2648 26.

416 2663 425 2675 ‘¹
444 2664 508 2685 Vers.
526 2663 552 2690 53
571 2663 674 2691 sequitur
692 2664 758 2685 Eecli.
775 2665 797 2690 2,
816 2665 837 2686 6,

417 2702 426 2714 ⁵
443 2703 525 2725 Psalm.
544 2703 596 2730 418,
614 2703 636 2724 5.

418 2741 427 2754 ⁶
444 2742 509 2764 Vers.
529 2742 565 2763 21.
1052 2742 1060 2755 ⁷
1080 2744 1144 2765 Vere.
1164 2743 1200 2765 40.

416 2779 425 2793 ⁸
443 2781 508 2803 Vers.
527 2781 568 2808 23;
586 2780 689 2809 sequitur
707 2781 774 2802 Prov.
791 2781 827 2807 20,
846 2782 883 2803 24.

416 2818 426 2831 ⁹
445 2820 510 2841 Vers.
528 2819 569 2847 42;
587 2819 691 2848 sequitur
709 2820 745 2841 Ps.
762 2819 799 2847 24,
817 2819 844 2846 5,
862 2820 914 2842 dein
933 2827 953 2841 ι’.
973 2821 993 2842 9,

418 2858 437 2870 ¹⁰
456 2860 484 2881 Ex
502 2860 518 2880 A
538 2859 574 2881 sol.
594 2859 623 2881 35
640 2865 675 2886 xz,
694 2858 792 2880 habetur
810 2859 878 2881 etiam
904 2860 1069 2888 aliquantutum
1094 2860 1201 2883 disserens

356 2898 377 2920 in
395 2898 413 2919 R
431 2898 468 2919 sol.
490 2898 539 2924 177,
557 2898 598 2920 sed
615 2897 646 2919 ibi
662 2900 686 2919 ut
706 2904 759 2925 pars
779 2898 878 2920 secunda
901 2899 1060 2925 praecedentis
1080 2899 1202 2925 sermonis,

355 2943 415 2965 quae
432 2937 495 2959 deest
514 2937 535 2958 in
553 2937 579 2958 Α,

1321 219 1381 247 Fuit
1403 221 1495 247 autem
1518 219 1630 248 loannes
1652 227 1706 247 vox
1727 220 1894 249 securitatis
1908 223 1935 249 et
1956 224 2087 250 constan·
2103 224 2198 272 ⁵⁹ssn0¹=¹¹22²

1243 266 1300 294 tiae
1321 273 1370 302 per
1385 265 1603 294 immobilitatem
1618 269 1727 294 sanctae
1743 266 1828 300 vitae;
1851 266 1933 295 Isaiae
1949 267 2088 304 trigesimo

1244 312 1325 340 tertio
1342 312 1380 339 ¹2:
1405 313 1425 339 A
1445 320 1510 340 voce
1526 311 1629 349 Anyeli
1642 311 1785 349 fugerunt
1794 313 1906 350 populi,
1921 317 1946 341 et
1961 313 1997 342 ab
2012 313 2089 342 exal-

1244 358 1351 386 tatione
1372 361 1425 386 tua.
1445 358 1595 395 dispersae
1622 362 1692 386 sunt
1718 362 1822 396 yentes.
1852 375 1890 379 —
1918 359 1978 388 Vox
2007 363 2088 388 tran-

1243 404 1397 443 quillitatis
1417 407 1445 433 et
1465 405 1638 434 concordiae
1659 413 1708 442 per
1730 405 1892 435 suavitatem
1914 406 2023 443 pietatis
2048 406 2089 435 in-

1244 451 1326 480 timae
1341 452 1380 485 13;
1404 451 1449 480 iob
1470 455 1584 488 quarto:
1609 452 1704 480 Vocem
1719 452 1807 490 quasi
1826 461 1922 481 aurae
1943 452 2014 481 lenis
2035 461 2088 481 au-

1244 498 1313 526 divi.
1337 514 1373 518 —
1395 498 1455 526 Vox
1478 497 1653 527 humilitatis
1674 501 1701 527 et
1720 498 1878 535 patientiae
1899 506 1948 535 per
1969 499 2090 536 captiva-

1246 545 1346 573 tionem
1368 544 1524 573 inteiiectus
1546 548 1573 573 et
1594 552 1728 581 personae
1749 552 1830 579 suae;
1852 545 2027 574 Canticorum
2048 553 2090 574 se-

1245 591 1335 620 eundo
1351 592 1389 619 ¹4:
1419 592 1476 620 Voa·
1497 591 1592 620 dilecti
1612 592 1684 625 mei,
1705 600 1782 626 ecee,
1815 591 1866 620 iste
1886 592 1962 620 venit
1982 591 2091 620 saliens

1244 639 1276 667 in
1297 638 1452 672 montibus,
1475 638 1644 667 transiliens
1665 638 1755 667 colles.
1775 656 1810 659 ——
1827 639 1888 667 Vox
1908 639 2050 676 puritatis
2064 642 2091 667 et

1244 685 1456 714 sanctimoniae
1476 693 1525 722 per
1547 685 1746 722 promotionem
1769 685 1918 714 caelibatus
1939 688 1966 714 et
1987 685 2092 722 pudici-

1245 732 1313 766 tiae;
1335 732 1509 761 Canticorum
1532 732 1652 761 secundo
1668 732 1706 760 ¹¹³:
1730 732 1813 761 Sonet
1834 741 1889 761 vox
1911 736 1963 761 tua
1984 732 2015 761 in
2037 741 2091 760 au-

1245 778 1330 807 ribus
1351 779 1437 812 meis,
1459 787 1515 807 voa¹
1536 779 1613 807 enim
1635 782 1687 807 tua
1714 779 1809 807 duleis
1829 782 1855 807 et
1869 778 1961 816 facies
1979 782 2030 807 tua
2045 779 2092 807 de-

1246 834 1325 854 cora.
1349 842 1386 846 —-
1408 826 1468 854 Vox
1490 826 1626 854 caritatis
1641 829 1668 854 et
1689 825 1894 854 benevolentiae
1915 833 1965 862 per
1986 825 2092 854 adama-

1247 873 1348 901 tionem
1365 873 1461 901 saiutis
1475 873 1564 901 omnis
1578 872 1701 906 animae;
1715 872 1925 901 Proverhiorum
1941 875 2037 901 octavo
2052 872 2091 900 ¹⁶:

1249 919 1272 948 Ο
1292 919 1361 953 viri,
1384 920 1423 948 acl
1443 928 1493 948 vos
1508 919 1634 953 clamito,
1650 922 1676 947 et
1688 927 1745 947 vox
1759 927 1824 947 mea
1845 919 1885 947 acl
1905 919 1981 955 filios
2002 917 2093 947 homi-

1246 975 1327 995 num.
1351 983 1386 986 ——
1410 967 1470 995 Vox
1497 966 1703 995 oiseerositatis
1728 969 1755 995 et
1775 965 2023 1003 concupiscentiae
2044 973 2093 1002 per

1248 1013 1448 1042 vehementiam
1475 1013 1602 1041 desiderii
1631 1013 1749 1050 gioriae;
1773 1013 1895 1041 Psaimus
1910 1012 1949 1040 ¹⁷:
1972 1012 2008 1040 In
2028 1020 2094 1040 voce

1247 1059 1449 1088 exsultationis
1471 1063 1496 1088 et
1517 1058 1707 1097 confessionis
1728 1068 1818 1087 sonus
1839 1059 1994 1096 epulantis*

1577 1147 1668 1174 Sentio
1689 1146 1722 1173 vt
1739 1145 1771 1173 ¹⁸.

1319 1230 1398 1259 Item,
1418 1236 1499 1254 sermo
1518 1228 1605 1253 fratris
1625 1228 1815 1253 Bonaventurae
1840 1228 1921 1253 editus
1939 1228 2022 1253 eadem
2049 1228 2095 1253 Do-

1250 1274 1340 1298 minica
1358 1273 1435 1297 tertia
1448 1272 1476 1296 de
1490 1271 1607 1296 Adventu
1626 1271 1747 1299 Parisius,
1761 1278 1842 1295 coram
1862 1270 1995 1295 Fratribus
2013 1271 2038 1295 in
2053 1270 2096 1295 Ca-

1250 1316 1339 1348 pitulo.

1332 1390 1456 1427 Diripite
1476 1389 1555 1417 viam
1580 1388 1707 1422 Domini,
1730 1379 1836 1416 loannis
1858 1388 1947 1424 primo
1960 1388 1991 1415 ¹⁹.

1331 1437 1463 1465 Dominus
1485 1439 1577 1464 noster
1600 1436 1673 1464 Iesus
1694 1435 1830 1468 Christus,
1846 1435 1892 1472 qui
1914 1434 2098 1472 dignatusest

1252 1485 1346 1513 venire
1367 1484 1392 1512 in
1416 1483 1551 1512 mundum
1582 1482 1654 1511 sieut
1680 1481 1748 1519 fons
1776 1482 1923 1511 claritatis
1954 1484 2098 1516 aeternae,

1252 1532 1324 1560 sieut
1346 1531 1444 1568 imago
1466 1530 1603 1558 bonitatis
1626 1532 1771 1566 paternae,
1803 1529 1875 1557 sieut
1895 1528 2045 1566 speculum
2072 1532 2099 1557 et

1254 1578 1349 1615 regula
1370 1577 1466 1606 salutis
1489 1577 1636 1609 humanae,
1659 1576 1716 1612 ipse
1738 1579 1847 1604 nostros
1862 1575 2016 1604 intellectus
2037 1575 2099 1604 iliu-

1253 1628 1331 1659 stret,
1354 1627 1463 1653 nostros
1485 1623 1599 1652 affectus
1621 1623 1765 1657 informet,
1788 1626 1897 1651 nostros
1918 1629 2059 1651 sermones
2073 1624 2100 1650 et

1253 1674 1331 1700 aetus
1353 1673 1500 1707 componat
1521 1674 1548 1698 et
1568 1670 1692 1703 ordinet,
1715 1672 1747 1698 ut
1767 1669 1906 1706 possimus
1927 1669 1961 1698 ad
1990 1668 2098 1697 laudem

1253 1726 1331 1747 suam
1354 1721 1404 1747 ete¹

1334 1765 1457 1803 Diriyite
1478 1765 1557 1793 viam
1582 1764 1700 1793 Domini
1707 1774 1715 1796 ,·
1737 1766 1860 1792 sumtum
1882 1763 1915 1792 de
1934 1763 2017 1792 Isaiae
2032 1770 2100 1800 qua-

1253 1812 1408 1849 dragesimo
1423 1812 1456 1840 ²⁰.
1479 1811 1654 1848 Quicumque
1670 1810 1729 1839 vult
1743 1810 1841 1839 devote
1856 1812 1882 1838 et
1896 1809 1978 1846 digne
1992 1809 2100 1838 Domini

1254 1860 1313 1888 lesu
1335 1859 1508 1887 Nativitatem
1525 1858 1681 1895 proximam
1697 1857 1847 1891 celebrare,
1862 1856 2015 1885 secundum
2030 1857 2101 1885 hane

1254 1906 1483 1943 praedicationem
1497 1905 1662 1934 venerabilis
1677 1904 1869 1941 praecursoris
1879 1903 2015 1940 Baptistae
2030 1903 2102 1931 loan-

1253 1954 1295 1982 nis
1316 1953 1430 1990 cliriyat
1451 1953 1529 1981 viam
1555 1952 1600 1981 Dei
1623 1952 1727 1981 aeterni
1757 1951 1790 1980 ad
1818 1959 1847 1980 se
1868 1954 1895 1980 et
1920 1951 1952 1980 ad
1982 1950 2100 1979 animam

1253 2008 1331 2029 snam
1354 2008 1403 2036 per
1425 1999 1476 2028 ista
1490 2003 1627 2036 quatuor,
1649 1999 1753 2028 scilieet
1767 2006 1816 2035 per
1831 1997 1996 2027 universalis
2010 1997 2101 2034 inipu-

1255 2047 1352 2076 ritatis
1373 2046 1634 2083 eaeptm·9ationem;
1652 2045 1779 2074 ieremiae
1795 2045 1935 2082 trigesimo
1957 2045 2046 2082 primo
2062 2044 2100 2072 ²¹:

1255 2094 1354 2122 Statue
1375 2093 1427 2122 tibi
1448 2093 1606 2130 speculam,
1626 2101 1700 2129 pone
1729 2092 1780 2121 tibi
1808 2091 2036 2125 amaritudines,
2058 2091 2102 2119 di-

1255 2141 1316 2177 riqe
1337 2149 1387 2169 cor
1409 2145 1493 2169 tuum
1515 2141 1545 2168 in
1567 2140 1646 2168 viam
1668 2144 1787 2168 rectam.
1811 2156 1845 2159 -
1867 2139 1917 2167 Per
1939 2138 2103 2167 universalis

1251 2188 1368 2225 pietatis
1400 2188 1628 2220 assumtionem;
1650 2187 1762 2215 Genesis
1788 2186 1920 2223 vigesimo
1947 2188 2048 2222 quarto
2063 2185 2102 2212 2²:

1255 2235 1343 2263 Mittet
1366 2235 1509 2272 Anyelum
1531 2243 1620 2262 suuni
1640 2238 1734 2262 tecum
1748 2237 1773 2262 et
1794 2233 1900 2270 (liriyet
1914 2232 1994 2261 viani
2009 2236 2101 2260 tuam.

1255 2299 1291 2302 —
1314 2282 1364 2311 Per
1385 2282 1551 2310 universaiis
1571 2281 1737 2309 sanctitutis
1758 2279 2024 2313 conversationem;
2039 2279 2103 2307 ΡιῸ-

1256 2329 1414 2358 verbiorum
1438 2328 1569 2365 vigesimo
1592 2328 1673 2356 tertio
1689 2327 1727 2355 ²³:
1752 2327 1842 2360 Audi,
1863 2326 1907 2363 lili
1926 2326 1978 2360 ini,
1993 2330 2019 2354 et
2046 2330 2103 2354 esto

1253 2376 1372 2412 sapiens
1393 2379 1417 2403 et
1433 2375 1528 2411 (lirigye
1552 2374 1647 2402 invia
1668 2374 1801 2402 animuin
1819 2377 1920 2406 tuum;
1943 2372 2103 2401 i'roverbio-

1256 2431 1318 2451 rum
1341 2422 1447 2451 decimo
1476 2422 1588 2458 quinto:
1622 2421 1672 2449 Vir
1694 2421 1826 2458 prudens
1855 2420 1959 2457 (liriyit
1984 2427 2104 2457 gressus

1320 2587 1337 2600 ¹¹
1357 2588 1421 2610 Vers.
1440 2588 1477 2609 23.

1320 2626 1339 2639 ¹2
1358 2627 1423 2649 Vers.
1441 2627 1462 2648 3.

1319 2665 1338 2678 ¹⁸
1356 2665 1413 2688 Cod,
1430 2666 1447 2687 R
1465 2665 1531 2692 legit:
1543 2670 1585 2693 per
1598 2664 1717 2687 intensum
1734 2663 1845 2693 affectum
1860 2661 1955 2692 pietatis
1967 2663 1988 2684 el
2005 2661 2106 2684 clemen-

1257 2704 1309 2727 tiae.
1327 2717 1357 2720 —
1374 2704 1483 2732 Sequitur
1502 2703 1541 2726 lob
1560 2703 1580 2730 4,
1600 2703 1636 2724 16.

1322 2743 1340 2756 ¹⁴
1359 2744 1422 2765 vers.
1441 2744 1461 2765 R.
1946 2738 1963 2754 ¹⁶
1982 2740 2047 2762 Vers.
2069 2739 2102 2761 14.

1323 2781 1340 2795 ¹⁰
1358 2782 1424 2804 Vers.
1444 2782 1465 2803 4.

1321 2820 1339 2833 ¹⁷
1358 2822 1440 2843 Psaim.
1459 2821 1495 2848 lai,
1513 2821 1535 2844 5;
1552 2833 1582 2836 —
1600 2820 1723 2848 Explicatio
1741 2820 1812 2847 partis
1829 2819 1945 2842 secundae
1961 2818 2034 2841 deest.

1322 2858 1340 2872 ¹⁵³
1359 2861 1388 2882 Ex
1407 2861 1423 2881 A
1443 2861 1479 2882 foi.
1498 2860 1527 2882 36
1545 2866 1564 2882 r.
1947 2856 1966 2869 ¹⁹
1985 2858 2049 2879 Vers.
2067 2857 2104 2879 23.

1321 2898 1341 2913 2⁰
1360 2899 1425 2921 Vers.
1443 2899 1468 2920 3:
1488 2899 1574 2921 Parate
1592 2898 1654 2921 viam
1673 2901 1716 2920 etc.
1946 2895 1964 2909 ²¹
1983 2896 2050 2918 Vers.
2068 2896 2104 2917 2i.

1321 2936 1341 2949 ²2
1361 2938 1425 2959 Vei-s.
1444 2937 1480 2959 40,
1797 2935 1816 2948 ²³
1836 2937 1901 2958 Yers.
1923 2936 1957 2958 i9.
1974 2938 1996 2958 et
2017 2936 2050 2963 ¹5,
2068 2935 2104 2957 21.

2113 1435 2218 1455 introducti·

2165 1999 2223 2022 Quat-1

2118 2022 2207 2042 exercitia
2211 2028 2226 2041 vi

2119 2048 2185 2065 tutum.
