2243 3348
11 276 13 342 l

11 349 13 380 ι

11 385 13 424 l

6 426 13 544 l

0 545 13 631 Ἰ

4 707 13 755 'i

0 807 1 811 .
9 797 12 812 l

0 835 12 850 ,.

0 848 13 928 ll

0 1038 5 1056 ι
35 1033 96 1052 matis.

34 1597 100 1616 monis.

19 1950 61 1969 Pars
72 1950 86 1968 1.
99 1950 127 1968 In-

0 1978 3 1998 1
10 1980 11 1984 Ἰ
30 1973 115 1993 roi-matio

0 2003 3 2016 i
20 1997 128 2025 exemplari-

0 2022 2 2037 !
48 2022 97 2040 tans.

19 2044 126 2063 subdivisio.

0 2279 12 2298 ti
29 2279 106 2306 J’rimo,

0 2305 6 2321 ι
28 2305 118 2322 instanter

0 2330 13 2345 ι’
42 2329 101 2346 vocat.

12 2388 13 2401 l

11 2410 13 2427 l

0 666 127 712 {vinti-aduenio.

0 1006 74 1041 tpivisio
87 1010 126 1028 the-

0 1572 8 1595 ί
17 1573 77 1593 iivisio
90 1578 128 1593 ser-

649 174 807 202 DOMtNtCA
830 174 846 201 l.
870 173 952 201 POST
975 173 1217 201 PENTECOSTEN.
1240 173 1349 201 sERMO
1371 174 1389 201 I.

1837 175 1892 204 347

694 322 850 350 DOMINICA
874 321 970 350 PRIMA
993 321 1075 349 POST
1099 321 1340 350 PENTECOSTEN.

491 442 582 470 Sentio
604 441 613 468 Ι
625 442 644 468 ¹.

226 537 317 565 Estote
336 535 550 568 misericordes,
572 534 648 563 sicut
668 538 693 562 ct
714 534 804 562 Pater
827 537 916 562 cester
938 533 991 561 mi-

143 583 269 612 sericors
289 587 343 617 est,
366 583 455 611 Lucae
477 585 557 611 sexto
569 582 588 609 ².

222 629 322 658 Videns
344 629 476 657 Dominus
498 632 592 657 noster
614 628 688 657 lesus
716 627 859 661 Christus,
885 626 992 655 miseri-

144 677 264 707 cordiam
287 680 314 705 et
335 676 476 705 caritatem
509 675 704 712 refrigescere,
736 674 867 703 malitiam
899 677 991 702 autem

144 728 171 753 et
192 724 380 753 carnalitatem
404 723 580 756 invalescere,
603 722 690 750 voluit
712 729 761 750 nos
782 721 810 749 in
832 721 917 749 verbo
932 728 993 757 pro—

144 771 233 808 posito
254 771 407 799 secundum
420 770 554 806 *regulam
578 769 686 798 divinae
701 768 810 805 pietatis
824 767 944 804 dirigere
958 767 991 795 ad

144 825 228 854 opera
243 817 448 845 misericordiae
463 820 490 845 et
505 816 640 850 caritatis,
656 823 718 844 cum
734 815 814 843 dicit:
832 815 924 843 Estote
938 814 992 842 mi-

143 864 315 897 sericordes,
331 864 408 892 sicut
422 868 447 891 et
464 864 552 891 Pater
567 866 659 891 vester
673 862 841 890 misericors
856 865 903 890 cst.
923 861 993 898 Quia

144 911 220 940 nulla
241 914 336 939 nostra
357 910 480 947 operatio
502 912 591 946 potest
612 917 671 938 esse
694 912 783 942 recta,
812 908 863 937 nisi
894 916 992 936 secun-

144 957 209 985 dum
233 957 356 993 regulam
379 956 487 985 divinae
509 956 729 992 exeinplaritatis
750 955 902 992 dirigatur;
932 954 992 983 ideo

144 1004 170 1032 in
194 1004 279 1032 verbo
300 1003 441 1040 proposito
463 1003 551 1039 primo
571 1002 708 1031 hortatur
724 1003 763 1030 ad
777 1002 989 1030 subventionem

143 1051 248 1079 alienae
266 1050 449 1084 necessitatis,
468 1050 615 1079 excitando
630 1049 773 1084 ast'ectum3
789 1049 910 1078 secundo
924 1057 992 1086 pro-

140 1097 223 1134 ponit
245 1096 485 1133 informationem
512 1096 629 1125 divinae
657 1096 903 1133 exemplaritatis,
926 1091 992 1123 diri-

143 1144 230 1181 gendo
252 1144 430 1172 intellectum.
455 1144 545 1172 Primo
569 1144 697 1172 bortatur
723 1144 755 1172 ad
781 1144 991 1172 subventionem

142 1191 246 1220 alienae
268 1191 452 1225 necessitatis,
475 1199 539 1219 cum
560 1191 640 1220 dicit:
666 1192 757 1219 Estote
779 1191 990 1219 misericordes.

143 1238 268 1267 Secundo
284 1238 412 1275 proponit
432 1238 650 1266 informationem
666 1238 774 1266 divinae
796 1238 992 1274 exemplarita-

145 1286 192 1319 tis,
208 1285 352 1322 dirigendo
375 1285 560 1319 intellectum,
583 1293 645 1314 cum
669 1285 777 1314 subdit:
799 1285 875 1313 sicut
896 1288 922 1313 et
937 1286 992 1313 Pct-

144 1337 186 1361 ter
207 1336 297 1361 vester
319 1332 488 1360 misericors
509 1336 556 1360 est.

223 1379 314 1407 Primo
335 1387 401 1415 ergo
424 1382 515 1407 movet
537 1387 586 1408 nos
608 1379 641 1407 ad
663 1379 872 1408 subventionem
888 1379 992 1407 alienae

143 1426 328 1460 necessitatis,
358 1426 504 1454 excitando
536 1426 681 1459 affectum,
710 1434 773 1454 cum
795 1426 875 1455 dicit:
900 1427 993 1454 Estote

143 1474 354 1503 misericordes.
377 1474 441 1502 Tria
462 1474 534 1502 enim
558 1477 631 1508 suut,
648 1482 697 1510 per
712 1482 783 1510 quae
800 1474 928 1502 hortatur
943 1482 993 1502 nos

144 1522 277 1550 Dominus
300 1522 373 1550 lesus
395 1521 522 1549 Christus
543 1521 576 1549 ad
598 1529 682 1557 opera
704 1521 813 1557 pietatis
834 1524 861 1549 et
886 1521 992 1549 miseri-

144 1568 261 1597 cordiae.
296 1568 417 1596 l'rimum
449 1571 490 1597 est
522 1567 647 1604 lienigynct
679 1567 852 1605 informatio
884 1568 992 1596 divinae

144 1615 379 1652 exemplaritatis,
403 1615 562 1643 rationalem
585 1615 744 1651 dirige1]tis;
771 1615 923 1643 secundum
952 1617 993 1643 est

143 1670 254 1700 magma
275 1662 431 1699 promissio
453 1661 614 1698 multiplicis
635 1661 773 1695 utilitatis,
797 1661 993 1698 concupiscitu-

143 1710 195 1738 lem
217 1709 376 1743 afficientis,
400 1708 512 1737 tertium
535 1711 576 1737 est
601 1708 707 1736 acerba
736 1708 853 1745 punitio
884 1708 992 1737 divinae

143 1756 307 1790 severitatis,
328 1756 493 1784 irascibilem
516 1755 710 1789 concutientis;
733 1759 765 1784 ut
779 1755 830 1789 sic,
846 1764 916 1792 quos
938 1764 992 1784 non

145 1807 236 1833 movet
257 1803 291 1832 ad
312 1803 527 1832 misericordiam
550 1803 675 1831 divinum
698 1803 868 1840 exemplum,
884 1806 993 1831 moveat

142 1851 210 1880 utile
232 1851 410 1888 promissum,
433 1851 475 1879 vel
498 1851 594 1879 saltem
618 1851 740 1879 terribile
762 1851 938 1888 supplicium.

223 1899 239 1926 l.
257 1898 347 1926 Primo
367 1901 457 1926 movet
473 1906 522 1926 nos
537 1898 569 1926 ad
585 1898 803 1927 misericordiam
818 1898 937 1935 benigna
953 1898 992 1926 in-

143 1945 271 1974 formatio
292 1945 410 1974 dioinae
431 1945 679 1982 exemptttritcttis,
701 1945 845 1982 dirigentis
874 1945 992 1973 rationa-

145 1993 211 2027 lem,
233 2000 304 2029 quae
326 1993 353 2021 in
376 1992 466 2021 tribus
487 1992 580 2029 aliquo
603 1992 684 2020 modo
705 1996 834 2028 apparet:
850 1992 949 2029 primo,
965 1992 991 2020 in

144 2039 282 2077 gratuitae
305 2039 463 2068 vocationis
485 2039 647 2072 instantem
669 2039 805 2072 secundo,
828 2039 853 2067 in
882 2039 992 2067 diutur-

144 2095 195 2115 nae
210 2086 434 2123 exspectationis
448 2086 609 2122 patienda,-
632 2086 721 2119 tertio,
737 2086 763 2113 in
780 2086 913 2123 benignae
927 2095 992 2114 sus-

145 2133 282 2171 ceptionis
303 2133 460 2161 clementio..
484 2132 558 2161 Unde
575 2133 731 2161 misericors
746 2133 820 2161 Deus
836 2135 993 2169 peccatores

145 2182 279 2210 instanter
292 2183 379 2214 vocat,
392 2180 527 2217 patienter
543 2183 685 2216 exspectat
700 2183 727 2208 et
742 2180 890 2208 clementer
907 2180 993 2209 susci-

147 2228 194 2265 pit.
217 2244 253 2248 —
277 2227 366 2255 Primo
389 2226 577 2255 misericordia
598 2226 646 2255 Dei
668 2230 783 2263 apparet
805 2227 829 2254 in
856 2227 993 2264 gratuitae

148 2274 307 2303 vocationis
329 2274 491 2307 instantia-,·
512 2274 585 2303 unde
601 2274 727 2302 Matthaei
747 2274 857 2302 non03:
882 2274 993 2302 Miseri-

146 2322 280 2350 cordiam
301 2321 380 2355 voto,
403 2325 428 2349 et·
449 2330 507 2349 non
528 2321 730 2354 sacrificium&
751 2330 810 2349 non
832 2322 907 2349 enim
930 2321 995 2350 roeni

146 2377 250 2397 vocare
272 2368 380 2402 iustos,
402 2368 452 2396 sed
472 2372 636 2405 peccatores
664 2368 696 2396 acl
719 2368 924 2405 poenitentiam.
947 2368 994 2396 Mi-

147 2415 265 2444 sericors
286 2416 372 2449 Deus,
397 2415 459 2443 licet
489 2423 505 2443 a
537 2415 729 2451 peccatoribus
752 2416 870 2451 turpiter
902 2418 994 2443 conte-

147 2466 275 2496 mnatur,
299 2466 388 2491 tamen
411 2471 463 2491 non
486 2462 651 2500 dedignatur
674 2462 784 2491 mittere
799 2463 894 2491 Filium
911 2470 993 2491 suum

147 2513 174 2537 et
195 2510 229 2537 ab
250 2509 288 2538 eis
311 2509 388 2546 prius
410 2512 504 2546 petere
525 2517 619 2546 pacem
642 2517 691 2546 per
712 2509 869 2538 instantiam
889 2509 994 2546 gratui-

149 2560 191 2585 tae
214 2557 377 2590 vocationis,
399 2564 431 2585 eo
453 2556 526 2593 quod
548 2556 655 2584 avidius
676 2559 751 2592 optat
774 2559 894 2584 nostram
922 2556 994 2584 salu-

149 2606 202 2632 tem
226 2611 308 2640 quam
330 2603 442 2640 aliquod
467 2603 642 2632 sacrificium.
665 2603 853 2639 Gregorius&
880 2614 893 2627 «
910 2603 995 2631 Debe-

149 2658 211 2678 mus
232 2651 327 2679 saltem
352 2651 478 2687 pietatem
501 2650 624 2679 vocantis
644 2650 818 2684 erubescere,
840 2650 862 2678 si
877 2650 938 2679 eius
954 2650 995 2678 iu-

1049 439 1151 467 stitiam
1172 439 1304 467 nolumus
1324 439 1489 474 formidarc3
1511 441 1577 477 quia
1600 444 1673 470 tanto
1701 443 1820 479 graviori
1846 444 1896 472 im-

1049 485 1186 522 probitate
1207 486 1403 520 contemnitur,
1425 490 1529 523 quanto
1550 490 1577 515 et
1605 492 1778 525 contemptus
1806 490 1896 519 adhuc

1050 540 1148 561 vocare
1176 540 1229 561 non
1258 532 1461 569 dedignatur».
1484 550 1521 553 —-
1549 534 1705 569 Carissimi,
1730 537 1896 573 accipiamus

1049 579 1209 616 exemplum
1232 582 1323 608 tantae
1344 580 1521 617 benignitatis
1542 584 1569 609 et
1591 582 1793 612 misericordiae
1808 588 1835 612 et
1850 592 1896 621 pe-

1050 629 1140 655 tamus
1161 626 1241 663 prius
1262 635 1356 663 pacem
1378 627 1413 655 ab
1436 627 1477 656 his
1499 628 1546 664 qui
1569 636 1618 657 nos
1640 634 1847 667 persequuntur
1869 635 1896 660 et

1049 673 1207 707 offendunt,
1230 673 1356 710 quamvis
1378 674 1460 710 culpa
1481 682 1534 702 non
1563 675 1598 703 sit
1626 683 1661 703 ex
1685 680 1761 712 parte
1787 681 1895 712 nostra;

1049 719 1127 756 quia,
1149 720 1301 748 secundum
1324 720 1498 757 Gregorium,
1526 733 1539 746 <c
1554 721 1690 750 bonarum
1707 724 1839 753 mentium
1855 729 1895 754 est

1049 766 1085 794 ibi
1108 766 1217 803 culpam
1239 774 1401 803 agnoscere,
1424 767 1470 795 ubi
1493 768 1576 804 culpa
1597 777 1650 797 non
1673 772 1714 797 est
1729 782 1754 797 n.
1778 771 1809 798 Et
1831 775 1896 800 tunc

1049 814 1199 842 induemur
1220 814 1327 842 viscera
1349 814 1553 843 misericordiae
1575 815 1646 843 sicut
1668 816 1725 844 veri
1754 820 1781 845 et
1806 818 1895 846 dilecti

1049 860 1096 888 filii
1120 861 1181 894 Dei,
1198 861 1284 889 Patris
1307 861 1525 896 misericordiae,
1548 862 1595 899 qui
1614 871 1669 899 per
1690 863 1804 892 viscera
1824 873 1897 893 snae

1050 907 1270 936 misericordiae
1291 908 1404 937 veniens
1424 917 1459 936 eac
1488 909 1568 937 cttto⁵
1597 910 1676 946 prius
1699 911 1773 947 petiit
1797 911 1896 940 nobis⁶

1050 962 1160 991 pacem,
1183 955 1304 983 vocando
1326 955 1359 983 ad
1381 956 1587 992 poenitentiam.

1127 1002 1252 1030 Secundo
1273 1006 1388 1039 apparet
1409 1003 1456 1031 Dei
1480 1003 1668 1032 misericordia
1693 1005 1718 1033 in
1748 1005 1897 1035 diuturnae

1049 1049 1270 1086 exspectationis
1290 1050 1434 1086 patientia
1442 1060 1451 1083 ;
1474 1050 1547 1079 uude
1568 1051 1743 1079 Threnorum
1777 1053 1895 1081 tertio⁷:

1049 1096 1268 1125 Misericordiae
1285 1097 1415 1131 Domini,
1438 1098 1510 1135 quiet
1531 1107 1589 1126 iton
1609 1107 1714 1127 sumtis
1736 1101 1881 1129 consumti
1888 1111 1897 1134 ;

1049 1143 1119 1181 quia
1141 1152 1199 1171 uon
1221 1142 1386 1180 defecerunt
1407 1144 1610 1173 miseret-tiones
1631 1146 1701 1174 eius.
1728 1147 1796 1175 Cum
1824 1148 1897 1176 enim

1050 1191 1132 1218 bomo
1146 1195 1250 1227 peccat,
1266 1191 1416 1219 iniuriatur
1434 1191 1556 1220 Creatori
1579 1200 1630 1221 suo
1645 1197 1672 1221 et
1690 1194 1770 1222 etiam
1788 1195 1897 1223 Filium

1051 1238 1103 1265 Dei
1124 1238 1154 1266 in
1176 1238 1324 1275 semetipso
1347 1238 1532 1276 crucisigyitss,
1555 1243 1581 1268 et
1605 1240 1663 1269 ideo
1684 1241 1775 1269 statim
1799 1242 1898 1279 dignus

1049 1287 1090 1313 est
1112 1285 1185 1313 totali
1209 1285 1408 1319 consumtione,
1431 1286 1480 1314 nisi
1504 1289 1576 1315 esset
1590 1287 1681 1316 divina
1698 1289 1897 1323 misericordia,

1049 1340 1120 1369 quae
1142 1332 1278 1369 patienter
1299 1335 1326 1361 et
1348 1333 1540 1370 longanimiter
1562 1339 1705 1371 exspectat
1727 1344 1804 1370 eum,
1820 1337 1898 1373 quasi

1049 1379 1242 1408 dissimulans
1259 1384 1381 1417 peccata
1402 1381 1482 1415 eins,·
1503 1382 1584 1418 quia,
1606 1382 1627 1410 si
1650 1383 1741 1411 statim
1775 1388 1899 1420 peccato-

1050 1434 1107 1454 rem
1131 1427 1257 1463 puniret,
1279 1430 1373 1463 postea
1395 1428 1438 1456 cui
1471 1433 1597 1464 parceret
1630 1438 1682 1458 non
1717 1430 1838 1459 liaberet.
1863 1448 1897 1451 —

1051 1473 1128 1510 Ergo,
1144 1473 1326 1507 dilectissimi,
1341 1475 1470 1511 exemplo
1484 1475 1592 1504 divinae
1608 1476 1820 1511 misericordiae,
1836 1486 1898 1514 pec-

1049 1524 1170 1549 catorem
1194 1521 1383 1557 supportantis
1405 1522 1540 1558 patienter
1562 1526 1589 1551 et
1603 1525 1790 1560 exspectantis
1806 1525 1898 1562 longa-

1050 1568 1170 1602 nimiter,
1193 1571 1390 1604 supportemus
1411 1569 1549 1604 defectus,
1571 1570 1643 1598 dura
1664 1571 1731 1599 facta
1758 1574 1786 1600 et
1813 1573 1898 1601 verba

1049 1614 1184 1647 aliorum,
1206 1622 1277 1651 quae
1299 1615 1378 1643 nobis
1399 1615 1560 1652 displicent;
1582 1624 1633 1645 nec
1655 1617 1745 1646 statim
1768 1626 1898 1654 prorum-

1050 1668 1148 1697 pamus
1170 1661 1195 1689 in
1219 1661 1287 1689 iram
1312 1669 1362 1690 nec
1390 1670 1566 1691 assumamus
1588 1663 1750 1699 vindictam,
1771 1665 1817 1694 sed
1840 1666 1898 1694 lon-

1049 1708 1195 1744 ganimiter
1206 1712 1401 1745 exspectemus
1413 1709 1472 1737 eius
1488 1710 1686 1739 correctionem
1700 1712 1896 1747 voluntariam3

1049 1755 1170 1792 alioquin
1193 1755 1351 1792 displiceret
1370 1756 1436 1790 Deo,
1459 1759 1486 1784 et
1509 1757 1659 1785 timendum
1681 1762 1760 1793 esset,
1776 1767 1809 1787 ne
1825 1760 1898 1788 Deus

1050 1801 1175 1830 similiter
1197 1802 1276 1831 nohis
1296 1802 1407 1831 faceret..

1128 1849 1221 1878 Tertio
1243 1853 1358 1886 apparet
1378 1850 1471 1879 divina
1493 1851 1681 1880 misericordia
1710 1853 1736 1881 in
1766 1853 1899 1890 benignae

1049 1896 1240 1933 snsceptionis
1255 1896 1413 1925 clementia.
1427 1898 1458 1926 Et
1473 1898 1632 1935 exemplum
1650 1899 1784 1929 habemus
1794 1900 1827 1929 de
1842 1901 1898 1929 silio

1050 1943 1180 1980 prodig03
1202 1944 1291 1972 Lucae
1306 1944 1412 1973 decimo
1433 1945 1530 1981 quinto
1543 1945 1568 1973 Ξ’;
1587 1946 1657 1973 Cum
1681 1951 1778 1975 dictem
1801 1946 1898 1976 (tdltuc

1050 1990 1131 2027 lonye
1152 1994 1239 2024 essct,
1262 1991 1333 2019 vidit
1355 1991 1437 2019 iilum
1456 1996 1543 2028 pater
1565 1992 1659 2029 ipsius
1685 1997 1709 2021 ct
1733 1994 1899 2022 misericor-

1050 2037 1101 2065 dia
1122 2041 1218 2066 motus
1239 2042 1295 2071 cst,
1318 2042 1343 2067 et
1364 2047 1525 2067 accurrens
1550 2040 1651 2068 cecidit
1678 2049 1766 2078 super
1794 2041 1899 2070 cottum

1050 2085 1112 2113 eius
1134 2088 1158 2113 et
1180 2085 1330 2113 osculatus
1351 2089 1391 2114 est
1412 2095 1486 2114 etim.
1507 2087 1589 2121 Ecce,
1612 2088 1684 2123 quod
1707 2088 1794 2122 Deus,
1815 2093 1900 2125 pater

1050 2133 1282 2167 misericordiae,
1295 2136 1409 2170 propter
1425 2134 1570 2162 horrorem
1587 2135 1800 2171 praeteritarum
1816 2136 1899 2164 foedi-

1050 2183 1138 2208 tatum
1162 2188 1214 2208 non
1237 2179 1341 2208 devitat
1361 2181 1530 2209 consortium
1553 2181 1591 2210 sic
1614 2182 1711 2218 perditi
1735 2182 1796 2216 filii,
1816 2183 1899 2211 immo

1051 2227 1201 2255 clementer
1223 2227 1338 2263 suscipit
1359 2235 1423 2256 eum
1445 2228 1478 2256 ad
1500 2228 1626 2256 osculum
1650 2229 1724 2265 pacis
1745 2232 1770 2257 et
1787 2237 1899 2258 concor-

1050 2274 1118 2302 diae.
1136 2274 1162 2302 ln
1179 2274 1259 2302 cuius
1274 2274 1383 2310 signum
1399 2275 1484 2309 iubet,
1497 2276 1519 2303 ei
1538 2276 1605 2304 tradi
1622 2276 1746 2304 anatum
1761 2277 1792 2305 in
1808 2285 1900 2305 mauu

1051 2321 1127 2354 eius,
1151 2321 1175 2349 id
1197 2324 1238 2349 est
1259 2321 1526 2350 confoederationem
1548 2330 1614 2351 suae
1638 2323 1854 2358 benevolentiae,
1875 2328 1901 2352 et

1051 2367 1247 2396 calceamenta
1268 2368 1299 2395 in
1317 2368 1451 2404 pedibu&
1475 2369 1500 2397 id
1516 2372 1556 2397 est
1571 2370 1687 2406 gratiam
1704 2370 1730 2398 in
1747 2371 1899 2406 effectibus,

1051 2418 1078 2443 et
1100 2415 1194 2443 vestiri
1216 2415 1290 2443 stota.
1309 2415 1428 2451 prima,
1451 2415 1476 2444 id
1499 2419 1541 2445 est
1562 2417 1669 2445 restitui
1693 2417 1719 2445 in
1749 2418 1899 2454 puritatem

1051 2462 1183 2498 pristinae
1205 2462 1386 2491 innocentiae.
1408 2463 1483 2491 Unde
1515 2463 1635 2492 notabile
1666 2467 1722 2498 est,
1754 2464 1828 2501 quod
1851 2465 1901 2493 iste

1052 2509 1142 2545 primo
1164 2509 1273 2537 videtur
1296 2509 1463 2545 poenituisse
1485 2510 1602 2546 quadam
1618 2514 1711 2539 coacta
1726 2511 1899 2546 necessitate,

1047 2559 1079 2592 ⁴et
1101 2558 1191 2584 tamen
1213 2555 1273 2584 eius
1295 2556 1462 2592 poenitentia
1482 2557 1538 2585 Deo
1565 2560 1676 2594 accepta
1704 2561 1753 2586 est.
1787 2559 1901 2595 Propter

1053 2602 1104 2631 hoc
1119 2602 1155 2631 ibi
1171 2602 1237 2631 dicit
1248 2603 1418 2640 Augustinus
1430 2604 1466 2631 1⁰:
1482 2604 1679 2641 Quaecumque
1695 2605 1842 2633 necessitas
1857 2613 1901 2633 co—

1052 2652 1097 2686 gat
1113 2652 1284 2685 peccatorem
1300 2650 1333 2678 ad
1349 2650 1556 2686 poenitentiam,
1573 2659 1623 2680 nec
1644 2651 1746 2687 peccati
1763 2652 1901 2688 quantitas

213 2783 220 2795 ¹
240 2784 269 2805 Ex
287 2783 395 2805 Vaticana
413 2787 434 2806 et
451 2783 496 2806 CD
508 2784 554 2805 EF.

213 2821 221 2834 ²
240 2822 305 2844 Vers.
323 2822 360 2843 36.

214 2859 223 2872 ³
240 2860 305 2882 Vers.
326 2861 360 2882 13.

212 2898 222 2911 ⁴¹
240 2898 301 2921 Libr.
319 2899 420 2927 Regulae
438 2902 524 2927 pastor.
542 2906 565 2927 p.
577 2900 609 2922 lll.
622 2906 641 2922 c.
654 2900 695 2926 ‘283
714 2906 763 2928 seq.
775 2901 885 2923 sententia
899 2901 996 2924 liabetur

152 2938 190 2960 Xl.
207 2938 304 2966 Registr.
323 2938 392 2966 Epist.
411 2937 447 2960 64.
466 2944 570 2966 respons.
587 2939 616 2960 ad
638 2939 671 2970 lt).
689 2939 798 2966 interrog.
815 2940 946 2967 Augustini.

214 2976 223 2989 ⁵
241 2977 369 3005 Respicitur
387 2977 440 2999 Luc.
463 2977 480 3005 1,
498 2977 535 2999 78.

1116 2783 1125 2796 ⁶
1143 2785 1173 2806 lta
1190 2784 1217 2811 F;
1238 2784 1345 2806 Vaticana
1362 2783 1388 2806 in
1405 2783 1460 2811 hoc,
1480 2785 1497 2806 D
1515 2784 1540 2806 in
1561 2784 1604 2807 hoc
1626 2784 1731 2812 witzindo;
1755 2786 1849 2807 sortasse
1871 2785 1901 2807 lc-

1054 2823 1157 2851 gendum
1175 2828 1190 2845 a
1208 2822 1281 2845 nobis.

1117 2861 1124 2873 ⁷
1143 2862 1210 2883 Vers.
1227 2862 1264 2883 22.

1116 2899 1125 2912 s
1142 2900 1272 2927 Respicitur
1288 2900 1357 2922 Hebr.
1376 2901 1401 2927 6,
1421 2901 1443 2922 6.
1460 2904 1481 2923 et
1499 2901 1551 2923 dein
1570 2902 1623 2928 Sap.
1646 2902 1679 2927 ti,
1697 2901 1734 2923 24.

1115 2938 1125 2950 ⁰
1145 2939 1208 2961 Vers.
1226 2939 1262 2961 ΞΟ.
1281 2945 1347 2967 seqq.
1366 2940 1453 2962 Deinde
1470 2939 1593 2967 respicitur
1610 2941 1633 2962 ll.
1651 2939 1703 2963 Cor.
1726 2941 1742 2968 l,
1762 2941 1783 2963 3.

1118 2978 1136 2990 ¹⁰
1153 2978 1198 3001 Cir.
1216 2979 1237 3000 ln
1256 2978 1315 3001 toan.
1332 2979 1420 3006 Evang.
1438 2981 1465 3000 tr.
1483 2979 1518 3001 33.
1537 2986 1559 3001 n.
1577 2980 1598 3001 8.

1913 537 2004 557 Hortatio.

1910 1005 2001 1032 Secundo,
2011 1011 2043 1029 pa-

1920 1031 1989 1048 tienter
2001 1034 2032 1048 ex-

1935 1054 2013 1076 spectat.

1915 1477 2007 1496 Hortauo.

1916 1853 1985 1875 Tertio,
1999 1854 2035 1872 cle-

1912 1878 1985 1895 menter
1996 1882 2036 1895 sus-

1945 1900 1960 1919 ci
1965 1901 1998 1924 pit.

1919 2464 2033 2483 Notandum.
