<?xml version="1.0" encoding="UTF-8"?>
<!DOCTYPE html PUBLIC "-//W3C//DTD XHTML 1.0 Transitional//EN"
    "http://www.w3.org/TR/xhtml1/DTD/xhtml1-transitional.dtd">
<html xmlns="http://www.w3.org/1999/xhtml" xml:lang="en" lang="en">
 <head>
  <title>
</title>
<meta http-equiv="Content-Type" content="text/html;charset=utf-8" />
  <meta name='ocr-system' content='tesseract 3.04.00' />
  <meta name='ocr-capabilities' content='ocr_page ocr_carea ocr_par ocr_line ocrx_word'/>
</head>
<body>
  <div class='ocr_page' id='page_1' title='image "./doctorisseraphic09bona_0443.png"; bbox 0 0 2243 3348; ppageno 0'>
   <div class='ocr_carea' id='block_1_1' title="bbox 20 1158 127 1181">
    <p class='ocr_par' dir='ltr' id='par_1_1' title="bbox 20 1158 127 1181">
     <span class='ocr_line' id='line_1_1' title="bbox 20 1158 127 1181; baseline -0.009 -4"><span class='ocrx_word' id='word_1_1' title='bbox 20 1167 22 1181; x_wconf 68' lang='lat'>2</span> <span class='ocrx_word' id='word_1_2' title='bbox 53 1158 127 1177; x_wconf 75' lang='lat' dir='ltr'>Divisio.</span> 
     </span>
    </p>
   </div>
   <div class='ocr_carea' id='block_1_2' title="bbox 19 2622 126 2689">
    <p class='ocr_par' dir='ltr' id='par_1_2' title="bbox 19 2622 126 2689">
     <span class='ocr_line' id='line_1_2' title="bbox 19 2622 126 2642; baseline 0.019 -2"><span class='ocrx_word' id='word_1_3' title='bbox 19 2622 62 2641; x_wconf 80' lang='lat' dir='ltr'>Pars</span> <span class='ocrx_word' id='word_1_4' title='bbox 73 2622 86 2641; x_wconf 88' lang='lat'>1.</span> <span class='ocrx_word' id='word_1_5' title='bbox 100 2623 126 2642; x_wconf 87' lang='lat' dir='ltr'>De</span> 
     </span>
     <span class='ocr_line' id='line_1_3' title="bbox 22 2645 119 2665; baseline 0.01 -1"><span class='ocrx_word' id='word_1_6' title='bbox 22 2645 119 2665; x_wconf 70' lang='lat' dir='ltr'>Salvator-is</span> 
     </span>
     <span class='ocr_line' id='line_1_4' title="bbox 20 2668 125 2689; baseline 0.029 -3"><span class='ocrx_word' id='word_1_7' title='bbox 20 2668 125 2689; x_wconf 82' lang='lat' dir='ltr'>hnmilitate.</span> 
     </span>
    </p>
   </div>
   <div class='ocr_carea' id='block_1_3' title="bbox 632 141 1413 175">
    <p class='ocr_par' dir='ltr' id='par_1_3' title="bbox 632 141 1413 175">
     <span class='ocr_line' id='line_1_5' title="bbox 632 141 1413 175; baseline 0.009 -7"><span class='ocrx_word' id='word_1_8' title='bbox 632 141 788 170; x_wconf 73' lang='lat' dir='ltr'>DOMINICA</span> <span class='ocrx_word' id='word_1_9' title='bbox 810 142 875 170; x_wconf 85' lang='lat' dir='ltr'>XVI.</span> <span class='ocrx_word' id='word_1_10' title='bbox 899 142 980 171; x_wconf 85' lang='lat' dir='ltr'>POST</span> <span class='ocrx_word' id='word_1_11' title='bbox 1001 143 1243 174; x_wconf 83' lang='lat' dir='ltr'>PENTECOSTEN.</span> <span class='ocrx_word' id='word_1_12' title='bbox 1266 146 1375 175; x_wconf 84' lang='lat' dir='ltr'><strong>SERMO</strong></span> <span class='ocrx_word' id='word_1_13' title='bbox 1397 147 1413 175; x_wconf 89' lang='grc' dir='ltr'>Ι.</span> 
     </span>
    </p>
   </div>
   <div class='ocr_carea' id='block_1_4' title="bbox 150 216 994 350">
    <p class='ocr_par' dir='ltr' id='par_1_4' title="bbox 150 216 994 350">
     <span class='ocr_line' id='line_1_6' title="bbox 151 216 994 255; baseline 0.006 -11"><span class='ocrx_word' id='word_1_14' title='bbox 151 216 284 245; x_wconf 89' lang='lat' dir='ltr'>mnndum</span> <span class='ocrx_word' id='word_1_15' title='bbox 306 217 510 253; x_wconf 82' lang='lat' dir='ltr'>angustiatnn];</span> <span class='ocrx_word' id='word_1_16' title='bbox 532 218 636 255; x_wconf 65' lang='lat' dir='ltr'>remila</span> <span class='ocrx_word' id='word_1_17' title='bbox 657 219 860 248; x_wconf 82' lang='lat' dir='ltr'>ordinatissima</span> <span class='ocrx_word' id='word_1_18' title='bbox 874 220 906 248; x_wconf 88' lang='lat' dir='ltr'>ad</span> <span class='ocrx_word' id='word_1_19' title='bbox 928 221 994 249; x_wconf 87' lang='lat' dir='ltr'>diri-</span> 
     </span>
     <span class='ocr_line' id='line_1_7' title="bbox 150 263 994 303; baseline 0.006 -12"><span class='ocrx_word' id='word_1_20' title='bbox 150 263 268 300; x_wconf 87' lang='lat' dir='ltr'>gendum</span> <span class='ocrx_word' id='word_1_21' title='bbox 291 263 425 292; x_wconf 88' lang='lat' dir='ltr'>mundum</span> <span class='ocrx_word' id='word_1_22' title='bbox 447 264 574 299; x_wconf 84' lang='lat' dir='ltr'>devium;</span> <span class='ocrx_word' id='word_1_23' title='bbox 602 266 773 303; x_wconf 66' lang='lat' dir='ltr'>margarita</span> <span class='ocrx_word' id='word_1_24' title='bbox 797 267 994 303; x_wconf 86' lang='lat' dir='ltr'>pretiosissima</span> 
     </span>
     <span class='ocr_line' id='line_1_8' title="bbox 150 309 993 350; baseline 0.006 -13"><span class='ocrx_word' id='word_1_25' title='bbox 150 309 182 338; x_wconf 83' lang='lat' dir='ltr'>ad</span> <span class='ocrx_word' id='word_1_26' title='bbox 216 309 426 338; x_wconf 79' lang='lat' dir='ltr'>confortandum</span> <span class='ocrx_word' id='word_1_27' title='bbox 459 311 592 340; x_wconf 88' lang='lat' dir='ltr'>mundum</span> <span class='ocrx_word' id='word_1_28' title='bbox 624 312 817 346; x_wconf 84' lang='lat' dir='ltr'>debilitatum;</span> <span class='ocrx_word' id='word_1_29' title='bbox 847 314 993 350; x_wconf 74' lang='lat' dir='ltr'><em>sapientia</em></span> 
     </span>
    </p>
   </div>
   <div class='ocr_carea' id='block_1_5' title="bbox 1837 152 1892 180">
    <p class='ocr_par' dir='ltr' id='par_1_5' title="bbox 1837 152 1892 180">
     <span class='ocr_line' id='line_1_9' title="bbox 1837 152 1892 180; baseline 0 0"><span class='ocrx_word' id='word_1_30' title='bbox 1837 152 1892 180; x_wconf 70' lang='lat'>415</span> 
     </span>
    </p>
   </div>
   <div class='ocr_carea' id='block_1_6' title="bbox 1050 223 1893 354">
    <p class='ocr_par' dir='ltr' id='par_1_6' title="bbox 1050 223 1893 354">
     <span class='ocr_line' id='line_1_10' title="bbox 1051 223 1893 261; baseline 0.008 -11"><span class='ocrx_word' id='word_1_31' title='bbox 1051 225 1162 251; x_wconf 87' lang='lat' dir='ltr'>aeterna</span> <span class='ocrx_word' id='word_1_32' title='bbox 1183 223 1216 251; x_wconf 90' lang='lat' dir='ltr'>ad</span> <span class='ocrx_word' id='word_1_33' title='bbox 1239 224 1405 260; x_wconf 84' lang='lat' dir='ltr'>pascendum</span> <span class='ocrx_word' id='word_1_34' title='bbox 1427 226 1561 254; x_wconf 88' lang='lat' dir='ltr'>mundum</span> <span class='ocrx_word' id='word_1_35' title='bbox 1584 226 1754 261; x_wconf 77' lang='lat' dir='ltr'>famelieum;</span> <span class='ocrx_word' id='word_1_36' title='bbox 1772 228 1830 257; x_wconf 78' lang='lat' dir='ltr'>vita</span> <span class='ocrx_word' id='word_1_37' title='bbox 1852 229 1893 257; x_wconf 88' lang='lat' dir='ltr'>in-</span> 
     </span>
     <span class='ocr_line' id='line_1_11' title="bbox 1050 268 1891 304; baseline 0.01 -8"><span class='ocrx_word' id='word_1_38' title='bbox 1050 268 1269 298; x_wconf 87' lang='lat' dir='ltr'>deficientissima</span> <span class='ocrx_word' id='word_1_39' title='bbox 1301 270 1332 299; x_wconf 87' lang='lat' dir='ltr'>ad</span> <span class='ocrx_word' id='word_1_40' title='bbox 1366 272 1553 300; x_wconf 85' lang='lat' dir='ltr'>suscitandum</span> <span class='ocrx_word' id='word_1_41' title='bbox 1584 273 1718 301; x_wconf 85' lang='lat' dir='ltr'>mundum</span> <span class='ocrx_word' id='word_1_42' title='bbox 1750 278 1891 304; x_wconf 89' lang='lat' dir='ltr'>mortuum</span> 
     </span>
     <span class='ocr_line' id='line_1_12' title="bbox 1050 316 1542 354; baseline 0.008 -11"><span class='ocrx_word' id='word_1_43' title='bbox 1050 319 1163 352; x_wconf 86' lang='lat' dir='ltr'>propter</span> <span class='ocrx_word' id='word_1_44' title='bbox 1185 316 1306 352; x_wconf 87' lang='lat' dir='ltr'>primum</span> <span class='ocrx_word' id='word_1_45' title='bbox 1328 320 1469 354; x_wconf 80' lang='lat' dir='ltr'>peecatum</span> <span class='ocrx_word' id='word_1_46' title='bbox 1492 322 1542 347; x_wconf 81' lang='lat' dir='ltr'>etc.</span> 
     </span>
    </p>
   </div>
   <div class='ocr_carea' id='block_1_7' title="bbox 626 436 1416 471">
    <p class='ocr_par' dir='ltr' id='par_1_7' title="bbox 626 436 1416 471">
     <span class='ocr_line' id='line_1_13' title="bbox 626 436 1416 471; baseline 0.009 -7"><span class='ocrx_word' id='word_1_47' title='bbox 626 436 781 465; x_wconf 81' lang='lat' dir='ltr'>DOMlNlCA</span> <span class='ocrx_word' id='word_1_48' title='bbox 804 437 923 466; x_wconf 74' lang='lat' dir='ltr'>DEClMA</span> <span class='ocrx_word' id='word_1_49' title='bbox 946 438 1049 467; x_wconf 81' lang='lat' dir='ltr'>SEXTA</span> <span class='ocrx_word' id='word_1_50' title='bbox 1072 439 1153 468; x_wconf 87' lang='lat' dir='ltr'><strong>POST</strong></span> <span class='ocrx_word' id='word_1_51' title='bbox 1177 440 1416 471; x_wconf 84' lang='lat' dir='ltr'><strong>PENTECOSTEN.</strong></span> 
     </span>
    </p>
   </div>
   <div class='ocr_carea' id='block_1_8' title="bbox 493 544 646 573">
    <p class='ocr_par' dir='ltr' id='par_1_8' title="bbox 493 544 646 573">
     <span class='ocr_line' id='line_1_14' title="bbox 493 544 646 573; baseline 0 -1"><span class='ocrx_word' id='word_1_52' title='bbox 493 544 584 573; x_wconf 73' lang='lat' dir='ltr'>Sanno</span> <span class='ocrx_word' id='word_1_53' title='bbox 607 545 614 572; x_wconf 94' lang='lat' dir='ltr'>l</span> <span class='ocrx_word' id='word_1_54' title='bbox 627 546 646 572; x_wconf 89' lang='lat'>¹.</span> 
     </span>
    </p>
   </div>
   <div class='ocr_carea' id='block_1_9' title="bbox 142 637 993 2696">
    <p class='ocr_par' dir='ltr' id='par_1_9' title="bbox 147 637 992 721">
     <span class='ocr_line' id='line_1_15' title="bbox 224 637 992 675; baseline 0.003 -9"><span class='ocrx_word' id='word_1_55' title='bbox 224 638 288 675; x_wconf 83' lang='lat' dir='ltr'>Ipse</span> <span class='ocrx_word' id='word_1_56' title='bbox 307 646 374 666; x_wconf 83' lang='lat' dir='ltr'>vero</span> <span class='ocrx_word' id='word_1_57' title='bbox 396 637 611 674; x_wconf 76' lang='lat' dir='ltr'>apprehensam</span> <span class='ocrx_word' id='word_1_58' title='bbox 631 639 750 666; x_wconf 77' lang='lat' dir='ltr'>sanavit</span> <span class='ocrx_word' id='word_1_59' title='bbox 771 647 834 666; x_wconf 80' lang='lat' dir='ltr'>enm</span> <span class='ocrx_word' id='word_1_60' title='bbox 858 648 893 667; x_wconf 81' lang='lat' dir='ltr'>ae</span> <span class='ocrx_word' id='word_1_61' title='bbox 908 640 992 668; x_wconf 79' lang='lat' dir='ltr'>(limi-</span> 
     </span>
     <span class='ocr_line' id='line_1_16' title="bbox 147 685 589 721; baseline -0.002 -8"><span class='ocrx_word' id='word_1_62' title='bbox 147 685 199 719; x_wconf 80' lang='lat' dir='ltr'>sit,</span> <span class='ocrx_word' id='word_1_63' title='bbox 223 685 317 714; x_wconf 51' lang='lat' dir='ltr'>Lucae«</span> <span class='ocrx_word' id='word_1_64' title='bbox 331 685 436 713; x_wconf 84' lang='lat' dir='ltr'>decimo</span> <span class='ocrx_word' id='word_1_65' title='bbox 457 687 558 721; x_wconf 86' lang='lat' dir='ltr'>quarto</span> <span class='ocrx_word' id='word_1_66' title='bbox 569 685 589 712; x_wconf 81' lang='lat'>2.</span> 
     </span>
    </p>

    <p class='ocr_par' dir='ltr' id='par_1_10' title="bbox 142 731 993 2602">
     <span class='ocr_line' id='line_1_17' title="bbox 224 731 993 768; baseline 0.001 -8"><span class='ocrx_word' id='word_1_67' title='bbox 224 732 294 768; x_wconf 84' lang='lat' dir='ltr'>Quia.</span> <span class='ocrx_word' id='word_1_68' title='bbox 317 731 526 760; x_wconf 83' lang='lat' dir='ltr'>Pharisaeorum</span> <span class='ocrx_word' id='word_1_69' title='bbox 549 731 650 760; x_wconf 82' lang='lat' dir='ltr'>iudicio</span> <span class='ocrx_word' id='word_1_70' title='bbox 682 735 708 760; x_wconf 88' lang='lat' dir='ltr'>et</span> <span class='ocrx_word' id='word_1_71' title='bbox 740 733 914 768; x_wconf 88' lang='lat' dir='ltr'>reputatione</span> <span class='ocrx_word' id='word_1_72' title='bbox 944 733 993 761; x_wconf 89' lang='lat' dir='ltr'>bos</span> 
     </span>
     <span class='ocr_line' id='line_1_18' title="bbox 148 778 993 815; baseline 0 -8"><span class='ocrx_word' id='word_1_73' title='bbox 148 779 190 808; x_wconf 90' lang='lat' dir='ltr'>vel</span> <span class='ocrx_word' id='word_1_74' title='bbox 211 779 305 807; x_wconf 88' lang='lat' dir='ltr'>asinus</span> <span class='ocrx_word' id='word_1_75' title='bbox 327 786 412 807; x_wconf 89' lang='lat' dir='ltr'>ruens</span> <span class='ocrx_word' id='word_1_76' title='bbox 433 779 459 806; x_wconf 91' lang='lat' dir='ltr'>in</span> <span class='ocrx_word' id='word_1_77' title='bbox 481 778 586 807; x_wconf 79' lang='lat' dir='ltr'>foveam</span> <span class='ocrx_word' id='word_1_78' title='bbox 609 779 719 807; x_wconf 79' lang='lat' dir='ltr'>extrahi</span> <span class='ocrx_word' id='word_1_79' title='bbox 742 782 849 815; x_wconf 86' lang='lat' dir='ltr'>poterat</span> <span class='ocrx_word' id='word_1_80' title='bbox 869 779 912 807; x_wconf 90' lang='lat' dir='ltr'>die</span> <span class='ocrx_word' id='word_1_81' title='bbox 928 779 993 807; x_wconf 87' lang='lat' dir='ltr'>Sab-</span> 
     </span>
     <span class='ocr_line' id='line_1_19' title="bbox 146 825 992 862; baseline -0.001 -8"><span class='ocrx_word' id='word_1_82' title='bbox 146 826 200 855; x_wconf 88' lang='lat' dir='ltr'>bati</span> <span class='ocrx_word' id='word_1_83' title='bbox 223 825 281 854; x_wconf 86' lang='lat' dir='ltr'>sine</span> <span class='ocrx_word' id='word_1_84' title='bbox 303 826 379 862; x_wconf 87' lang='lat' dir='ltr'>Legis</span> <span class='ocrx_word' id='word_1_85' title='bbox 400 826 633 862; x_wconf 86' lang='lat' dir='ltr'>transgressione;</span> <span class='ocrx_word' id='word_1_86' title='bbox 656 825 719 853; x_wconf 82' lang='lat' dir='ltr'>hine</span> <span class='ocrx_word' id='word_1_87' title='bbox 741 828 791 859; x_wconf 88' lang='lat' dir='ltr'>est,</span> <span class='ocrx_word' id='word_1_88' title='bbox 813 825 885 861; x_wconf 88' lang='lat' dir='ltr'>quod</span> <span class='ocrx_word' id='word_1_89' title='bbox 901 825 992 854; x_wconf 89' lang='lat' dir='ltr'>Domi—</span> 
     </span>
     <span class='ocr_line' id='line_1_20' title="bbox 146 872 993 909; baseline -0.001 -8"><span class='ocrx_word' id='word_1_90' title='bbox 146 881 198 902; x_wconf 87' lang='lat' dir='ltr'>nus</span> <span class='ocrx_word' id='word_1_91' title='bbox 219 875 312 901; x_wconf 88' lang='lat' dir='ltr'>noster</span> <span class='ocrx_word' id='word_1_92' title='bbox 334 873 359 900; x_wconf 93' lang='lat' dir='ltr'>in</span> <span class='ocrx_word' id='word_1_93' title='bbox 383 872 516 901; x_wconf 89' lang='lat' dir='ltr'>hodierno</span> <span class='ocrx_word' id='word_1_94' title='bbox 538 872 696 909; x_wconf 80' lang='lat' dir='ltr'>Evangelio,</span> <span class='ocrx_word' id='word_1_95' title='bbox 712 880 761 908; x_wconf 88' lang='lat' dir='ltr'>per</span> <span class='ocrx_word' id='word_1_96' title='bbox 776 872 864 901; x_wconf 89' lang='lat' dir='ltr'>simile</span> <span class='ocrx_word' id='word_1_97' title='bbox 879 872 993 900; x_wconf 85' lang='lat' dir='ltr'>efficaci-</span> 
     </span>
     <span class='ocr_line' id='line_1_21' title="bbox 146 919 991 956; baseline -0.002 -7"><span class='ocrx_word' id='word_1_98' title='bbox 146 923 187 949; x_wconf 83' lang='lat' dir='ltr'>ter</span> <span class='ocrx_word' id='word_1_99' title='bbox 208 927 328 956; x_wconf 86' lang='lat' dir='ltr'>arguens</span> <span class='ocrx_word' id='word_1_100' title='bbox 348 928 364 948; x_wconf 86' lang='lat' dir='ltr'>a</span> <span class='ocrx_word' id='word_1_101' title='bbox 385 919 501 953; x_wconf 87' lang='lat' dir='ltr'>minori,</span> <span class='ocrx_word' id='word_1_102' title='bbox 523 919 656 953; x_wconf 76' lang='lat' dir='ltr'>ostendit,</span> <span class='ocrx_word' id='word_1_103' title='bbox 678 927 707 948; x_wconf 87' lang='lat' dir='ltr'>se</span> <span class='ocrx_word' id='word_1_104' title='bbox 722 919 809 947; x_wconf 87' lang='lat' dir='ltr'>multo</span> <span class='ocrx_word' id='word_1_105' title='bbox 823 919 923 947; x_wconf 83' lang='lat' dir='ltr'>fortius</span> <span class='ocrx_word' id='word_1_106' title='bbox 938 927 991 947; x_wconf 90' lang='lat' dir='ltr'>non</span> 
     </span>
     <span class='ocr_line' id='line_1_22' title="bbox 147 966 991 1003; baseline -0.001 -8"><span class='ocrx_word' id='word_1_107' title='bbox 147 967 253 996; x_wconf 87' lang='lat' dir='ltr'>solvere</span> <span class='ocrx_word' id='word_1_108' title='bbox 274 966 422 998; x_wconf 84' lang='lat' dir='ltr'>Sabbatum</span> <span class='ocrx_word' id='word_1_109' title='bbox 445 966 471 994; x_wconf 92' lang='lat' dir='ltr'>in</span> <span class='ocrx_word' id='word_1_110' title='bbox 491 966 611 1003; x_wconf 79' lang='lat' dir='ltr'>languidi</span> <span class='ocrx_word' id='word_1_111' title='bbox 628 966 747 994; x_wconf 89' lang='lat' dir='ltr'>hominis</span> <span class='ocrx_word' id='word_1_112' title='bbox 761 966 913 1000; x_wconf 77' lang='lat' dir='ltr'>curatione,</span> <span class='ocrx_word' id='word_1_113' title='bbox 928 973 991 994; x_wconf 78' lang='lat' dir='ltr'>eum</span> 
     </span>
     <span class='ocr_line' id='line_1_23' title="bbox 147 1012 991 1050; baseline -0.004 -7"><span class='ocrx_word' id='word_1_114' title='bbox 147 1014 220 1043; x_wconf 86' lang='lat' dir='ltr'>salus</span> <span class='ocrx_word' id='word_1_115' title='bbox 243 1014 360 1042; x_wconf 87' lang='lat' dir='ltr'>bominis</span> <span class='ocrx_word' id='word_1_116' title='bbox 381 1013 559 1050; x_wconf 83' lang='lat' dir='ltr'>praeferenda</span> <span class='ocrx_word' id='word_1_117' title='bbox 582 1013 616 1041; x_wconf 88' lang='lat' dir='ltr'>sit</span> <span class='ocrx_word' id='word_1_118' title='bbox 637 1013 718 1041; x_wconf 88' lang='lat' dir='ltr'>saluti</span> <span class='ocrx_word' id='word_1_119' title='bbox 751 1013 829 1041; x_wconf 85' lang='lat' dir='ltr'>bovis</span> <span class='ocrx_word' id='word_1_120' title='bbox 859 1017 886 1041; x_wconf 84' lang='lat' dir='ltr'>et</span> <span class='ocrx_word' id='word_1_121' title='bbox 913 1012 991 1041; x_wconf 84' lang='lat' dir='ltr'>asini.</span> 
     </span>
     <span class='ocr_line' id='line_1_24' title="bbox 147 1060 992 1097; baseline -0.004 -7"><span class='ocrx_word' id='word_1_122' title='bbox 147 1061 221 1090; x_wconf 87' lang='lat' dir='ltr'>Unde</span> <span class='ocrx_word' id='word_1_123' title='bbox 241 1061 274 1090; x_wconf 88' lang='lat' dir='ltr'>ad</span> <span class='ocrx_word' id='word_1_124' title='bbox 296 1060 510 1089; x_wconf 83' lang='lat' dir='ltr'>confutationem</span> <span class='ocrx_word' id='word_1_125' title='bbox 533 1060 709 1097; x_wconf 72' lang='lat' dir='ltr'>malignitatis</span> <span class='ocrx_word' id='word_1_126' title='bbox 730 1063 757 1088; x_wconf 87' lang='lat' dir='ltr'>et</span> <span class='ocrx_word' id='word_1_127' title='bbox 772 1060 933 1088; x_wconf 81' lang='lat' dir='ltr'>versutiae⁵</span> <span class='ocrx_word' id='word_1_128' title='bbox 950 1060 992 1088; x_wconf 90' lang='lat' dir='ltr'>lu-</span> 
     </span>
     <span class='ocr_line' id='line_1_25' title="bbox 146 1107 992 1143; baseline -0.002 -6"><span class='ocrx_word' id='word_1_129' title='bbox 146 1108 277 1137; x_wconf 88' lang='lat' dir='ltr'>daeorum</span> <span class='ocrx_word' id='word_1_130' title='bbox 300 1108 353 1136; x_wconf 90' lang='lat' dir='ltr'>tria</span> <span class='ocrx_word' id='word_1_131' title='bbox 374 1108 475 1136; x_wconf 90' lang='lat' dir='ltr'>dantur</span> <span class='ocrx_word' id='word_1_132' title='bbox 497 1107 576 1136; x_wconf 88' lang='lat' dir='ltr'>nobis</span> <span class='ocrx_word' id='word_1_133' title='bbox 607 1107 719 1143; x_wconf 78' lang='lat' dir='ltr'>intelligi</span> <span class='ocrx_word' id='word_1_134' title='bbox 752 1107 785 1136; x_wconf 88' lang='lat' dir='ltr'>de</span> <span class='ocrx_word' id='word_1_135' title='bbox 816 1107 876 1143; x_wconf 92' lang='lat' dir='ltr'>ipso</span> <span class='ocrx_word' id='word_1_136' title='bbox 907 1107 992 1135; x_wconf 85' lang='lat' dir='ltr'>verbo</span> 
     </span>
     <span class='ocr_line' id='line_1_26' title="bbox 146 1153 992 1192; baseline -0.002 -8"><span class='ocrx_word' id='word_1_137' title='bbox 146 1155 294 1192; x_wconf 77' lang='lat' dir='ltr'>proposito.</span> <span class='ocrx_word' id='word_1_138' title='bbox 317 1155 438 1183; x_wconf 83' lang='lat' dir='ltr'>Primum</span> <span class='ocrx_word' id='word_1_139' title='bbox 461 1157 502 1183; x_wconf 90' lang='lat' dir='ltr'>est</span> <span class='ocrx_word' id='word_1_140' title='bbox 523 1153 675 1182; x_wconf 69' lang='lat' dir='ltr'>humilitas</span> <span class='ocrx_word' id='word_1_141' title='bbox 697 1154 723 1182; x_wconf 90' lang='lat' dir='ltr'>in</span> <span class='ocrx_word' id='word_1_142' title='bbox 747 1154 882 1190; x_wconf 87' lang='lat' dir='ltr'>tangendo</span> <span class='ocrx_word' id='word_1_143' title='bbox 903 1157 928 1182; x_wconf 88' lang='lat' dir='ltr'>et</span> <span class='ocrx_word' id='word_1_144' title='bbox 944 1162 992 1190; x_wconf 88' lang='lat' dir='ltr'>ap-</span> 
     </span>
     <span class='ocr_line' id='line_1_27' title="bbox 146 1201 991 1239; baseline -0.002 -8"><span class='ocrx_word' id='word_1_145' title='bbox 146 1201 341 1239; x_wconf 88' lang='lat' dir='ltr'>prehendendo</span> <span class='ocrx_word' id='word_1_146' title='bbox 362 1201 520 1235; x_wconf 79' lang='lat' dir='ltr'>infirmnm3</span> <span class='ocrx_word' id='word_1_147' title='bbox 543 1201 695 1230; x_wconf 82' lang='lat' dir='ltr'>seeundum</span> <span class='ocrx_word' id='word_1_148' title='bbox 719 1204 760 1229; x_wconf 81' lang='lat' dir='ltr'>est</span> <span class='ocrx_word' id='word_1_149' title='bbox 778 1201 949 1229; x_wconf 79' lang='lat' dir='ltr'>virtuositas</span> <span class='ocrx_word' id='word_1_150' title='bbox 964 1201 991 1229; x_wconf 94' lang='lat' dir='ltr'>in</span> 
     </span>
     <span class='ocr_line' id='line_1_28' title="bbox 145 1248 992 1282; baseline -0.002 -4"><span class='ocrx_word' id='word_1_151' title='bbox 145 1248 266 1278; x_wconf 81' lang='lat' dir='ltr'>curando</span> <span class='ocrx_word' id='word_1_152' title='bbox 287 1248 347 1277; x_wconf 87' lang='lat' dir='ltr'>eius</span> <span class='ocrx_word' id='word_1_153' title='bbox 367 1248 512 1282; x_wconf 82' lang='lat' dir='ltr'>morbum;</span> <span class='ocrx_word' id='word_1_154' title='bbox 536 1248 647 1276; x_wconf 89' lang='lat' dir='ltr'>tertium</span> <span class='ocrx_word' id='word_1_155' title='bbox 671 1251 711 1276; x_wconf 88' lang='lat' dir='ltr'>est</span> <span class='ocrx_word' id='word_1_156' title='bbox 733 1248 894 1276; x_wconf 71' lang='lat' dir='ltr'>liberalitas</span> <span class='ocrx_word' id='word_1_157' title='bbox 910 1248 935 1276; x_wconf 96' lang='lat' dir='ltr'>in</span> <span class='ocrx_word' id='word_1_158' title='bbox 951 1248 992 1276; x_wconf 91' lang='lat' dir='ltr'>di-</span> 
     </span>
     <span class='ocr_line' id='line_1_29' title="bbox 145 1295 990 1332; baseline -0.001 -8"><span class='ocrx_word' id='word_1_159' title='bbox 145 1295 276 1324; x_wconf 88' lang='lat' dir='ltr'>mittendo</span> <span class='ocrx_word' id='word_1_160' title='bbox 298 1303 360 1324; x_wconf 90' lang='lat' dir='ltr'>eum</span> <span class='ocrx_word' id='word_1_161' title='bbox 384 1295 460 1323; x_wconf 84' lang='lat' dir='ltr'>abire</span> <span class='ocrx_word' id='word_1_162' title='bbox 482 1295 615 1329; x_wconf 86' lang='lat' dir='ltr'>liberum,</span> <span class='ocrx_word' id='word_1_163' title='bbox 637 1299 668 1323; x_wconf 89' lang='lat' dir='ltr'>ut</span> <span class='ocrx_word' id='word_1_164' title='bbox 690 1295 728 1323; x_wconf 87' lang='lat' dir='ltr'>sic</span> <span class='ocrx_word' id='word_1_165' title='bbox 743 1303 792 1332; x_wconf 85' lang='lat' dir='ltr'>per</span> <span class='ocrx_word' id='word_1_166' title='bbox 807 1295 990 1323; x_wconf 71' lang='lat' dir='ltr'>humilitatem</span> 
     </span>
     <span class='ocr_line' id='line_1_30' title="bbox 145 1342 990 1378; baseline -0.001 -7"><span class='ocrx_word' id='word_1_167' title='bbox 145 1342 266 1371; x_wconf 78' lang='lat' dir='ltr'>confutet</span> <span class='ocrx_word' id='word_1_168' title='bbox 287 1342 449 1371; x_wconf 89' lang='lat' dir='ltr'>ludaeorum</span> <span class='ocrx_word' id='word_1_169' title='bbox 473 1342 642 1378; x_wconf 86' lang='lat' dir='ltr'>superbiam,</span> <span class='ocrx_word' id='word_1_170' title='bbox 665 1350 713 1378; x_wconf 86' lang='lat' dir='ltr'>per</span> <span class='ocrx_word' id='word_1_171' title='bbox 729 1342 930 1371; x_wconf 80' lang='lat' dir='ltr'>virtuositatem</span> <span class='ocrx_word' id='word_1_172' title='bbox 947 1350 990 1370; x_wconf 87' lang='lat' dir='ltr'>eo-</span> 
     </span>
     <span class='ocr_line' id='line_1_31' title="bbox 145 1389 990 1426; baseline -0.002 -7"><span class='ocrx_word' id='word_1_173' title='bbox 145 1398 207 1419; x_wconf 87' lang='lat' dir='ltr'>rum</span> <span class='ocrx_word' id='word_1_174' title='bbox 229 1389 376 1423; x_wconf 75' lang='lat' dir='ltr'>desidiam,</span> <span class='ocrx_word' id='word_1_175' title='bbox 408 1397 457 1426; x_wconf 88' lang='lat' dir='ltr'>per</span> <span class='ocrx_word' id='word_1_176' title='bbox 479 1389 670 1418; x_wconf 73' lang='lat' dir='ltr'>liberalitatem</span> <span class='ocrx_word' id='word_1_177' title='bbox 702 1397 798 1418; x_wconf 86' lang='lat' dir='ltr'>eornm</span> <span class='ocrx_word' id='word_1_178' title='bbox 833 1389 990 1426; x_wconf 82' lang='lat' dir='ltr'>perfidiam,</span> 
     </span>
     <span class='ocr_line' id='line_1_32' title="bbox 146 1436 992 1474; baseline -0.001 -9"><span class='ocrx_word' id='word_1_179' title='bbox 146 1445 208 1466; x_wconf 83' lang='lat' dir='ltr'>eum</span> <span class='ocrx_word' id='word_1_180' title='bbox 230 1437 279 1474; x_wconf 86' lang='lat' dir='ltr'>ipsi</span> <span class='ocrx_word' id='word_1_181' title='bbox 304 1445 356 1465; x_wconf 93' lang='lat' dir='ltr'>non</span> <span class='ocrx_word' id='word_1_182' title='bbox 379 1436 560 1473; x_wconf 70' lang='lat' dir='ltr'>dignarentur</span> <span class='ocrx_word' id='word_1_183' title='bbox 583 1444 645 1465; x_wconf 91' lang='lat' dir='ltr'>eum</span> <span class='ocrx_word' id='word_1_184' title='bbox 663 1440 784 1473; x_wconf 85' lang='lat' dir='ltr'>tangere,</span> <span class='ocrx_word' id='word_1_185' title='bbox 800 1444 850 1465; x_wconf 88' lang='lat' dir='ltr'>nec</span> <span class='ocrx_word' id='word_1_186' title='bbox 865 1439 992 1473; x_wconf 80' lang='lat' dir='ltr'>poterant</span> 
     </span>
     <span class='ocr_line' id='line_1_33' title="bbox 146 1483 990 1520; baseline -0.001 -7"><span class='ocrx_word' id='word_1_187' title='bbox 146 1492 259 1518; x_wconf 83' lang='lat' dir='ltr'>curare,</span> <span class='ocrx_word' id='word_1_188' title='bbox 281 1492 331 1512; x_wconf 89' lang='lat' dir='ltr'>nec</span> <span class='ocrx_word' id='word_1_189' title='bbox 354 1484 454 1512; x_wconf 85' lang='lat' dir='ltr'>vellent</span> <span class='ocrx_word' id='word_1_190' title='bbox 476 1484 603 1512; x_wconf 84' lang='lat' dir='ltr'>liberare.</span> <span class='ocrx_word' id='word_1_191' title='bbox 627 1484 657 1512; x_wconf 85' lang='lat' dir='ltr'>Et</span> <span class='ocrx_word' id='word_1_192' title='bbox 679 1484 744 1520; x_wconf 85' lang='lat' dir='ltr'>quia</span> <span class='ocrx_word' id='word_1_193' title='bbox 765 1492 813 1520; x_wconf 86' lang='lat' dir='ltr'>per</span> <span class='ocrx_word' id='word_1_194' title='bbox 835 1484 887 1512; x_wconf 85' lang='lat' dir='ltr'>ista</span> <span class='ocrx_word' id='word_1_195' title='bbox 907 1483 990 1517; x_wconf 82' lang='lat' dir='ltr'>faeta,</span> 
     </span>
     <span class='ocr_line' id='line_1_34' title="bbox 145 1530 990 1568; baseline -0.002 -8"><span class='ocrx_word' id='word_1_196' title='bbox 145 1538 215 1568; x_wconf 84' lang='lat' dir='ltr'>quae</span> <span class='ocrx_word' id='word_1_197' title='bbox 235 1531 319 1567; x_wconf 81' lang='lat' dir='ltr'>gessit</span> <span class='ocrx_word' id='word_1_198' title='bbox 340 1530 467 1559; x_wconf 87' lang='lat' dir='ltr'>Christus</span> <span class='ocrx_word' id='word_1_199' title='bbox 489 1531 614 1560; x_wconf 82' lang='lat' dir='ltr'>exterius</span> <span class='ocrx_word' id='word_1_200' title='bbox 636 1531 662 1559; x_wconf 94' lang='lat' dir='ltr'>in</span> <span class='ocrx_word' id='word_1_201' title='bbox 690 1538 821 1567; x_wconf 88' lang='lat' dir='ltr'>corpore,</span> <span class='ocrx_word' id='word_1_202' title='bbox 849 1530 990 1564; x_wconf 78' lang='lat' dir='ltr'>docemur,</span> 
     </span>
     <span class='ocr_line' id='line_1_35' title="bbox 146 1577 991 1614; baseline -0.001 -8"><span class='ocrx_word' id='word_1_203' title='bbox 146 1585 177 1607; x_wconf 88' lang='lat' dir='ltr'>ea</span> <span class='ocrx_word' id='word_1_204' title='bbox 197 1578 256 1607; x_wconf 86' lang='lat' dir='ltr'>fieri</span> <span class='ocrx_word' id='word_1_205' title='bbox 279 1578 397 1606; x_wconf 86' lang='lat' dir='ltr'>interius</span> <span class='ocrx_word' id='word_1_206' title='bbox 419 1578 601 1614; x_wconf 76' lang='lat' dir='ltr'>spiritualiter</span> <span class='ocrx_word' id='word_1_207' title='bbox 622 1578 647 1605; x_wconf 90' lang='lat' dir='ltr'>in</span> <span class='ocrx_word' id='word_1_208' title='bbox 671 1578 776 1611; x_wconf 85' lang='lat' dir='ltr'>anima;</span> <span class='ocrx_word' id='word_1_209' title='bbox 799 1577 859 1606; x_wconf 85' lang='lat' dir='ltr'>ideo</span> <span class='ocrx_word' id='word_1_210' title='bbox 875 1585 923 1614; x_wconf 86' lang='lat' dir='ltr'>per</span> <span class='ocrx_word' id='word_1_211' title='bbox 939 1578 991 1605; x_wconf 91' lang='lat' dir='ltr'>hu-</span> 
     </span>
     <span class='ocr_line' id='line_1_36' title="bbox 146 1624 990 1662; baseline 0 -9"><span class='ocrx_word' id='word_1_212' title='bbox 146 1624 236 1653; x_wconf 87' lang='lat' dir='ltr'>milem</span> <span class='ocrx_word' id='word_1_213' title='bbox 258 1625 505 1661; x_wconf 79' lang='lat' dir='ltr'>apprehensionem</span> <span class='ocrx_word' id='word_1_214' title='bbox 528 1625 699 1661; x_wconf 82' lang='lat' dir='ltr'>significatur</span> <span class='ocrx_word' id='word_1_215' title='bbox 719 1625 837 1662; x_wconf 67' lang='lat' dir='ltr'>yratiae</span> <span class='ocrx_word' id='word_1_216' title='bbox 860 1624 990 1662; x_wconf 73' lang='lat' dir='ltr'>insit-sio,-</span> 
     </span>
     <span class='ocr_line' id='line_1_37' title="bbox 146 1671 991 1709; baseline -0.001 -9"><span class='ocrx_word' id='word_1_217' title='bbox 146 1680 195 1709; x_wconf 87' lang='lat' dir='ltr'>per</span> <span class='ocrx_word' id='word_1_218' title='bbox 217 1671 354 1700; x_wconf 80' lang='lat' dir='ltr'>efficacem</span> <span class='ocrx_word' id='word_1_219' title='bbox 376 1672 546 1700; x_wconf 79' lang='lat' dir='ltr'>curationem</span> <span class='ocrx_word' id='word_1_220' title='bbox 570 1671 672 1708; x_wconf 80' lang='lat' dir='ltr'>eulpae</span> <span class='ocrx_word' id='word_1_221' title='bbox 693 1672 838 1708; x_wconf 74' lang='lat' dir='ltr'>expiatio,-</span> <span class='ocrx_word' id='word_1_222' title='bbox 860 1679 909 1708; x_wconf 86' lang='lat' dir='ltr'>per</span> <span class='ocrx_word' id='word_1_223' title='bbox 925 1671 991 1700; x_wconf 89' lang='lat' dir='ltr'>libe-</span> 
     </span>
     <span class='ocr_line' id='line_1_38' title="bbox 144 1718 990 1755; baseline 0 -9"><span class='ocrx_word' id='word_1_224' title='bbox 144 1718 227 1747; x_wconf 87' lang='lat' dir='ltr'>ralem</span> <span class='ocrx_word' id='word_1_225' title='bbox 249 1718 434 1747; x_wconf 82' lang='lat' dir='ltr'>dimissionem</span> <span class='ocrx_word' id='word_1_226' title='bbox 453 1726 563 1755; x_wconf 82' lang='lat' dir='ltr'>poenae</span> <span class='ocrx_word' id='word_1_227' title='bbox 584 1718 737 1746; x_wconf 71' lang='lat' dir='ltr'>relaaealio.</span> <span class='ocrx_word' id='word_1_228' title='bbox 760 1718 835 1746; x_wconf 88' lang='lat' dir='ltr'>Unde</span> <span class='ocrx_word' id='word_1_229' title='bbox 856 1718 882 1746; x_wconf 89' lang='lat' dir='ltr'>in</span> <span class='ocrx_word' id='word_1_230' title='bbox 905 1718 990 1746; x_wconf 87' lang='lat' dir='ltr'>verbo</span> 
     </span>
     <span class='ocr_line' id='line_1_39' title="bbox 145 1764 991 1802; baseline 0 -9"><span class='ocrx_word' id='word_1_231' title='bbox 145 1765 284 1802; x_wconf 88' lang='lat' dir='ltr'>proposito</span> <span class='ocrx_word' id='word_1_232' title='bbox 304 1765 393 1802; x_wconf 88' lang='lat' dir='ltr'>primo</span> <span class='ocrx_word' id='word_1_233' title='bbox 425 1765 606 1802; x_wconf 80' lang='lat' dir='ltr'>spiritualiter</span> <span class='ocrx_word' id='word_1_234' title='bbox 636 1765 776 1793; x_wconf 88' lang='lat' dir='ltr'>infirmum</span> <span class='ocrx_word' id='word_1_235' title='bbox 808 1764 991 1802; x_wconf 86' lang='lat' dir='ltr'>apprehendit</span> 
     </span>
     <span class='ocr_line' id='line_1_40' title="bbox 145 1812 990 1849; baseline -0.002 -8"><span class='ocrx_word' id='word_1_236' title='bbox 145 1820 193 1848; x_wconf 88' lang='lat' dir='ltr'>per</span> <span class='ocrx_word' id='word_1_237' title='bbox 214 1813 317 1849; x_wconf 83' lang='lat' dir='ltr'>gratiae</span> <span class='ocrx_word' id='word_1_238' title='bbox 339 1812 502 1841; x_wconf 85' lang='lat' dir='ltr'>infusionem</span> <span class='ocrx_word' id='word_1_239' title='bbox 526 1813 551 1840; x_wconf 90' lang='lat' dir='ltr'>in</span> <span class='ocrx_word' id='word_1_240' title='bbox 584 1813 787 1846; x_wconf 80' lang='lat' dir='ltr'>incarnatione,</span> <span class='ocrx_word' id='word_1_241' title='bbox 819 1812 990 1849; x_wconf 41' lang='lat' dir='ltr'>quia&#39;nan-</span> 
     </span>
     <span class='ocr_line' id='line_1_41' title="bbox 145 1858 990 1897; baseline 0 -10"><span class='ocrx_word' id='word_1_242' title='bbox 145 1867 232 1897; x_wconf 80' lang='lat' dir='ltr'>qaam</span> <span class='ocrx_word' id='word_1_243' title='bbox 256 1859 379 1896; x_wconf 72' lang='lat' dir='ltr'>Anyelos</span> <span class='ocrx_word' id='word_1_244' title='bbox 400 1858 600 1896; x_wconf 69' lang='lat' dir='ltr'>apprehendit,</span> <span class='ocrx_word' id='word_1_245' title='bbox 623 1860 672 1887; x_wconf 67' lang='lat' dir='ltr'>seii</span> <span class='ocrx_word' id='word_1_246' title='bbox 693 1859 764 1888; x_wconf 85' lang='lat' dir='ltr'>filios</span> <span class='ocrx_word' id='word_1_247' title='bbox 785 1858 932 1893; x_wconf 69' lang='lat' dir='ltr'>Abrahae,</span> <span class='ocrx_word' id='word_1_248' title='bbox 948 1867 990 1887; x_wconf 87' lang='lat' dir='ltr'>se—</span> 
     </span>
     <span class='ocr_line' id='line_1_42' title="bbox 144 1905 990 1943; baseline 0 -9"><span class='ocrx_word' id='word_1_249' title='bbox 144 1905 263 1934; x_wconf 83' lang='lat' dir='ltr'>eundum</span> <span class='ocrx_word' id='word_1_250' title='bbox 280 1906 353 1943; x_wconf 87' lang='lat' dir='ltr'>quod</span> <span class='ocrx_word' id='word_1_251' title='bbox 368 1906 469 1935; x_wconf 76' lang='lat' dir='ltr'>dicitur</span> <span class='ocrx_word' id='word_1_252' title='bbox 484 1906 516 1935; x_wconf 87' lang='lat' dir='ltr'>ad</span> <span class='ocrx_word' id='word_1_253' title='bbox 534 1906 669 1935; x_wconf 78' lang='lat' dir='ltr'>Hebraeos</span> <span class='ocrx_word' id='word_1_254' title='bbox 688 1906 808 1935; x_wconf 78' lang='lat' dir='ltr'>secundo</span> <span class='ocrx_word' id='word_1_255' title='bbox 820 1907 847 1940; x_wconf 76' lang='lat'>‘¹3</span> <span class='ocrx_word' id='word_1_256' title='bbox 869 1906 990 1934; x_wconf 85' lang='lat' dir='ltr'>secundo</span> 
     </span>
     <span class='ocr_line' id='line_1_43' title="bbox 144 1952 989 1989; baseline 0.001 -9"><span class='ocrx_word' id='word_1_257' title='bbox 144 1952 202 1981; x_wconf 88' lang='lat' dir='ltr'>eius</span> <span class='ocrx_word' id='word_1_258' title='bbox 223 1953 350 1981; x_wconf 85' lang='lat' dir='ltr'>morbum</span> <span class='ocrx_word' id='word_1_259' title='bbox 373 1953 480 1981; x_wconf 84' lang='lat' dir='ltr'>sanavit</span> <span class='ocrx_word' id='word_1_260' title='bbox 501 1961 549 1989; x_wconf 86' lang='lat' dir='ltr'>per</span> <span class='ocrx_word' id='word_1_261' title='bbox 572 1953 669 1989; x_wconf 87' lang='lat' dir='ltr'>eulpae</span> <span class='ocrx_word' id='word_1_262' title='bbox 684 1953 869 1989; x_wconf 79' lang='lat' dir='ltr'>expiationem</span> <span class='ocrx_word' id='word_1_263' title='bbox 886 1953 911 1981; x_wconf 91' lang='lat' dir='ltr'>in</span> <span class='ocrx_word' id='word_1_264' title='bbox 927 1961 989 1989; x_wconf 89' lang='lat' dir='ltr'>pas-</span> 
     </span>
     <span class='ocr_line' id='line_1_44' title="bbox 144 1992 990 2037; baseline 0 -9"><span class='ocrx_word' id='word_1_265' title='bbox 144 1992 233 2033; x_wconf 79' lang='lat' dir='ltr'>sione3</span> <span class='ocrx_word' id='word_1_266' title='bbox 256 2000 337 2028; x_wconf 88' lang='lat' dir='ltr'>tertio</span> <span class='ocrx_word' id='word_1_267' title='bbox 358 2000 461 2028; x_wconf 88' lang='lat' dir='ltr'>dimisit</span> <span class='ocrx_word' id='word_1_268' title='bbox 481 2000 558 2028; x_wconf 86' lang='lat' dir='ltr'>abire</span> <span class='ocrx_word' id='word_1_269' title='bbox 579 2000 697 2028; x_wconf 85' lang='lat' dir='ltr'>liberum</span> <span class='ocrx_word' id='word_1_270' title='bbox 721 2008 769 2037; x_wconf 85' lang='lat' dir='ltr'>per</span> <span class='ocrx_word' id='word_1_271' title='bbox 791 2008 894 2037; x_wconf 87' lang='lat' dir='ltr'>poenae</span> <span class='ocrx_word' id='word_1_272' title='bbox 919 2000 990 2029; x_wconf 86' lang='lat' dir='ltr'>rela—</span> 
     </span>
     <span class='ocr_line' id='line_1_45' title="bbox 144 2047 989 2084; baseline 0 -9"><span class='ocrx_word' id='word_1_273' title='bbox 144 2047 281 2076; x_wconf 84' lang='lat' dir='ltr'>xationem</span> <span class='ocrx_word' id='word_1_274' title='bbox 304 2047 329 2075; x_wconf 91' lang='lat' dir='ltr'>in</span> <span class='ocrx_word' id='word_1_275' title='bbox 353 2047 471 2084; x_wconf 81' lang='lat' dir='ltr'>Spiritus</span> <span class='ocrx_word' id='word_1_276' title='bbox 492 2047 577 2076; x_wconf 85' lang='lat' dir='ltr'>sancti</span> <span class='ocrx_word' id='word_1_277' title='bbox 602 2047 742 2081; x_wconf 84' lang='lat' dir='ltr'>missione,</span> <span class='ocrx_word' id='word_1_278' title='bbox 758 2048 836 2084; x_wconf 84' lang='lat' dir='ltr'>quia,</span> <span class='ocrx_word' id='word_1_279' title='bbox 853 2048 904 2076; x_wconf 79' lang='lat' dir='ltr'>ubi</span> <span class='ocrx_word' id='word_1_280' title='bbox 925 2048 989 2084; x_wconf 84' lang='lat' dir='ltr'>Spi-</span> 
     </span>
     <span class='ocr_line' id='line_1_46' title="bbox 144 2095 988 2132; baseline 0.001 -10"><span class='ocrx_word' id='word_1_281' title='bbox 144 2095 220 2123; x_wconf 77' lang='lat' dir='ltr'>ritus</span> <span class='ocrx_word' id='word_1_282' title='bbox 243 2095 368 2128; x_wconf 84' lang='lat' dir='ltr'>Domini,</span> <span class='ocrx_word' id='word_1_283' title='bbox 391 2095 432 2123; x_wconf 82' lang='lat' dir='ltr'>ibi</span> <span class='ocrx_word' id='word_1_284' title='bbox 453 2095 578 2123; x_wconf 75' lang='lat' dir='ltr'>libertas.</span> <span class='ocrx_word' id='word_1_285' title='bbox 601 2095 658 2123; x_wconf 88' lang='lat' dir='ltr'>Non</span> <span class='ocrx_word' id='word_1_286' title='bbox 681 2095 752 2123; x_wconf 87' lang='lat' dir='ltr'>enim</span> <span class='ocrx_word' id='word_1_287' title='bbox 776 2098 906 2132; x_wconf 77' lang='lat' dir='ltr'>tanquam</span> <span class='ocrx_word' id='word_1_288' title='bbox 925 2104 988 2123; x_wconf 87' lang='lat' dir='ltr'>ava-</span> 
     </span>
     <span class='ocr_line' id='line_1_47' title="bbox 144 2142 989 2179; baseline 0.001 -10"><span class='ocrx_word' id='word_1_289' title='bbox 144 2149 192 2170; x_wconf 91' lang='lat' dir='ltr'>rus</span> <span class='ocrx_word' id='word_1_290' title='bbox 213 2142 300 2170; x_wconf 82' lang='lat' dir='ltr'>voluit</span> <span class='ocrx_word' id='word_1_291' title='bbox 322 2142 356 2170; x_wconf 79' lang='lat' dir='ltr'>ab</span> <span class='ocrx_word' id='word_1_292' title='bbox 377 2150 409 2170; x_wconf 87' lang='lat' dir='ltr'>eo</span> <span class='ocrx_word' id='word_1_293' title='bbox 430 2142 543 2178; x_wconf 78' lang='lat' dir='ltr'>exigere</span> <span class='ocrx_word' id='word_1_294' title='bbox 566 2142 685 2179; x_wconf 87' lang='lat' dir='ltr'>pretium</span> <span class='ocrx_word' id='word_1_295' title='bbox 708 2142 857 2179; x_wconf 87' lang='lat' dir='ltr'>redigendo</span> <span class='ocrx_word' id='word_1_296' title='bbox 883 2143 908 2170; x_wconf 93' lang='lat' dir='ltr'>in</span> <span class='ocrx_word' id='word_1_297' title='bbox 932 2150 989 2171; x_wconf 91' lang='lat' dir='ltr'>ser-</span> 
     </span>
     <span class='ocr_line' id='line_1_48' title="bbox 143 2188 989 2226; baseline 0 -9"><span class='ocrx_word' id='word_1_298' title='bbox 143 2188 256 2217; x_wconf 86' lang='lat' dir='ltr'>vitutem</span> <span class='ocrx_word' id='word_1_299' title='bbox 279 2189 355 2226; x_wconf 84' lang='lat' dir='ltr'>Legis</span> <span class='ocrx_word' id='word_1_300' title='bbox 384 2189 485 2217; x_wconf 83' lang='lat' dir='ltr'>veteris</span> <span class='ocrx_word' id='word_1_301' title='bbox 516 2189 680 2218; x_wconf 86' lang='lat' dir='ltr'>Testamenti</span> <span class='ocrx_word' id='word_1_302' title='bbox 714 2192 828 2226; x_wconf 86' lang='lat' dir='ltr'>propter</span> <span class='ocrx_word' id='word_1_303' title='bbox 859 2190 989 2218; x_wconf 79' lang='lat' dir='ltr'>collatum</span> 
     </span>
     <span class='ocr_line' id='line_1_49' title="bbox 142 2236 989 2273; baseline 0.001 -9"><span class='ocrx_word' id='word_1_304' title='bbox 142 2236 321 2269; x_wconf 80' lang='lat' dir='ltr'>beneficium,</span> <span class='ocrx_word' id='word_1_305' title='bbox 343 2236 388 2264; x_wconf 88' lang='lat' dir='ltr'>sed</span> <span class='ocrx_word' id='word_1_306' title='bbox 412 2239 542 2273; x_wconf 86' lang='lat' dir='ltr'>tanquam</span> <span class='ocrx_word' id='word_1_307' title='bbox 567 2236 686 2265; x_wconf 87' lang='lat' dir='ltr'>liberalis</span> <span class='ocrx_word' id='word_1_308' title='bbox 715 2240 741 2265; x_wconf 87' lang='lat' dir='ltr'>et</span> <span class='ocrx_word' id='word_1_309' title='bbox 771 2237 879 2273; x_wconf 82' lang='lat' dir='ltr'>largus,</span> <span class='ocrx_word' id='word_1_310' title='bbox 908 2240 940 2265; x_wconf 84' lang='lat' dir='ltr'>nt</span> <span class='ocrx_word' id='word_1_311' title='bbox 960 2245 989 2265; x_wconf 90' lang='lat' dir='ltr'>se</span> 
     </span>
     <span class='ocr_line' id='line_1_50' title="bbox 144 2283 989 2321; baseline 0.001 -10"><span class='ocrx_word' id='word_1_312' title='bbox 144 2283 291 2312; x_wconf 82' lang='lat' dir='ltr'>transferat</span> <span class='ocrx_word' id='word_1_313' title='bbox 311 2283 343 2312; x_wconf 88' lang='lat' dir='ltr'>ad</span> <span class='ocrx_word' id='word_1_314' title='bbox 365 2283 519 2312; x_wconf 88' lang='lat' dir='ltr'>libertatem</span> <span class='ocrx_word' id='word_1_315' title='bbox 543 2284 679 2321; x_wconf 79' lang='lat' dir='ltr'>Evangelii</span> <span class='ocrx_word' id='word_1_316' title='bbox 702 2284 760 2318; x_wconf 87' lang='lat' dir='ltr'>Dei,</span> <span class='ocrx_word' id='word_1_317' title='bbox 783 2284 822 2312; x_wconf 84' lang='lat' dir='ltr'>sie</span> <span class='ocrx_word' id='word_1_318' title='bbox 843 2292 905 2313; x_wconf 90' lang='lat' dir='ltr'>eum</span> <span class='ocrx_word' id='word_1_319' title='bbox 922 2284 989 2313; x_wconf 87' lang='lat' dir='ltr'>libe-</span> 
     </span>
     <span class='ocr_line' id='line_1_51' title="bbox 143 2330 989 2368; baseline 0.001 -10"><span class='ocrx_word' id='word_1_320' title='bbox 143 2338 204 2358; x_wconf 88' lang='lat' dir='ltr'>rum</span> <span class='ocrx_word' id='word_1_321' title='bbox 228 2330 304 2359; x_wconf 89' lang='lat' dir='ltr'>abire</span> <span class='ocrx_word' id='word_1_322' title='bbox 327 2331 458 2367; x_wconf 85' lang='lat' dir='ltr'>permisit.</span> <span class='ocrx_word' id='word_1_323' title='bbox 482 2331 512 2359; x_wconf 91' lang='lat' dir='ltr'>Et</span> <span class='ocrx_word' id='word_1_324' title='bbox 534 2335 647 2368; x_wconf 85' lang='lat' dir='ltr'>propter</span> <span class='ocrx_word' id='word_1_325' title='bbox 669 2332 734 2365; x_wconf 78' lang='lat' dir='ltr'>hoc,</span> <span class='ocrx_word' id='word_1_326' title='bbox 757 2339 818 2359; x_wconf 86' lang='lat' dir='ltr'>enm</span> <span class='ocrx_word' id='word_1_327' title='bbox 835 2331 902 2359; x_wconf 90' lang='lat' dir='ltr'>illud</span> <span class='ocrx_word' id='word_1_328' title='bbox 918 2334 989 2360; x_wconf 86' lang='lat' dir='ltr'>esset</span> 
     </span>
     <span class='ocr_line' id='line_1_52' title="bbox 142 2377 988 2414; baseline 0.001 -9"><span class='ocrx_word' id='word_1_329' title='bbox 142 2384 211 2413; x_wconf 90' lang='lat' dir='ltr'>opus</span> <span class='ocrx_word' id='word_1_330' title='bbox 233 2377 435 2406; x_wconf 81' lang='lat' dir='ltr'>misericordiae</span> <span class='ocrx_word' id='word_1_331' title='bbox 457 2381 483 2406; x_wconf 87' lang='lat' dir='ltr'>et</span> <span class='ocrx_word' id='word_1_332' title='bbox 506 2378 692 2411; x_wconf 81' lang='lat' dir='ltr'>liberalitatis,</span> <span class='ocrx_word' id='word_1_333' title='bbox 716 2386 763 2414; x_wconf 84' lang='lat' dir='ltr'>per</span> <span class='ocrx_word' id='word_1_334' title='bbox 792 2378 859 2406; x_wconf 89' lang='lat' dir='ltr'>illud</span> <span class='ocrx_word' id='word_1_335' title='bbox 888 2378 988 2407; x_wconf 85' lang='lat' dir='ltr'>Sabba-</span> 
     </span>
     <span class='ocr_line' id='line_1_53' title="bbox 143 2424 988 2462; baseline 0.002 -11"><span class='ocrx_word' id='word_1_336' title='bbox 143 2426 200 2452; x_wconf 86' lang='lat' dir='ltr'>tum</span> <span class='ocrx_word' id='word_1_337' title='bbox 224 2432 276 2452; x_wconf 87' lang='lat' dir='ltr'>non</span> <span class='ocrx_word' id='word_1_338' title='bbox 298 2424 466 2458; x_wconf 82' lang='lat' dir='ltr'>solvebatur,</span> <span class='ocrx_word' id='word_1_339' title='bbox 489 2425 534 2453; x_wconf 83' lang='lat' dir='ltr'>sed</span> <span class='ocrx_word' id='word_1_340' title='bbox 558 2425 748 2453; x_wconf 86' lang='lat' dir='ltr'>tantummodo</span> <span class='ocrx_word' id='word_1_341' title='bbox 770 2433 819 2461; x_wconf 88' lang='lat' dir='ltr'>per</span> <span class='ocrx_word' id='word_1_342' title='bbox 841 2433 910 2462; x_wconf 85' lang='lat' dir='ltr'>opus</span> <span class='ocrx_word' id='word_1_343' title='bbox 924 2433 988 2454; x_wconf 86' lang='lat' dir='ltr'>ava-</span> 
     </span>
     <span class='ocr_line' id='line_1_54' title="bbox 143 2470 987 2509; baseline 0.002 -10"><span class='ocrx_word' id='word_1_344' title='bbox 143 2470 220 2499; x_wconf 86' lang='lat' dir='ltr'>ritiae</span> <span class='ocrx_word' id='word_1_345' title='bbox 241 2474 267 2500; x_wconf 87' lang='lat' dir='ltr'>et</span> <span class='ocrx_word' id='word_1_346' title='bbox 288 2472 446 2505; x_wconf 82' lang='lat' dir='ltr'>servitutis,</span> <span class='ocrx_word' id='word_1_347' title='bbox 468 2472 541 2508; x_wconf 81' lang='lat' dir='ltr'>quod</span> <span class='ocrx_word' id='word_1_348' title='bbox 565 2472 589 2500; x_wconf 90' lang='lat' dir='ltr'>in</span> <span class='ocrx_word' id='word_1_349' title='bbox 622 2480 654 2500; x_wconf 87' lang='lat' dir='ltr'>eo</span> <span class='ocrx_word' id='word_1_350' title='bbox 686 2472 744 2500; x_wconf 82' lang='lat' dir='ltr'>fieri</span> <span class='ocrx_word' id='word_1_351' title='bbox 777 2472 987 2509; x_wconf 83' lang='lat' dir='ltr'>prohibebatur,</span> 
     </span>
     <span class='ocr_line' id='line_1_55' title="bbox 142 2517 988 2555; baseline 0.002 -10"><span class='ocrx_word' id='word_1_352' title='bbox 142 2517 292 2546; x_wconf 87' lang='lat' dir='ltr'>secundum</span> <span class='ocrx_word' id='word_1_353' title='bbox 308 2518 380 2554; x_wconf 87' lang='lat' dir='ltr'>qnod</span> <span class='ocrx_word' id='word_1_354' title='bbox 396 2518 497 2546; x_wconf 83' lang='lat' dir='ltr'>dicitur</span> <span class='ocrx_word' id='word_1_355' title='bbox 514 2518 622 2547; x_wconf 85' lang='lat' dir='ltr'>Levitici</span> <span class='ocrx_word' id='word_1_356' title='bbox 639 2519 770 2555; x_wconf 84' lang='lat' dir='ltr'>vigesimo</span> <span class='ocrx_word' id='word_1_357' title='bbox 786 2519 881 2547; x_wconf 86' lang='lat' dir='ltr'>tertio:</span> <span class='ocrx_word' id='word_1_358' title='bbox 900 2519 988 2547; x_wconf 81' lang='lat' dir='ltr'>Omne</span> 
     </span>
     <span class='ocr_line' id='line_1_56' title="bbox 144 2564 664 2602; baseline 0.004 -11"><span class='ocrx_word' id='word_1_359' title='bbox 144 2571 216 2599; x_wconf 76' lang='lat' dir='ltr'>opas</span> <span class='ocrx_word' id='word_1_360' title='bbox 236 2564 339 2592; x_wconf 77' lang='lat' dir='ltr'>seruile</span> <span class='ocrx_word' id='word_1_361' title='bbox 358 2573 416 2593; x_wconf 84' lang='lat' dir='ltr'>non</span> <span class='ocrx_word' id='word_1_362' title='bbox 437 2564 552 2602; x_wconf 68' lang='lat' dir='ltr'>facietis</span> <span class='ocrx_word' id='word_1_363' title='bbox 575 2565 605 2594; x_wconf 80' lang='lat' dir='ltr'>in</span> <span class='ocrx_word' id='word_1_364' title='bbox 626 2574 664 2594; x_wconf 89' lang='lat' dir='ltr'>eo.</span> 
     </span>
    </p>

    <p class='ocr_par' dir='ltr' id='par_1_11' title="bbox 144 2611 987 2696">
     <span class='ocr_line' id='line_1_57' title="bbox 223 2611 987 2649; baseline 0.003 -10"><span class='ocrx_word' id='word_1_365' title='bbox 223 2611 238 2639; x_wconf 93' lang='lat' dir='ltr'>l.</span> <span class='ocrx_word' id='word_1_366' title='bbox 261 2611 350 2640; x_wconf 90' lang='lat' dir='ltr'>Primo</span> <span class='ocrx_word' id='word_1_367' title='bbox 372 2612 457 2648; x_wconf 82' lang='lat' dir='ltr'>igitur</span> <span class='ocrx_word' id='word_1_368' title='bbox 479 2612 505 2640; x_wconf 92' lang='lat' dir='ltr'>in</span> <span class='ocrx_word' id='word_1_369' title='bbox 529 2613 614 2641; x_wconf 86' lang='lat' dir='ltr'>verbo</span> <span class='ocrx_word' id='word_1_370' title='bbox 637 2612 776 2649; x_wconf 85' lang='lat' dir='ltr'>proposito</span> <span class='ocrx_word' id='word_1_371' title='bbox 797 2616 909 2641; x_wconf 90' lang='lat' dir='ltr'>notatur</span> <span class='ocrx_word' id='word_1_372' title='bbox 930 2613 987 2641; x_wconf 84' lang='lat' dir='ltr'>Sal—</span> 
     </span>
     <span class='ocr_line' id='line_1_58' title="bbox 144 2658 987 2696; baseline 0.002 -11"><span class='ocrx_word' id='word_1_373' title='bbox 144 2658 245 2686; x_wconf 85' lang='lat' dir='ltr'>vatoris</span> <span class='ocrx_word' id='word_1_374' title='bbox 267 2658 418 2687; x_wconf 70' lang='lat' dir='ltr'>humilitas</span> <span class='ocrx_word' id='word_1_375' title='bbox 446 2659 472 2687; x_wconf 91' lang='lat' dir='ltr'>in</span> <span class='ocrx_word' id='word_1_376' title='bbox 501 2659 732 2696; x_wconf 85' lang='lat' dir='ltr'>apprehendendo</span> <span class='ocrx_word' id='word_1_377' title='bbox 763 2659 906 2688; x_wconf 86' lang='lat' dir='ltr'>infirmum</span> <span class='ocrx_word' id='word_1_378' title='bbox 938 2667 987 2696; x_wconf 88' lang='lat' dir='ltr'>per</span> 
     </span>
    </p>
   </div>
   <div class='ocr_carea' id='block_1_10' title="bbox 203 2822 937 2969">
    <p class='ocr_par' dir='ltr' id='par_1_12' title="bbox 203 2822 545 2846">
     <span class='ocr_line' id='line_1_59' title="bbox 203 2822 545 2846; baseline 0.003 -1"><span class='ocrx_word' id='word_1_379' title='bbox 203 2822 209 2835; x_wconf 85' lang='lat'>¹</span> <span class='ocrx_word' id='word_1_380' title='bbox 230 2824 259 2846; x_wconf 82' lang='lat' dir='ltr'>Ex</span> <span class='ocrx_word' id='word_1_381' title='bbox 276 2823 386 2846; x_wconf 77' lang='lat' dir='ltr'>Vaticana</span> <span class='ocrx_word' id='word_1_382' title='bbox 404 2827 425 2846; x_wconf 86' lang='lat' dir='ltr'>et</span> <span class='ocrx_word' id='word_1_383' title='bbox 442 2823 458 2846; x_wconf 93' lang='lat' dir='ltr'>C</span> <span class='ocrx_word' id='word_1_384' title='bbox 469 2825 545 2846; x_wconf 84' lang='lat' dir='ltr'>DEF.</span> 
     </span>
    </p>

    <p class='ocr_par' dir='ltr' id='par_1_13' title="bbox 203 2860 333 2884">
     <span class='ocr_line' id='line_1_60' title="bbox 203 2860 333 2884; baseline 0.008 -1"><span class='ocrx_word' id='word_1_385' title='bbox 203 2860 211 2873; x_wconf 77' lang='lat'>2</span> <span class='ocrx_word' id='word_1_386' title='bbox 229 2861 295 2884; x_wconf 84' lang='lat' dir='ltr'>Vers.</span> <span class='ocrx_word' id='word_1_387' title='bbox 312 2862 333 2884; x_wconf 68' lang='lat'>4,</span> 
     </span>
    </p>

    <p class='ocr_par' dir='ltr' id='par_1_14' title="bbox 204 2898 892 2929">
     <span class='ocr_line' id='line_1_61' title="bbox 204 2898 892 2929; baseline 0.004 -7"><span class='ocrx_word' id='word_1_388' title='bbox 204 2898 212 2910; x_wconf 65' lang='lat'>³³</span> <span class='ocrx_word' id='word_1_389' title='bbox 231 2901 258 2922; x_wconf 85' lang='lat' dir='ltr'>lta</span> <span class='ocrx_word' id='word_1_390' title='bbox 277 2901 304 2927; x_wconf 62' lang='grc' dir='ltr'>Ἐς</span> <span class='ocrx_word' id='word_1_391' title='bbox 322 2901 358 2922; x_wconf 85' lang='lat' dir='ltr'>alii</span> <span class='ocrx_word' id='word_1_392' title='bbox 376 2901 468 2924; x_wconf 79' lang='lat' dir='ltr'>codices</span> <span class='ocrx_word' id='word_1_393' title='bbox 485 2907 537 2923; x_wconf 83' lang='lat' dir='ltr'>cum</span> <span class='ocrx_word' id='word_1_394' title='bbox 557 2902 665 2924; x_wconf 74' lang='lat' dir='ltr'>Vaticana</span> <span class='ocrx_word' id='word_1_395' title='bbox 683 2903 762 2929; x_wconf 78' lang='lat' dir='ltr'>legunt</span> <span class='ocrx_word' id='word_1_396' title='bbox 778 2902 892 2925; x_wconf 74' lang='lat' dir='ltr'>susurrii.</span> 
     </span>
    </p>

    <p class='ocr_par' dir='ltr' id='par_1_15' title="bbox 204 2938 937 2969">
     <span class='ocr_line' id='line_1_62' title="bbox 204 2938 937 2969; baseline 0.003 -8"><span class='ocrx_word' id='word_1_397' title='bbox 204 2938 213 2950; x_wconf 76' lang='lat'>⁴</span> <span class='ocrx_word' id='word_1_398' title='bbox 231 2939 295 2962; x_wconf 82' lang='lat' dir='ltr'>Vers.</span> <span class='ocrx_word' id='word_1_399' title='bbox 315 2940 355 2968; x_wconf 49' lang='grc' dir='ltr'>Ἰ16;</span> <span class='ocrx_word' id='word_1_400' title='bbox 374 2943 502 2969; x_wconf 79' lang='lat' dir='ltr'>sequuntur</span> <span class='ocrx_word' id='word_1_401' title='bbox 520 2941 544 2963; x_wconf 87' lang='lat' dir='ltr'>ll.</span> <span class='ocrx_word' id='word_1_402' title='bbox 561 2940 613 2963; x_wconf 67' lang='lat' dir='ltr'>Cor,</span> <span class='ocrx_word' id='word_1_403' title='bbox 631 2941 656 2967; x_wconf 90' lang='lat'>3,</span> <span class='ocrx_word' id='word_1_404' title='bbox 675 2941 711 2963; x_wconf 76' lang='grc'>17,</span> <span class='ocrx_word' id='word_1_405' title='bbox 729 2944 750 2963; x_wconf 87' lang='lat' dir='ltr'>et</span> <span class='ocrx_word' id='word_1_406' title='bbox 767 2941 839 2963; x_wconf 75' lang='lat' dir='ltr'>Levit.</span> <span class='ocrx_word' id='word_1_407' title='bbox 856 2942 897 2969; x_wconf 81' lang='lat'>23,</span> <span class='ocrx_word' id='word_1_408' title='bbox 915 2942 937 2963; x_wconf 85' lang='lat'>7.</span> 
     </span>
    </p>
   </div>
   <div class='ocr_carea' id='block_1_11' title="bbox 1016 557 1023 2691">
    <p class='ocr_par' dir='ltr' id='par_1_16' title="bbox 1016 557 1023 2691">
     <span class='ocr_line' id='line_1_63' title="bbox 1016 557 1023 2691; baseline 0 0"><span class='ocrx_word' id='word_1_409' title='bbox 1016 557 1023 2691; x_wconf 95' lang='lat' dir='ltr'> </span> 
     </span>
    </p>
   </div>
   <div class='ocr_carea' id='block_1_12' title="bbox 1042 549 1892 2693">
    <p class='ocr_par' dir='ltr' id='par_1_17' title="bbox 1048 549 1892 865">
     <span class='ocr_line' id='line_1_64' title="bbox 1048 549 1892 594; baseline 0.011 -18"><span class='ocrx_word' id='word_1_410' title='bbox 1048 549 1167 585; x_wconf 77' lang='lat' dir='ltr'>yratiae</span> <span class='ocrx_word' id='word_1_411' title='bbox 1181 550 1360 587; x_wconf 72' lang='lat' dir='ltr'>infusionem</span> <span class='ocrx_word' id='word_1_412' title='bbox 1376 552 1406 580; x_wconf 86' lang='lat' dir='ltr'>in</span> <span class='ocrx_word' id='word_1_413' title='bbox 1422 552 1638 588; x_wconf 74' lang='lat' dir='ltr'>incarnatione,</span> <span class='ocrx_word' id='word_1_414' title='bbox 1654 562 1716 583; x_wconf 86' lang='lat' dir='ltr'>cum</span> <span class='ocrx_word' id='word_1_415' title='bbox 1732 555 1811 584; x_wconf 84' lang='lat' dir='ltr'>dicit:</span> <span class='ocrx_word' id='word_1_416' title='bbox 1828 557 1892 594; x_wconf 78' lang='lat' dir='ltr'>lpse</span> 
     </span>
     <span class='ocr_line' id='line_1_65' title="bbox 1049 596 1891 640; baseline 0.01 -17"><span class='ocrx_word' id='word_1_417' title='bbox 1049 604 1116 623; x_wconf 77' lang='lat' dir='ltr'>vero</span> <span class='ocrx_word' id='word_1_418' title='bbox 1138 596 1359 633; x_wconf 50' lang='grc' dir='ltr'><strong>ηψπ-0118119001.</strong></span> <span class='ocrx_word' id='word_1_419' title='bbox 1375 600 1560 635; x_wconf 85' lang='lat' dir='ltr'>Apprehendit</span> <span class='ocrx_word' id='word_1_420' title='bbox 1574 604 1665 629; x_wconf 89' lang='lat' dir='ltr'>autem</span> <span class='ocrx_word' id='word_1_421' title='bbox 1681 601 1821 631; x_wconf 83' lang='lat' dir='ltr'>infirmum</span> <span class='ocrx_word' id='word_1_422' title='bbox 1837 603 1891 640; x_wconf 88' lang='lat' dir='ltr'>spi-</span> 
     </span>
     <span class='ocr_line' id='line_1_66' title="bbox 1050 642 1890 686; baseline 0.011 -17"><span class='ocrx_word' id='word_1_423' title='bbox 1050 642 1187 671; x_wconf 84' lang='lat' dir='ltr'>ritualiter</span> <span class='ocrx_word' id='word_1_424' title='bbox 1210 644 1377 673; x_wconf 88' lang='lat' dir='ltr'>infundendo</span> <span class='ocrx_word' id='word_1_425' title='bbox 1392 653 1469 674; x_wconf 91' lang='lat' dir='ltr'>suam</span> <span class='ocrx_word' id='word_1_426' title='bbox 1485 647 1599 683; x_wconf 81' lang='lat' dir='ltr'>gratiam</span> <span class='ocrx_word' id='word_1_427' title='bbox 1616 648 1775 685; x_wconf 84' lang='lat' dir='ltr'>tripliciter:</span> <span class='ocrx_word' id='word_1_428' title='bbox 1791 651 1890 686; x_wconf 89' lang='lat' dir='ltr'>primo,</span> 
     </span>
     <span class='ocr_line' id='line_1_67' title="bbox 1050 690 1890 728; baseline 0.011 -11"><span class='ocrx_word' id='word_1_429' title='bbox 1050 696 1100 725; x_wconf 89' lang='lat' dir='ltr'>per</span> <span class='ocrx_word' id='word_1_430' title='bbox 1121 690 1352 719; x_wconf 71' lang='lat' dir='ltr'>amaritudinem</span> <span class='ocrx_word' id='word_1_431' title='bbox 1367 693 1557 728; x_wconf 81' lang='lat' dir='ltr'>poenitentiae</span> <span class='ocrx_word' id='word_1_432' title='bbox 1578 694 1604 722; x_wconf 93' lang='lat' dir='ltr'>in</span> <span class='ocrx_word' id='word_1_433' title='bbox 1626 695 1803 725; x_wconf 82' lang='lat' dir='ltr'>detestatione</span> <span class='ocrx_word' id='word_1_434' title='bbox 1818 705 1890 726; x_wconf 91' lang='lat' dir='ltr'>com-</span> 
     </span>
     <span class='ocr_line' id='line_1_68' title="bbox 1051 735 1891 775; baseline 0.013 -13"><span class='ocrx_word' id='word_1_435' title='bbox 1051 735 1123 764; x_wconf 83' lang='lat' dir='ltr'>missi</span> <span class='ocrx_word' id='word_1_436' title='bbox 1147 737 1266 772; x_wconf 78' lang='lat' dir='ltr'>peecat.i;</span> <span class='ocrx_word' id='word_1_437' title='bbox 1289 738 1418 772; x_wconf 84' lang='lat' dir='ltr'>secundo,</span> <span class='ocrx_word' id='word_1_438' title='bbox 1440 747 1489 775; x_wconf 89' lang='lat' dir='ltr'>per</span> <span class='ocrx_word' id='word_1_439' title='bbox 1505 741 1703 770; x_wconf 73' lang='lat' dir='ltr'>rectintaz&#39;nem</span> <span class='ocrx_word' id='word_1_440' title='bbox 1718 743 1846 772; x_wconf 75' lang='lat' dir='ltr'>iustitiae</span> <span class='ocrx_word' id='word_1_441' title='bbox 1865 745 1891 773; x_wconf 92' lang='lat' dir='ltr'>in</span> 
     </span>
     <span class='ocr_line' id='line_1_69' title="bbox 1049 781 1891 826; baseline 0.013 -18"><span class='ocrx_word' id='word_1_442' title='bbox 1049 781 1244 818; x_wconf 85' lang='lat' dir='ltr'>adimpletione</span> <span class='ocrx_word' id='word_1_443' title='bbox 1268 783 1350 811; x_wconf 89' lang='lat' dir='ltr'>divini</span> <span class='ocrx_word' id='word_1_444' title='bbox 1380 786 1533 822; x_wconf 76' lang='lat' dir='ltr'>praecepti;</span> <span class='ocrx_word' id='word_1_445' title='bbox 1556 787 1650 821; x_wconf 85' lang='lat' dir='ltr'>tertio,</span> <span class='ocrx_word' id='word_1_446' title='bbox 1672 796 1721 824; x_wconf 88' lang='lat' dir='ltr'>per</span> <span class='ocrx_word' id='word_1_447' title='bbox 1741 788 1891 826; x_wconf 78' lang='lat' dir='ltr'>fortitudi-</span> 
     </span>
     <span class='ocr_line' id='line_1_70' title="bbox 1049 829 1730 865; baseline 0.012 -10"><span class='ocrx_word' id='word_1_448' title='bbox 1049 836 1111 856; x_wconf 80' lang='lat' dir='ltr'>nem</span> <span class='ocrx_word' id='word_1_449' title='bbox 1132 829 1290 865; x_wconf 78' lang='lat' dir='ltr'>patientiae</span> <span class='ocrx_word' id='word_1_450' title='bbox 1312 830 1337 858; x_wconf 90' lang='lat' dir='ltr'>in</span> <span class='ocrx_word' id='word_1_451' title='bbox 1360 831 1520 861; x_wconf 84' lang='lat' dir='ltr'>toleratione</span> <span class='ocrx_word' id='word_1_452' title='bbox 1541 834 1602 861; x_wconf 87' lang='lat' dir='ltr'>mali</span> <span class='ocrx_word' id='word_1_453' title='bbox 1626 834 1730 863; x_wconf 84' lang='lat' dir='ltr'>inflicti.</span> 
     </span>
    </p>

    <p class='ocr_par' dir='ltr' id='par_1_18' title="bbox 1048 875 1892 1474">
     <span class='ocr_line' id='line_1_71' title="bbox 1128 875 1891 919; baseline 0.013 -17"><span class='ocrx_word' id='word_1_454' title='bbox 1128 875 1220 903; x_wconf 86' lang='lat' dir='ltr'>Primo</span> <span class='ocrx_word' id='word_1_455' title='bbox 1239 877 1422 912; x_wconf 84' lang='lat' dir='ltr'>apprehendit</span> <span class='ocrx_word' id='word_1_456' title='bbox 1444 878 1576 907; x_wconf 89' lang='lat' dir='ltr'>Dominus</span> <span class='ocrx_word' id='word_1_457' title='bbox 1601 880 1740 910; x_wconf 83' lang='lat' dir='ltr'>infirmum</span> <span class='ocrx_word' id='word_1_458' title='bbox 1766 883 1891 919; x_wconf 78' lang='lat' dir='ltr'>spiritua-</span> 
     </span>
     <span class='ocr_line' id='line_1_72' title="bbox 1051 921 1890 961; baseline 0.013 -13"><span class='ocrx_word' id='word_1_459' title='bbox 1051 921 1111 949; x_wconf 86' lang='lat' dir='ltr'>liter</span> <span class='ocrx_word' id='word_1_460' title='bbox 1133 929 1182 957; x_wconf 88' lang='lat' dir='ltr'>per</span> <span class='ocrx_word' id='word_1_461' title='bbox 1203 923 1433 952; x_wconf 70' lang='lat' dir='ltr'>amaritudinem</span> <span class='ocrx_word' id='word_1_462' title='bbox 1453 925 1642 961; x_wconf 80' lang='lat' dir='ltr'>poenitentiae</span> <span class='ocrx_word' id='word_1_463' title='bbox 1664 927 1690 955; x_wconf 92' lang='lat' dir='ltr'>in</span> <span class='ocrx_word' id='word_1_464' title='bbox 1712 928 1890 959; x_wconf 85' lang='lat' dir='ltr'>detestatione</span> 
     </span>
     <span class='ocr_line' id='line_1_73' title="bbox 1050 968 1890 1011; baseline 0.011 -16"><span class='ocrx_word' id='word_1_465' title='bbox 1050 968 1185 996; x_wconf 86' lang='lat' dir='ltr'>commissi</span> <span class='ocrx_word' id='word_1_466' title='bbox 1208 970 1325 1005; x_wconf 77' lang='lat' dir='ltr'>peccati3</span> <span class='ocrx_word' id='word_1_467' title='bbox 1347 970 1421 999; x_wconf 87' lang='lat' dir='ltr'>unde</span> <span class='ocrx_word' id='word_1_468' title='bbox 1448 971 1575 1001; x_wconf 88' lang='lat' dir='ltr'>Ieremiae</span> <span class='ocrx_word' id='word_1_469' title='bbox 1596 973 1736 1009; x_wconf 88' lang='lat' dir='ltr'>trigesimo</span> <span class='ocrx_word' id='word_1_470' title='bbox 1763 976 1890 1011; x_wconf 79' lang='lat' dir='ltr'>primo⁵z</span> 
     </span>
     <span class='ocr_line' id='line_1_74' title="bbox 1052 1011 1892 1051; baseline 0.011 -9"><span class='ocrx_word' id='word_1_471' title='bbox 1052 1015 1070 1042; x_wconf 85' lang='grc' dir='ltr'><strong><em>Α</em></strong></span> <span class='ocrx_word' id='word_1_472' title='bbox 1074 1011 1237 1051; x_wconf 67' lang='grc' dir='ltr'>ρρνθήθηὲἰῑ</span> <span class='ocrx_word' id='word_1_473' title='bbox 1251 1024 1371 1044; x_wconf 79' lang='lat' dir='ltr'>manum</span> <span class='ocrx_word' id='word_1_474' title='bbox 1384 1025 1494 1051; x_wconf 76' lang='lat' dir='ltr'>eoram,</span> <span class='ocrx_word' id='word_1_475' title='bbox 1506 1022 1538 1046; x_wconf 84' lang='lat' dir='ltr'>nt</span> <span class='ocrx_word' id='word_1_476' title='bbox 1553 1019 1698 1048; x_wconf 75' lang='lat' dir='ltr'>educerem</span> <span class='ocrx_word' id='word_1_477' title='bbox 1711 1029 1756 1049; x_wconf 81' lang='lat' dir='ltr'>eos</span> <span class='ocrx_word' id='word_1_478' title='bbox 1768 1022 1801 1049; x_wconf 79' lang='lat' dir='ltr'>(le</span> <span class='ocrx_word' id='word_1_479' title='bbox 1813 1026 1892 1051; x_wconf 79' lang='lat' dir='ltr'>terra</span> 
     </span>
     <span class='ocr_line' id='line_1_75' title="bbox 1051 1062 1891 1105; baseline 0.01 -16"><span class='ocrx_word' id='word_1_480' title='bbox 1051 1062 1071 1089; x_wconf 76' lang='lat' dir='ltr'><strong><em>A</em></strong></span> <span class='ocrx_word' id='word_1_481' title='bbox 1078 1062 1181 1099; x_wconf 60' lang='lat' dir='ltr'>egypti.</span> <span class='ocrx_word' id='word_1_482' title='bbox 1196 1079 1232 1083; x_wconf 90' lang='lat'><strong>—</strong></span> <span class='ocrx_word' id='word_1_483' title='bbox 1245 1063 1265 1090; x_wconf 83' lang='lat' dir='ltr'><strong><em>A</em></strong></span> <span class='ocrx_word' id='word_1_484' title='bbox 1269 1062 1432 1099; x_wconf 80' lang='lat' dir='ltr'>pprelzendi</span> <span class='ocrx_word' id='word_1_485' title='bbox 1445 1073 1569 1093; x_wconf 79' lang='lat' dir='ltr'>manum</span> <span class='ocrx_word' id='word_1_486' title='bbox 1580 1074 1690 1100; x_wconf 83' lang='lat' dir='ltr'>eoram,</span> <span class='ocrx_word' id='word_1_487' title='bbox 1704 1067 1729 1095; x_wconf 89' lang='lat' dir='ltr'>id</span> <span class='ocrx_word' id='word_1_488' title='bbox 1744 1072 1785 1096; x_wconf 85' lang='lat' dir='ltr'>est</span> <span class='ocrx_word' id='word_1_489' title='bbox 1800 1076 1891 1105; x_wconf 83' lang='lat' dir='ltr'>opera,</span> 
     </span>
     <span class='ocr_line' id='line_1_76' title="bbox 1049 1108 1891 1147; baseline 0.01 -12"><span class='ocrx_word' id='word_1_490' title='bbox 1049 1108 1250 1144; x_wconf 84' lang='lat' dir='ltr'>praeveniendo</span> <span class='ocrx_word' id='word_1_491' title='bbox 1262 1117 1310 1146; x_wconf 85' lang='lat' dir='ltr'>per</span> <span class='ocrx_word' id='word_1_492' title='bbox 1323 1109 1458 1139; x_wconf 84' lang='lat' dir='ltr'>internam</span> <span class='ocrx_word' id='word_1_493' title='bbox 1471 1111 1689 1147; x_wconf 59' lang='lat' dir='ltr'>inspirationem</span> <span class='ocrx_word' id='word_1_494' title='bbox 1703 1118 1733 1141; x_wconf 82' lang='lat' dir='ltr'>nt</span> <span class='ocrx_word' id='word_1_495' title='bbox 1745 1114 1891 1144; x_wconf 69' lang='lat' dir='ltr'>eaucerem</span> 
     </span>
     <span class='ocr_line' id='line_1_77' title="bbox 1049 1155 1891 1195; baseline 0.01 -13"><span class='ocrx_word' id='word_1_496' title='bbox 1049 1163 1105 1188; x_wconf 85' lang='lat' dir='ltr'>eos,</span> <span class='ocrx_word' id='word_1_497' title='bbox 1117 1155 1272 1184; x_wconf 82' lang='lat' dir='ltr'>adiuvando</span> <span class='ocrx_word' id='word_1_498' title='bbox 1283 1164 1332 1193; x_wconf 89' lang='lat' dir='ltr'>per</span> <span class='ocrx_word' id='word_1_499' title='bbox 1344 1157 1406 1185; x_wconf 90' lang='lat' dir='ltr'>boni</span> <span class='ocrx_word' id='word_1_500' title='bbox 1419 1158 1511 1194; x_wconf 88' lang='lat' dir='ltr'>operis</span> <span class='ocrx_word' id='word_1_501' title='bbox 1522 1159 1755 1195; x_wconf 77' lang='lat' dir='ltr'>prosecutionem3</span> <span class='ocrx_word' id='word_1_502' title='bbox 1767 1161 1800 1189; x_wconf 77' lang='lat' dir='ltr'>cle</span> <span class='ocrx_word' id='word_1_503' title='bbox 1813 1165 1891 1190; x_wconf 83' lang='lat' dir='ltr'>terra</span> 
     </span>
     <span class='ocr_line' id='line_1_78' title="bbox 1051 1201 1892 1243; baseline 0.01 -15"><span class='ocrx_word' id='word_1_504' title='bbox 1051 1201 1182 1238; x_wconf 75' lang='lat' dir='ltr'>Aeyypti,</span> <span class='ocrx_word' id='word_1_505' title='bbox 1204 1202 1229 1230; x_wconf 91' lang='lat' dir='ltr'>id</span> <span class='ocrx_word' id='word_1_506' title='bbox 1251 1205 1293 1230; x_wconf 90' lang='lat' dir='ltr'>est</span> <span class='ocrx_word' id='word_1_507' title='bbox 1313 1203 1346 1231; x_wconf 90' lang='lat' dir='ltr'>de</span> <span class='ocrx_word' id='word_1_508' title='bbox 1367 1206 1439 1232; x_wconf 88' lang='lat' dir='ltr'>statu</span> <span class='ocrx_word' id='word_1_509' title='bbox 1463 1205 1574 1240; x_wconf 78' lang='lat' dir='ltr'>peceati.</span> <span class='ocrx_word' id='word_1_510' title='bbox 1598 1206 1745 1243; x_wconf 70' lang='lat' dir='ltr'>Aeyyptas</span> <span class='ocrx_word' id='word_1_511' title='bbox 1765 1207 1837 1235; x_wconf 89' lang='lat' dir='ltr'>enim</span> <span class='ocrx_word' id='word_1_512' title='bbox 1852 1211 1892 1236; x_wconf 91' lang='lat' dir='ltr'>te-</span> 
     </span>
     <span class='ocr_line' id='line_1_79' title="bbox 1049 1247 1892 1288; baseline 0.009 -13"><span class='ocrx_word' id='word_1_513' title='bbox 1049 1247 1134 1276; x_wconf 84' lang='lat' dir='ltr'>nebra</span> <span class='ocrx_word' id='word_1_514' title='bbox 1156 1248 1355 1285; x_wconf 84' lang='lat' dir='ltr'>interpretatur</span> <span class='ocrx_word' id='word_1_515' title='bbox 1377 1253 1404 1278; x_wconf 87' lang='lat' dir='ltr'>et</span> <span class='ocrx_word' id='word_1_516' title='bbox 1431 1251 1566 1287; x_wconf 83' lang='lat' dir='ltr'>significat</span> <span class='ocrx_word' id='word_1_517' title='bbox 1597 1257 1756 1288; x_wconf 81' lang='lat' dir='ltr'>peceatum,</span> <span class='ocrx_word' id='word_1_518' title='bbox 1788 1254 1892 1283; x_wconf 85' lang='lat' dir='ltr'>ratione</span> 
     </span>
     <span class='ocr_line' id='line_1_80' title="bbox 1049 1294 1892 1337; baseline 0.008 -15"><span class='ocrx_word' id='word_1_519' title='bbox 1049 1294 1128 1323; x_wconf 83' lang='lat' dir='ltr'>onius</span> <span class='ocrx_word' id='word_1_520' title='bbox 1150 1295 1187 1323; x_wconf 89' lang='lat' dir='ltr'>ita</span> <span class='ocrx_word' id='word_1_521' title='bbox 1208 1296 1290 1324; x_wconf 87' lang='lat' dir='ltr'>homo</span> <span class='ocrx_word' id='word_1_522' title='bbox 1321 1297 1529 1331; x_wconf 84' lang='lat' dir='ltr'>obtenebratur,</span> <span class='ocrx_word' id='word_1_523' title='bbox 1558 1302 1589 1326; x_wconf 91' lang='lat' dir='ltr'>ut</span> <span class='ocrx_word' id='word_1_524' title='bbox 1617 1307 1669 1327; x_wconf 88' lang='lat' dir='ltr'>non</span> <span class='ocrx_word' id='word_1_525' title='bbox 1700 1300 1804 1334; x_wconf 88' lang='lat' dir='ltr'>videat,</span> <span class='ocrx_word' id='word_1_526' title='bbox 1826 1301 1892 1337; x_wconf 85' lang='lat' dir='ltr'>quid</span> 
     </span>
     <span class='ocr_line' id='line_1_81' title="bbox 1048 1342 1892 1383; baseline 0.008 -13"><span class='ocrx_word' id='word_1_527' title='bbox 1048 1350 1129 1378; x_wconf 87' lang='lat' dir='ltr'>agere</span> <span class='ocrx_word' id='word_1_528' title='bbox 1151 1342 1264 1376; x_wconf 85' lang='lat' dir='ltr'>debeat,</span> <span class='ocrx_word' id='word_1_529' title='bbox 1286 1351 1348 1372; x_wconf 82' lang='lat' dir='ltr'>eum</span> <span class='ocrx_word' id='word_1_530' title='bbox 1371 1352 1424 1373; x_wconf 90' lang='lat' dir='ltr'>non</span> <span class='ocrx_word' id='word_1_531' title='bbox 1449 1345 1533 1381; x_wconf 84' lang='lat' dir='ltr'>possit</span> <span class='ocrx_word' id='word_1_532' title='bbox 1553 1346 1632 1383; x_wconf 84' lang='lat' dir='ltr'>dirigi</span> <span class='ocrx_word' id='word_1_533' title='bbox 1655 1347 1681 1374; x_wconf 92' lang='lat' dir='ltr'>in</span> <span class='ocrx_word' id='word_1_534' title='bbox 1705 1347 1806 1376; x_wconf 89' lang='lat' dir='ltr'>bonum</span> <span class='ocrx_word' id='word_1_535' title='bbox 1835 1348 1892 1377; x_wconf 88' lang='lat' dir='ltr'>sine</span> 
     </span>
     <span class='ocr_line' id='line_1_82' title="bbox 1048 1388 1891 1429; baseline 0.009 -13"><span class='ocrx_word' id='word_1_536' title='bbox 1048 1388 1109 1417; x_wconf 76' lang='lat' dir='ltr'>luce</span> <span class='ocrx_word' id='word_1_537' title='bbox 1131 1389 1246 1425; x_wconf 82' lang='lat' dir='ltr'>gratiae,</span> <span class='ocrx_word' id='word_1_538' title='bbox 1262 1390 1307 1418; x_wconf 84' lang='lat' dir='ltr'>sed</span> <span class='ocrx_word' id='word_1_539' title='bbox 1323 1390 1502 1420; x_wconf 82' lang='lat' dir='ltr'>delectatione</span> <span class='ocrx_word' id='word_1_540' title='bbox 1517 1393 1618 1429; x_wconf 82' lang='lat' dir='ltr'>peceati</span> <span class='ocrx_word' id='word_1_541' title='bbox 1635 1393 1843 1429; x_wconf 87' lang='lat' dir='ltr'>obtenebratus,</span> <span class='ocrx_word' id='word_1_542' title='bbox 1859 1396 1891 1424; x_wconf 89' lang='lat' dir='ltr'>ad</span> 
     </span>
     <span class='ocr_line' id='line_1_83' title="bbox 1048 1436 1466 1474; baseline 0.01 -11"><span class='ocrx_word' id='word_1_543' title='bbox 1048 1436 1141 1464; x_wconf 82' lang='lat' dir='ltr'>onmia</span> <span class='ocrx_word' id='word_1_544' title='bbox 1161 1440 1271 1472; x_wconf 79' lang='lat' dir='ltr'>peecata</span> <span class='ocrx_word' id='word_1_545' title='bbox 1292 1441 1333 1465; x_wconf 88' lang='lat' dir='ltr'>est</span> <span class='ocrx_word' id='word_1_546' title='bbox 1354 1446 1466 1474; x_wconf 87' lang='lat' dir='ltr'>pronus.</span> 
     </span>
    </p>

    <p class='ocr_par' dir='ltr' id='par_1_19' title="bbox 1046 1483 1892 2086">
     <span class='ocr_line' id='line_1_84' title="bbox 1127 1483 1892 1525; baseline 0.009 -14"><span class='ocrx_word' id='word_1_547' title='bbox 1127 1483 1251 1512; x_wconf 82' lang='lat' dir='ltr'>Secundo</span> <span class='ocrx_word' id='word_1_548' title='bbox 1272 1485 1454 1521; x_wconf 88' lang='lat' dir='ltr'>apprehendit</span> <span class='ocrx_word' id='word_1_549' title='bbox 1476 1486 1607 1515; x_wconf 86' lang='lat' dir='ltr'>Dominus</span> <span class='ocrx_word' id='word_1_550' title='bbox 1629 1487 1770 1516; x_wconf 87' lang='lat' dir='ltr'>infirmum</span> <span class='ocrx_word' id='word_1_551' title='bbox 1788 1497 1836 1525; x_wconf 87' lang='lat' dir='ltr'>per</span> <span class='ocrx_word' id='word_1_552' title='bbox 1851 1498 1892 1517; x_wconf 78' lang='lat' dir='ltr'>re-</span> 
     </span>
     <span class='ocr_line' id='line_1_85' title="bbox 1048 1529 1889 1572; baseline 0.008 -15"><span class='ocrx_word' id='word_1_553' title='bbox 1048 1529 1214 1558; x_wconf 72' lang='lat' dir='ltr'>ctitudinem</span> <span class='ocrx_word' id='word_1_554' title='bbox 1238 1531 1367 1559; x_wconf 77' lang='lat' dir='ltr'>iustitiae</span> <span class='ocrx_word' id='word_1_555' title='bbox 1388 1532 1414 1560; x_wconf 89' lang='lat' dir='ltr'>in</span> <span class='ocrx_word' id='word_1_556' title='bbox 1430 1533 1622 1569; x_wconf 87' lang='lat' dir='ltr'>adimpletione</span> <span class='ocrx_word' id='word_1_557' title='bbox 1637 1534 1719 1563; x_wconf 83' lang='lat' dir='ltr'>divini</span> <span class='ocrx_word' id='word_1_558' title='bbox 1736 1536 1889 1572; x_wconf 74' lang='lat' dir='ltr'>praecepti3</span> 
     </span>
     <span class='ocr_line' id='line_1_86' title="bbox 1048 1576 1891 1618; baseline 0.007 -14"><span class='ocrx_word' id='word_1_559' title='bbox 1048 1576 1121 1604; x_wconf 89' lang='lat' dir='ltr'>unde</span> <span class='ocrx_word' id='word_1_560' title='bbox 1144 1576 1225 1605; x_wconf 81' lang='lat' dir='ltr'>Isaiae</span> <span class='ocrx_word' id='word_1_561' title='bbox 1247 1578 1457 1615; x_wconf 83' lang='lat' dir='ltr'>quadragesimo</span> <span class='ocrx_word' id='word_1_562' title='bbox 1479 1580 1637 1608; x_wconf 66' lang='grc'><strong>5001101106.-</strong></span> <span class='ocrx_word' id='word_1_563' title='bbox 1662 1582 1719 1618; x_wconf 69' lang='lat' dir='ltr'>Eyo</span> <span class='ocrx_word' id='word_1_564' title='bbox 1749 1582 1891 1610; x_wconf 75' lang='lat' dir='ltr'>Dominus</span> 
     </span>
     <span class='ocr_line' id='line_1_87' title="bbox 1048 1624 1891 1662; baseline 0.008 -12"><span class='ocrx_word' id='word_1_565' title='bbox 1048 1624 1151 1651; x_wconf 71' lang='lat' dir='ltr'>vocam?</span> <span class='ocrx_word' id='word_1_566' title='bbox 1171 1627 1195 1651; x_wconf 87' lang='lat' dir='ltr'>te</span> <span class='ocrx_word' id='word_1_567' title='bbox 1216 1624 1246 1652; x_wconf 77' lang='lat' dir='ltr'>in</span> <span class='ocrx_word' id='word_1_568' title='bbox 1268 1625 1383 1653; x_wconf 78' lang='lat' dir='ltr'>iustitia</span> <span class='ocrx_word' id='word_1_569' title='bbox 1404 1629 1429 1653; x_wconf 76' lang='lat' dir='ltr'>et</span> <span class='ocrx_word' id='word_1_570' title='bbox 1453 1625 1632 1662; x_wconf 70' lang='lat' dir='ltr'>apprehendi</span> <span class='ocrx_word' id='word_1_571' title='bbox 1657 1636 1779 1656; x_wconf 77' lang='lat' dir='ltr'>manum</span> <span class='ocrx_word' id='word_1_572' title='bbox 1810 1633 1891 1657; x_wconf 81' lang='lat' dir='ltr'>taam</span> 
     </span>
     <span class='ocr_line' id='line_1_88' title="bbox 1048 1671 1891 1709; baseline 0.007 -11"><span class='ocrx_word' id='word_1_573' title='bbox 1048 1675 1072 1698; x_wconf 88' lang='lat' dir='ltr'>et</span> <span class='ocrx_word' id='word_1_574' title='bbox 1093 1671 1210 1699; x_wconf 76' lang='lat' dir='ltr'>servavi</span> <span class='ocrx_word' id='word_1_575' title='bbox 1231 1676 1262 1699; x_wconf 86' lang='lat' dir='ltr'>te.</span> <span class='ocrx_word' id='word_1_576' title='bbox 1286 1688 1323 1691; x_wconf 81' lang='lat'>——</span> <span class='ocrx_word' id='word_1_577' title='bbox 1345 1673 1404 1709; x_wconf 68' lang='lat' dir='ltr'>Egyo</span> <span class='ocrx_word' id='word_1_578' title='bbox 1428 1673 1569 1701; x_wconf 75' lang='lat' dir='ltr'>Dominus</span> <span class='ocrx_word' id='word_1_579' title='bbox 1589 1675 1692 1703; x_wconf 77' lang='lat' dir='ltr'>vocavi</span> <span class='ocrx_word' id='word_1_580' title='bbox 1712 1679 1736 1703; x_wconf 87' lang='lat' dir='ltr'>te</span> <span class='ocrx_word' id='word_1_581' title='bbox 1756 1676 1787 1703; x_wconf 87' lang='lat' dir='ltr'>in</span> <span class='ocrx_word' id='word_1_582' title='bbox 1808 1676 1891 1704; x_wconf 76' lang='lat' dir='ltr'>iusti-</span> 
     </span>
     <span class='ocr_line' id='line_1_89' title="bbox 1048 1718 1889 1759; baseline 0.007 -14"><span class='ocrx_word' id='word_1_583' title='bbox 1048 1718 1106 1751; x_wconf 86' lang='lat' dir='ltr'>tia,</span> <span class='ocrx_word' id='word_1_584' title='bbox 1129 1721 1275 1755; x_wconf 85' lang='lat' dir='ltr'>praecepta</span> <span class='ocrx_word' id='word_1_585' title='bbox 1295 1719 1327 1747; x_wconf 84' lang='lat' dir='ltr'>ad</span> <span class='ocrx_word' id='word_1_586' title='bbox 1350 1720 1553 1749; x_wconf 81' lang='lat' dir='ltr'>observandum</span> <span class='ocrx_word' id='word_1_587' title='bbox 1574 1721 1691 1750; x_wconf 88' lang='lat' dir='ltr'>fideliter</span> <span class='ocrx_word' id='word_1_588' title='bbox 1712 1722 1889 1759; x_wconf 87' lang='lat' dir='ltr'>imponendo;</span> 
     </span>
     <span class='ocr_line' id='line_1_90' title="bbox 1047 1766 1890 1807; baseline 0.006 -14"><span class='ocrx_word' id='word_1_589' title='bbox 1047 1769 1071 1793; x_wconf 86' lang='lat' dir='ltr'>et</span> <span class='ocrx_word' id='word_1_590' title='bbox 1093 1766 1272 1803; x_wconf 69' lang='lat' dir='ltr'>apprehendi</span> <span class='ocrx_word' id='word_1_591' title='bbox 1292 1775 1414 1795; x_wconf 78' lang='grc'><strong>111111111111</strong></span> <span class='ocrx_word' id='word_1_592' title='bbox 1438 1771 1530 1802; x_wconf 82' lang='lat' dir='ltr'>taam,</span> <span class='ocrx_word' id='word_1_593' title='bbox 1552 1768 1678 1804; x_wconf 85' lang='lat' dir='ltr'>imposita</span> <span class='ocrx_word' id='word_1_594' title='bbox 1698 1769 1730 1797; x_wconf 88' lang='lat' dir='ltr'>ad</span> <span class='ocrx_word' id='word_1_595' title='bbox 1753 1771 1890 1807; x_wconf 72' lang='lat' dir='ltr'>complen-</span> 
     </span>
     <span class='ocr_line' id='line_1_91' title="bbox 1047 1812 1890 1853; baseline 0.005 -12"><span class='ocrx_word' id='word_1_596' title='bbox 1047 1812 1112 1841; x_wconf 87' lang='lat' dir='ltr'>dum</span> <span class='ocrx_word' id='word_1_597' title='bbox 1136 1821 1220 1850; x_wconf 84' lang='lat' dir='ltr'>opera</span> <span class='ocrx_word' id='word_1_598' title='bbox 1241 1814 1403 1842; x_wconf 77' lang='lat' dir='ltr'>adiuvando.</span> <span class='ocrx_word' id='word_1_599' title='bbox 1427 1815 1491 1843; x_wconf 84' lang='lat' dir='ltr'>Nam</span> <span class='ocrx_word' id='word_1_600' title='bbox 1515 1823 1564 1851; x_wconf 90' lang='lat' dir='ltr'>per</span> <span class='ocrx_word' id='word_1_601' title='bbox 1585 1824 1693 1843; x_wconf 81' lang='lat' dir='ltr'>manns</span> <span class='ocrx_word' id='word_1_602' title='bbox 1707 1824 1777 1853; x_wconf 86' lang='lat' dir='ltr'>opus</span> <span class='ocrx_word' id='word_1_603' title='bbox 1792 1817 1890 1845; x_wconf 81' lang='lat' dir='ltr'>intelli-</span> 
     </span>
     <span class='ocr_line' id='line_1_92' title="bbox 1047 1861 1889 1899; baseline 0.005 -11"><span class='ocrx_word' id='word_1_604' title='bbox 1047 1861 1131 1897; x_wconf 84' lang='lat' dir='ltr'>gitur,</span> <span class='ocrx_word' id='word_1_605' title='bbox 1153 1861 1198 1889; x_wconf 88' lang='lat' dir='ltr'>sed</span> <span class='ocrx_word' id='word_1_606' title='bbox 1222 1869 1271 1898; x_wconf 80' lang='lat' dir='ltr'>per</span> <span class='ocrx_word' id='word_1_607' title='bbox 1293 1861 1547 1898; x_wconf 69' lang='lat' dir='ltr'>apprehensionem</span> <span class='ocrx_word' id='word_1_608' title='bbox 1571 1863 1737 1891; x_wconf 87' lang='lat' dir='ltr'>adiutorium</span> <span class='ocrx_word' id='word_1_609' title='bbox 1756 1864 1889 1899; x_wconf 87' lang='lat' dir='ltr'>divinum,</span> 
     </span>
     <span class='ocr_line' id='line_1_93' title="bbox 1047 1907 1890 1946; baseline 0.004 -11"><span class='ocrx_word' id='word_1_610' title='bbox 1047 1915 1079 1936; x_wconf 91' lang='lat' dir='ltr'>eo</span> <span class='ocrx_word' id='word_1_611' title='bbox 1100 1907 1173 1944; x_wconf 82' lang='lat' dir='ltr'>quod</span> <span class='ocrx_word' id='word_1_612' title='bbox 1197 1911 1270 1936; x_wconf 84' lang='lat' dir='ltr'>tanta</span> <span class='ocrx_word' id='word_1_613' title='bbox 1291 1911 1332 1937; x_wconf 81' lang='lat' dir='ltr'>est</span> <span class='ocrx_word' id='word_1_614' title='bbox 1354 1909 1474 1937; x_wconf 84' lang='lat' dir='ltr'>humana</span> <span class='ocrx_word' id='word_1_615' title='bbox 1495 1909 1636 1946; x_wconf 81' lang='lat' dir='ltr'>fragilitas,</span> <span class='ocrx_word' id='word_1_616' title='bbox 1658 1910 1740 1946; x_wconf 84' lang='lat' dir='ltr'>quod,</span> <span class='ocrx_word' id='word_1_617' title='bbox 1756 1910 1805 1938; x_wconf 84' lang='lat' dir='ltr'>nisi</span> <span class='ocrx_word' id='word_1_618' title='bbox 1821 1919 1835 1938; x_wconf 78' lang='lat' dir='ltr'>a</span> <span class='ocrx_word' id='word_1_619' title='bbox 1850 1911 1890 1939; x_wconf 88' lang='lat' dir='ltr'>di-</span> 
     </span>
     <span class='ocr_line' id='line_1_94' title="bbox 1046 1954 1889 1993; baseline 0.005 -11"><span class='ocrx_word' id='word_1_620' title='bbox 1046 1954 1109 1982; x_wconf 86' lang='lat' dir='ltr'>vina</span> <span class='ocrx_word' id='word_1_621' title='bbox 1131 1956 1251 1991; x_wconf 84' lang='lat' dir='ltr'>potentia</span> <span class='ocrx_word' id='word_1_622' title='bbox 1272 1955 1429 1989; x_wconf 86' lang='lat' dir='ltr'>adiuvetur,</span> <span class='ocrx_word' id='word_1_623' title='bbox 1451 1956 1476 1984; x_wconf 87' lang='lat' dir='ltr'>in</span> <span class='ocrx_word' id='word_1_624' title='bbox 1501 1956 1576 1985; x_wconf 89' lang='lat' dir='ltr'>nullo</span> <span class='ocrx_word' id='word_1_625' title='bbox 1597 1957 1668 1985; x_wconf 80' lang='lat' dir='ltr'>bono</span> <span class='ocrx_word' id='word_1_626' title='bbox 1689 1965 1737 1993; x_wconf 88' lang='lat' dir='ltr'>per</span> <span class='ocrx_word' id='word_1_627' title='bbox 1759 1965 1787 1985; x_wconf 82' lang='lat' dir='ltr'>se</span> <span class='ocrx_word' id='word_1_628' title='bbox 1802 1960 1889 1993; x_wconf 82' lang='lat' dir='ltr'>potest</span> 
     </span>
     <span class='ocr_line' id='line_1_95' title="bbox 1046 2002 1890 2041; baseline 0.005 -12"><span class='ocrx_word' id='word_1_629' title='bbox 1046 2002 1190 2038; x_wconf 79' lang='lat' dir='ltr'>prolicere,</span> <span class='ocrx_word' id='word_1_630' title='bbox 1213 2002 1258 2031; x_wconf 90' lang='lat' dir='ltr'>sed</span> <span class='ocrx_word' id='word_1_631' title='bbox 1282 2003 1372 2039; x_wconf 84' lang='lat' dir='ltr'>potius</span> <span class='ocrx_word' id='word_1_632' title='bbox 1393 2003 1518 2032; x_wconf 77' lang='lat' dir='ltr'>deficere.</span> <span class='ocrx_word' id='word_1_633' title='bbox 1542 2004 1576 2031; x_wconf 88' lang='lat' dir='ltr'>Et</span> <span class='ocrx_word' id='word_1_634' title='bbox 1596 2004 1714 2032; x_wconf 70' lang='lat' dir='ltr'>servavi</span> <span class='ocrx_word' id='word_1_635' title='bbox 1734 2008 1767 2038; x_wconf 84' lang='lat' dir='ltr'>te,</span> <span class='ocrx_word' id='word_1_636' title='bbox 1784 2005 1815 2032; x_wconf 85' lang='lat' dir='ltr'>ad</span> <span class='ocrx_word' id='word_1_637' title='bbox 1831 2013 1890 2041; x_wconf 84' lang='lat' dir='ltr'>per-</span> 
     </span>
     <span class='ocr_line' id='line_1_96' title="bbox 1046 2049 1694 2086; baseline 0.003 -10"><span class='ocrx_word' id='word_1_638' title='bbox 1046 2049 1212 2077; x_wconf 80' lang='lat' dir='ltr'>manendum</span> <span class='ocrx_word' id='word_1_639' title='bbox 1235 2050 1261 2077; x_wconf 88' lang='lat' dir='ltr'>in</span> <span class='ocrx_word' id='word_1_640' title='bbox 1284 2050 1323 2078; x_wconf 86' lang='lat' dir='ltr'>eis</span> <span class='ocrx_word' id='word_1_641' title='bbox 1345 2051 1576 2086; x_wconf 79' lang='lat' dir='ltr'>perseverantiam</span> <span class='ocrx_word' id='word_1_642' title='bbox 1597 2051 1694 2079; x_wconf 85' lang='lat' dir='ltr'>dando.</span> 
     </span>
    </p>

    <p class='ocr_par' dir='ltr' id='par_1_20' title="bbox 1042 2096 1890 2693">
     <span class='ocr_line' id='line_1_97' title="bbox 1126 2096 1890 2135; baseline 0.004 -11"><span class='ocrx_word' id='word_1_643' title='bbox 1126 2096 1217 2125; x_wconf 89' lang='lat' dir='ltr'>Tertio</span> <span class='ocrx_word' id='word_1_644' title='bbox 1239 2097 1420 2133; x_wconf 84' lang='lat' dir='ltr'>apprehendit</span> <span class='ocrx_word' id='word_1_645' title='bbox 1442 2097 1575 2126; x_wconf 84' lang='lat' dir='ltr'>Dominus</span> <span class='ocrx_word' id='word_1_646' title='bbox 1600 2098 1739 2126; x_wconf 80' lang='lat' dir='ltr'>infirmum</span> <span class='ocrx_word' id='word_1_647' title='bbox 1763 2106 1811 2135; x_wconf 88' lang='lat' dir='ltr'>per</span> <span class='ocrx_word' id='word_1_648' title='bbox 1831 2097 1890 2135; x_wconf 78' lang='lat' dir='ltr'>for-</span> 
     </span>
     <span class='ocr_line' id='line_1_98' title="bbox 1048 2143 1889 2180; baseline 0.002 -9"><span class='ocrx_word' id='word_1_649' title='bbox 1048 2143 1197 2171; x_wconf 73' lang='lat' dir='ltr'>titudinem</span> <span class='ocrx_word' id='word_1_650' title='bbox 1218 2144 1375 2180; x_wconf 81' lang='lat' dir='ltr'>patientiae</span> <span class='ocrx_word' id='word_1_651' title='bbox 1396 2144 1422 2173; x_wconf 92' lang='lat' dir='ltr'>in</span> <span class='ocrx_word' id='word_1_652' title='bbox 1449 2145 1609 2173; x_wconf 80' lang='lat' dir='ltr'>toleratione</span> <span class='ocrx_word' id='word_1_653' title='bbox 1634 2145 1695 2173; x_wconf 82' lang='lat' dir='ltr'>mali</span> <span class='ocrx_word' id='word_1_654' title='bbox 1722 2145 1832 2179; x_wconf 79' lang='lat' dir='ltr'>inflicti;</span> <span class='ocrx_word' id='word_1_655' title='bbox 1857 2146 1889 2174; x_wconf 66' lang='lat' dir='ltr'>&lt;tle</span> 
     </span>
     <span class='ocr_line' id='line_1_99' title="bbox 1046 2190 1890 2229; baseline 0.002 -11"><span class='ocrx_word' id='word_1_656' title='bbox 1046 2198 1102 2227; x_wconf 78' lang='lat' dir='ltr'>quo</span> <span class='ocrx_word' id='word_1_657' title='bbox 1132 2193 1222 2227; x_wconf 85' lang='lat' dir='ltr'>potest</span> <span class='ocrx_word' id='word_1_658' title='bbox 1243 2190 1354 2227; x_wconf 84' lang='lat' dir='ltr'>intelligi</span> <span class='ocrx_word' id='word_1_659' title='bbox 1386 2191 1451 2219; x_wconf 90' lang='lat' dir='ltr'>illud</span> <span class='ocrx_word' id='word_1_660' title='bbox 1474 2191 1570 2220; x_wconf 80' lang='lat' dir='ltr'>Psalmi</span> <span class='ocrx_word' id='word_1_661' title='bbox 1586 2192 1610 2219; x_wconf 81' lang='lat'>⁷:</span> <span class='ocrx_word' id='word_1_662' title='bbox 1633 2191 1820 2229; x_wconf 71' lang='lat' dir='ltr'>Apprelzende</span> <span class='ocrx_word' id='word_1_663' title='bbox 1840 2201 1890 2220; x_wconf 81' lang='grc'><strong>(11·-</strong></span> 
     </span>
     <span class='ocr_line' id='line_1_100' title="bbox 1046 2237 1890 2275; baseline 0.001 -10"><span class='ocrx_word' id='word_1_664' title='bbox 1046 2245 1096 2265; x_wconf 83' lang='lat' dir='ltr'>ma</span> <span class='ocrx_word' id='word_1_665' title='bbox 1117 2241 1141 2265; x_wconf 80' lang='lat' dir='ltr'>el</span> <span class='ocrx_word' id='word_1_666' title='bbox 1162 2241 1275 2265; x_wconf 71' lang='lat' dir='ltr'>sentam</span> <span class='ocrx_word' id='word_1_667' title='bbox 1299 2242 1323 2265; x_wconf 74' lang='lat' dir='ltr'>et</span> <span class='ocrx_word' id='word_1_668' title='bbox 1344 2246 1468 2275; x_wconf 62' lang='lat' dir='ltr'>est-stirpe</span> <span class='ocrx_word' id='word_1_669' title='bbox 1489 2238 1520 2265; x_wconf 87' lang='lat' dir='ltr'>in</span> <span class='ocrx_word' id='word_1_670' title='bbox 1545 2238 1728 2267; x_wconf 69' lang='lat' dir='ltr'>ctrliutorium</span> <span class='ocrx_word' id='word_1_671' title='bbox 1750 2237 1830 2267; x_wconf 74' lang='lat' dir='ltr'>milii.</span> <span class='ocrx_word' id='word_1_672' title='bbox 1852 2256 1890 2259; x_wconf 92' lang='lat'>——</span> 
     </span>
     <span class='ocr_line' id='line_1_101' title="bbox 1046 2284 1890 2322; baseline 0.002 -10"><span class='ocrx_word' id='word_1_673' title='bbox 1046 2284 1096 2312; x_wconf 78' lang='lat' dir='ltr'>Per</span> <span class='ocrx_word' id='word_1_674' title='bbox 1118 2292 1207 2312; x_wconf 77' lang='lat' dir='ltr'>arma</span> <span class='ocrx_word' id='word_1_675' title='bbox 1228 2284 1407 2321; x_wconf 80' lang='lat' dir='ltr'>designantur</span> <span class='ocrx_word' id='word_1_676' title='bbox 1429 2285 1561 2319; x_wconf 74' lang='lat' dir='ltr'>virtutes,</span> <span class='ocrx_word' id='word_1_677' title='bbox 1583 2285 1684 2321; x_wconf 88' lang='lat' dir='ltr'>quibus</span> <span class='ocrx_word' id='word_1_678' title='bbox 1713 2285 1775 2313; x_wconf 86' lang='lat' dir='ltr'>vitia</span> <span class='ocrx_word' id='word_1_679' title='bbox 1803 2286 1890 2322; x_wconf 89' lang='lat' dir='ltr'>impu-</span> 
     </span>
     <span class='ocr_line' id='line_1_102' title="bbox 1045 2331 1888 2369; baseline 0.002 -11"><span class='ocrx_word' id='word_1_680' title='bbox 1045 2334 1181 2367; x_wconf 83' lang='lat' dir='ltr'>gnantnr3</span> <span class='ocrx_word' id='word_1_681' title='bbox 1205 2338 1253 2367; x_wconf 85' lang='lat' dir='ltr'>per</span> <span class='ocrx_word' id='word_1_682' title='bbox 1274 2335 1388 2358; x_wconf 79' lang='lat' dir='ltr'>sentmn</span> <span class='ocrx_word' id='word_1_683' title='bbox 1406 2331 1535 2367; x_wconf 84' lang='lat' dir='ltr'>patientia</span> <span class='ocrx_word' id='word_1_684' title='bbox 1556 2332 1727 2368; x_wconf 82' lang='lat' dir='ltr'>intelligitur,</span> <span class='ocrx_word' id='word_1_685' title='bbox 1743 2340 1888 2369; x_wconf 82' lang='lat' dir='ltr'>perquam</span> 
     </span>
     <span class='ocr_line' id='line_1_103' title="bbox 1046 2378 1889 2416; baseline 0.002 -11"><span class='ocrx_word' id='word_1_686' title='bbox 1046 2378 1118 2406; x_wconf 82' lang='lat' dir='ltr'>mala</span> <span class='ocrx_word' id='word_1_687' title='bbox 1147 2378 1301 2406; x_wconf 79' lang='lat' dir='ltr'>tolerantur</span> <span class='ocrx_word' id='word_1_688' title='bbox 1322 2378 1404 2406; x_wconf 79' lang='lat' dir='ltr'>illata.</span> <span class='ocrx_word' id='word_1_689' title='bbox 1427 2378 1502 2407; x_wconf 86' lang='lat' dir='ltr'>Unde</span> <span class='ocrx_word' id='word_1_690' title='bbox 1533 2382 1599 2406; x_wconf 81' lang='lat' dir='ltr'>tune</span> <span class='ocrx_word' id='word_1_691' title='bbox 1628 2379 1700 2407; x_wconf 85' lang='lat' dir='ltr'>Deus</span> <span class='ocrx_word' id='word_1_692' title='bbox 1731 2378 1889 2416; x_wconf 68' lang='lat' dir='ltr'>apprehen-</span> 
     </span>
     <span class='ocr_line' id='line_1_104' title="bbox 1046 2425 1890 2462; baseline 0.001 -9"><span class='ocrx_word' id='word_1_693' title='bbox 1046 2425 1088 2453; x_wconf 71' lang='lat' dir='ltr'>[lit</span> <span class='ocrx_word' id='word_1_694' title='bbox 1109 2433 1197 2454; x_wconf 83' lang='lat' dir='ltr'>arma</span> <span class='ocrx_word' id='word_1_695' title='bbox 1218 2430 1242 2453; x_wconf 78' lang='lat' dir='ltr'>et</span> <span class='ocrx_word' id='word_1_696' title='bbox 1263 2429 1395 2459; x_wconf 73' lang='lat' dir='ltr'>senaim,</span> <span class='ocrx_word' id='word_1_697' title='bbox 1418 2425 1527 2462; x_wconf 80' lang='lat' dir='ltr'>quando</span> <span class='ocrx_word' id='word_1_698' title='bbox 1555 2425 1673 2454; x_wconf 85' lang='lat' dir='ltr'>infundit</span> <span class='ocrx_word' id='word_1_699' title='bbox 1704 2426 1806 2454; x_wconf 90' lang='lat' dir='ltr'>homini</span> <span class='ocrx_word' id='word_1_700' title='bbox 1835 2426 1890 2454; x_wconf 82' lang='lat' dir='ltr'>vir-</span> 
     </span>
     <span class='ocr_line' id='line_1_105' title="bbox 1046 2472 1889 2509; baseline 0.001 -9"><span class='ocrx_word' id='word_1_701' title='bbox 1046 2476 1135 2506; x_wconf 83' lang='lat' dir='ltr'>tutes,</span> <span class='ocrx_word' id='word_1_702' title='bbox 1157 2472 1260 2508; x_wconf 81' lang='lat' dir='ltr'>quibus</span> <span class='ocrx_word' id='word_1_703' title='bbox 1289 2473 1431 2509; x_wconf 83' lang='lat' dir='ltr'>impugnat</span> <span class='ocrx_word' id='word_1_704' title='bbox 1459 2472 1524 2501; x_wconf 87' lang='lat' dir='ltr'>vitia</span> <span class='ocrx_word' id='word_1_705' title='bbox 1544 2475 1570 2501; x_wconf 91' lang='lat' dir='ltr'>et</span> <span class='ocrx_word' id='word_1_706' title='bbox 1591 2476 1716 2509; x_wconf 72' lang='lat' dir='ltr'>peecata,</span> <span class='ocrx_word' id='word_1_707' title='bbox 1739 2476 1765 2501; x_wconf 92' lang='lat' dir='ltr'>et</span> <span class='ocrx_word' id='word_1_708' title='bbox 1787 2473 1889 2509; x_wconf 88' lang='lat' dir='ltr'>patien—</span> 
     </span>
     <span class='ocr_line' id='line_1_106' title="bbox 1045 2519 1887 2557; baseline 0 -10"><span class='ocrx_word' id='word_1_709' title='bbox 1045 2519 1124 2553; x_wconf 87' lang='lat' dir='ltr'>tiam,</span> <span class='ocrx_word' id='word_1_710' title='bbox 1150 2528 1212 2548; x_wconf 85' lang='lat' dir='ltr'>cum</span> <span class='ocrx_word' id='word_1_711' title='bbox 1238 2528 1293 2556; x_wconf 85' lang='lat' dir='ltr'>qua</span> <span class='ocrx_word' id='word_1_712' title='bbox 1319 2520 1416 2548; x_wconf 85' lang='lat' dir='ltr'>tolerat</span> <span class='ocrx_word' id='word_1_713' title='bbox 1439 2520 1507 2547; x_wconf 88' lang='lat' dir='ltr'>mala</span> <span class='ocrx_word' id='word_1_714' title='bbox 1530 2519 1619 2553; x_wconf 86' lang='lat' dir='ltr'>illata;</span> <span class='ocrx_word' id='word_1_715' title='bbox 1642 2519 1687 2548; x_wconf 88' lang='lat' dir='ltr'>sed</span> <span class='ocrx_word' id='word_1_716' title='bbox 1706 2520 1838 2557; x_wconf 68' lang='lat' dir='ltr'>eaesuryit</span> <span class='ocrx_word' id='word_1_717' title='bbox 1859 2520 1887 2547; x_wconf 77' lang='lat' dir='ltr'>in</span> 
     </span>
     <span class='ocr_line' id='line_1_107' title="bbox 1045 2565 1889 2603; baseline -0.001 -9"><span class='ocrx_word' id='word_1_718' title='bbox 1045 2567 1240 2600; x_wconf 68' lang='lat' dir='ltr'>adiutorium,</span> <span class='ocrx_word' id='word_1_719' title='bbox 1256 2566 1366 2603; x_wconf 82' lang='lat' dir='ltr'>quando</span> <span class='ocrx_word' id='word_1_720' title='bbox 1387 2575 1453 2594; x_wconf 62' lang='lat' dir='ltr'>caini</span> <span class='ocrx_word' id='word_1_721' title='bbox 1476 2566 1642 2600; x_wconf 74' lang='lat' dir='ltr'>tentatione,</span> <span class='ocrx_word' id='word_1_722' title='bbox 1659 2566 1801 2600; x_wconf 86' lang='lat' dir='ltr'>vitiorum,</span> <span class='ocrx_word' id='word_1_723' title='bbox 1817 2565 1889 2603; x_wconf 72' lang='lat' dir='ltr'>lael!</span> 
     </span>
     <span class='ocr_line' id='line_1_108' title="bbox 1042 2612 1889 2649; baseline 0 -8"><span class='ocrx_word' id='word_1_724' title='bbox 1042 2616 1226 2649; x_wconf 74' lang='lat' dir='ltr'>prouentmn,</span> <span class='ocrx_word' id='word_1_725' title='bbox 1243 2612 1387 2641; x_wconf 76' lang='lat' dir='ltr'>virtutum.</span> <span class='ocrx_word' id='word_1_726' title='bbox 1404 2612 1478 2641; x_wconf 88' lang='lat' dir='ltr'>Unde</span> <span class='ocrx_word' id='word_1_727' title='bbox 1493 2613 1641 2649; x_wconf 82' lang='lat' dir='ltr'>Gregorius</span> <span class='ocrx_word' id='word_1_728' title='bbox 1652 2612 1677 2640; x_wconf 77' lang='lat'>8:</span> <span class='ocrx_word' id='word_1_729' title='bbox 1704 2623 1717 2639; x_wconf 85' lang='lat'>«</span> <span class='ocrx_word' id='word_1_730' title='bbox 1733 2613 1786 2641; x_wconf 86' lang='lat' dir='ltr'>Nisi</span> <span class='ocrx_word' id='word_1_731' title='bbox 1809 2613 1889 2641; x_wconf 87' lang='lat' dir='ltr'>mise-</span> 
     </span>
     <span class='ocr_line' id='line_1_109' title="bbox 1045 2659 1889 2693; baseline 0 -6"><span class='ocrx_word' id='word_1_732' title='bbox 1045 2660 1132 2688; x_wconf 77' lang='lat' dir='ltr'>ricors</span> <span class='ocrx_word' id='word_1_733' title='bbox 1154 2660 1227 2688; x_wconf 87' lang='lat' dir='ltr'>Deus</span> <span class='ocrx_word' id='word_1_734' title='bbox 1242 2667 1303 2688; x_wconf 80' lang='lat' dir='ltr'>cum</span> <span class='ocrx_word' id='word_1_735' title='bbox 1321 2660 1426 2688; x_wconf 73' lang='lat' dir='ltr'>viribus</span> <span class='ocrx_word' id='word_1_736' title='bbox 1447 2662 1614 2688; x_wconf 81' lang='lat' dir='ltr'>tentamenta</span> <span class='ocrx_word' id='word_1_737' title='bbox 1635 2659 1780 2693; x_wconf 75' lang='lat' dir='ltr'>modificet,</span> <span class='ocrx_word' id='word_1_738' title='bbox 1796 2659 1889 2687; x_wconf 86' lang='lat' dir='ltr'>nullus</span> 
     </span>
    </p>
   </div>
   <div class='ocr_carea' id='block_1_13' title="bbox 1105 2824 1674 2969">
    <p class='ocr_par' dir='ltr' id='par_1_21' title="bbox 1105 2824 1250 2846">
     <span class='ocr_line' id='line_1_110' title="bbox 1132 2824 1250 2846; baseline 0.014 -1.628"><span class='ocrx_word' id='word_1_739' title='bbox 1132 2824 1196 2846; x_wconf 51' lang='grc' dir='ltr'><strong>γει-5.</strong></span> <span class='ocrx_word' id='word_1_740' title='bbox 1215 2825 1250 2846; x_wconf 68' lang='grc'>32.</span> 
     </span>
    </p>

    <p class='ocr_par' dir='ltr' id='par_1_22' title="bbox 1105 2863 1236 2885">
     <span class='ocr_line' id='line_1_111' title="bbox 1105 2863 1236 2885; baseline 0 0"><span class='ocrx_word' id='word_1_741' title='bbox 1105 2863 1114 2875; x_wconf 71' lang='lat'>⁴⁵</span> <span class='ocrx_word' id='word_1_742' title='bbox 1131 2863 1197 2885; x_wconf 71' lang='lat' dir='ltr'>Vers.</span> <span class='ocrx_word' id='word_1_743' title='bbox 1215 2864 1236 2885; x_wconf 83' lang='grc'>6.</span> 
     </span>
    </p>

    <p class='ocr_par' dir='ltr' id='par_1_23' title="bbox 1105 2901 1674 2969">
     <span class='ocr_line' id='line_1_112' title="bbox 1106 2901 1646 2931; baseline -0.002 -7"><span class='ocrx_word' id='word_1_744' title='bbox 1106 2901 1114 2915; x_wconf 83' lang='lat'>⁷</span> <span class='ocrx_word' id='word_1_745' title='bbox 1132 2903 1215 2924; x_wconf 66' lang='lat' dir='ltr'>psalm.</span> <span class='ocrx_word' id='word_1_746' title='bbox 1232 2902 1269 2927; x_wconf 76' lang='lat'>34.</span> <span class='ocrx_word' id='word_1_747' title='bbox 1287 2903 1312 2929; x_wconf 76' lang='lat'>‘23</span> <span class='ocrx_word' id='word_1_748' title='bbox 1331 2903 1434 2931; x_wconf 81' lang='lat' dir='ltr'>sequitur</span> <span class='ocrx_word' id='word_1_749' title='bbox 1452 2903 1464 2924; x_wconf 93' lang='lat' dir='ltr'>l.</span> <span class='ocrx_word' id='word_1_750' title='bbox 1483 2902 1532 2924; x_wconf 87' lang='lat' dir='ltr'>Cor.</span> <span class='ocrx_word' id='word_1_751' title='bbox 1554 2903 1591 2928; x_wconf 78' lang='grc'><strong>111,</strong></span> <span class='ocrx_word' id='word_1_752' title='bbox 1614 2902 1646 2923; x_wconf 82' lang='grc'>13.</span> 
     </span>
     <span class='ocr_line' id='line_1_113' title="bbox 1105 2940 1674 2969; baseline -0.004 -6"><span class='ocrx_word' id='word_1_753' title='bbox 1105 2940 1114 2953; x_wconf 76' lang='lat'>⁸</span> <span class='ocrx_word' id='word_1_754' title='bbox 1133 2940 1191 2963; x_wconf 80' lang='lat' dir='ltr'>Libr,</span> <span class='ocrx_word' id='word_1_755' title='bbox 1211 2942 1246 2963; x_wconf 78' lang='lat' dir='ltr'>tx.</span> <span class='ocrx_word' id='word_1_756' title='bbox 1266 2942 1342 2963; x_wconf 78' lang='lat' dir='ltr'>Moral.</span> <span class='ocrx_word' id='word_1_757' title='bbox 1360 2948 1378 2964; x_wconf 73' lang='lat' dir='ltr'>e.</span> <span class='ocrx_word' id='word_1_758' title='bbox 1399 2941 1435 2964; x_wconf 77' lang='lat'>46.</span> <span class='ocrx_word' id='word_1_759' title='bbox 1453 2942 1517 2969; x_wconf 80' lang='lat' dir='ltr'>(alias</span> <span class='ocrx_word' id='word_1_760' title='bbox 1534 2942 1580 2966; x_wconf 69' lang='lat'>⁶25.)</span> <span class='ocrx_word' id='word_1_761' title='bbox 1600 2947 1620 2962; x_wconf 89' lang='lat' dir='ltr'>n.</span> <span class='ocrx_word' id='word_1_762' title='bbox 1637 2940 1674 2961; x_wconf 79' lang='lat'>71.</span> 
     </span>
    </p>
   </div>
   <div class='ocr_carea' id='block_1_14' title="bbox 1908 656 2021 676">
    <p class='ocr_par' dir='ltr' id='par_1_24' title="bbox 1908 656 2021 676">
     <span class='ocr_line' id='line_1_114' title="bbox 1908 656 2021 676; baseline 0 -1"><span class='ocrx_word' id='word_1_763' title='bbox 1908 656 2021 676; x_wconf 77' lang='lat' dir='ltr'>Subdivisio.</span> 
     </span>
    </p>
   </div>
   <div class='ocr_carea' id='block_1_15' title="bbox 1905 889 2036 955">
    <p class='ocr_par' dir='ltr' id='par_1_25' title="bbox 1905 889 2036 955">
     <span class='ocr_line' id='line_1_115' title="bbox 1905 889 2036 913; baseline 0.008 -6"><span class='ocrx_word' id='word_1_764' title='bbox 1905 889 2036 913; x_wconf 67' lang='lat' dir='ltr'>Appi-eliensi«)</span> 
     </span>
     <span class='ocr_line' id='line_1_116' title="bbox 1910 912 2027 955; baseline 0 -24"><span class='ocrx_word' id='word_1_765' title='bbox 1910 912 1986 955; x_wconf 52' lang='lat' dir='ltr'>infirrffi.</span> <span class='ocrx_word' id='word_1_766' title='bbox 1991 913 2027 936; x_wconf 86' lang='lat' dir='ltr'>pri-</span> 
     </span>
    </p>
   </div>
   <div class='ocr_carea' id='block_1_16' title="bbox 1919 1496 2012 1538">
    <p class='ocr_par' dir='ltr' id='par_1_26' title="bbox 1919 1496 2012 1538">
     <span class='ocr_line' id='line_1_117' title="bbox 1919 1496 2012 1518; baseline -0.011 -3"><span class='ocrx_word' id='word_1_767' title='bbox 1919 1496 1972 1518; x_wconf 78' lang='lat' dir='ltr'>nem,</span> <span class='ocrx_word' id='word_1_768' title='bbox 1985 1501 2012 1514; x_wconf 81' lang='lat' dir='ltr'>se-</span> 
     </span>
     <span class='ocr_line' id='line_1_118' title="bbox 1933 1520 2000 1538; baseline 0 0"><span class='ocrx_word' id='word_1_769' title='bbox 1933 1520 2000 1538; x_wconf 82' lang='lat' dir='ltr'>cunda.</span> 
     </span>
    </p>
   </div>
   <div class='ocr_carea' id='block_1_17' title="bbox 1907 2106 2034 2128">
    <p class='ocr_par' dir='ltr' id='par_1_27' title="bbox 1907 2106 2034 2128">
     <span class='ocr_line' id='line_1_119' title="bbox 1907 2106 2034 2128; baseline 0 -4"><span class='ocrx_word' id='word_1_770' title='bbox 1907 2106 1958 2128; x_wconf 77' lang='lat' dir='ltr'>nem,</span> <span class='ocrx_word' id='word_1_771' title='bbox 1973 2106 2034 2124; x_wconf 79' lang='lat' dir='ltr'>tertia.</span> 
     </span>
    </p>
   </div>
  </div>
 </body>
</html>
