2243 3348
258 972 304 991 Pars
316 972 346 990 111.

229 1112 344 1131 Subdivisio.

232 1345 302 1368 Primo,
316 1345 339 1364 de

233 1369 294 1392 gratia
305 1369 337 1387 ba-

241 1392 331 1416 ptismali.

214 2047 306 2069 secundo,
319 2048 342 2067 de

227 2072 287 2094 gratia
299 2076 343 2095 poe-

226 2094 327 2114 nitentiali.

215 2235 260 2254 Tres
273 2236 344 2254 fruetus

234 2260 331 2282 poeniteu-

262 2285 305 2301 uae.

362 238 418 266 224

362 324 392 344 se
414 316 509 353 ipsum
531 314 673 348 traheret,
695 322 744 351 per
773 314 886 342 unicum
914 312 1055 340 vinculum
1086 310 1204 343 amoris,

364 362 450 390 voluit
476 361 604 390 exaltari
625 370 644 389 a
666 365 762 393 terra,
785 367 833 396 per
854 358 1062 395 opprobriosam
1088 359 1204 385 mortem

363 409 469 441 crucis3
491 412 517 437 et
538 409 603 445 quia
623 407 749 436 diabolus
771 406 901 434 iniecerat
923 412 1021 433 manus
1036 404 1062 432 in
1084 403 1203 432 alienum

364 463 491 488 servum,
514 455 617 483 scilicet
639 453 794 486 Christum,
810 452 836 480 in
853 459 908 488 quo
923 459 975 479 non
993 450 1110 478 habebat
1125 449 1205 486 quid-

364 510 446 538 quam
468 501 549 534 iuris,
573 499 744 537 suggerendo
775 499 832 527 suis
864 498 1011 531 membris,
1034 500 1066 525 ut
1094 496 1204 524 crucili-

364 551 492 584 geretur3
515 547 574 575 ideo
606 546 708 575 iustum
740 545 804 578 suit,
832 548 862 572 ut
892 544 1031 572 amitteret
1060 542 1203 579 proprium

363 601 490 626 servum,
513 593 615 621 seilicet
636 592 775 628 captivum
799 590 946 619 hominem.
971 589 1043 618 Unde
1065 589 1091 617 in
1122 589 1179 625 lege
1196 590 1204 606 1

363 640 478 667 dicitur:
501 639 552 675 Qui
574 639 690 666 alienam
713 637 910 674 possessionem
941 636 1041 664 iniuste
1070 635 1205 672 possidet,

363 686 405 714 vel
427 688 557 722 occupat,
579 685 659 713 debet
687 684 827 720 propriam
856 683 991 711 amittere.
1016 683 1045 710 Et
1073 682 1111 711 sic
1133 682 1206 718 prin-

363 740 427 769 ceps
448 732 609 768 superbiae,
631 731 731 759 amissa
753 733 901 767 potestate,
924 737 1007 766 quam
1030 729 1148 757 habebat
1163 736 1206 757 su-

363 786 412 815 per
433 786 543 807 servum
575 785 667 811 suum,
690 777 845 810 hominem,
868 785 899 805 eo
931 776 1004 813 quod
1027 776 1127 804 iniuste
1149 783 1206 804 ma-

363 832 429 852 num
451 825 478 852 in
500 824 639 852 Christum
662 824 789 857 miserat,
812 831 874 852 01111]
897 822 1034 859 vituperio
1049 822 1153 850 eiectus
1167 825 1207 850 est

362 870 455 907 foras.

443 918 481 946 lll.
504 918 596 946 Tertio
618 920 729 945 notatur
752 917 864 945 utilitas
894 919 1062 944 consecutae
1093 916 1207 944 miseri-

364 965 482 993 cordiae
502 973 537 993 ex
570 968 647 1001 parte
670 964 783 992 humani
805 963 929 1000 generis,
952 971 1014 991 cum
1037 962 1117 991 dicit:
1136 971 1206 999 pro-

363 1010 435 1048 fecto
455 1012 584 1048 pervenit
612 1011 642 1039 in
676 1019 724 1039 uos
755 1019 878 1047 regnum
912 1010 978 1043 Dei,
1002 1009 1047 1038 ubi
1078 1012 1206 1043 notatur,

364 1058 437 1095 quod
459 1058 560 1086 dicitur
582 1066 702 1095 ›eynum
730 1058 759 1085 in
789 1065 841 1085 nos
867 1056 1017 1093 peruenire
1046 1055 1205 1092 tripliciter,

363 1105 466 1134 scilicet
495 1105 598 1141 primo,
623 1112 673 1141 per
700 1104 816 1141 gratiam
846 1103 1046 1140 baptismalem
1078 1106 1206 1139 respectu

364 1152 426 1180 mali
449 1152 607 1185 amovendi;
630 1151 760 1185 secundo,
776 1158 825 1187 per
846 1150 961 1187 gratiam
974 1149 1205 1186 poenitentialem

364 1202 490 1235 respectu
505 1198 584 1226 ardui
607 1197 767 1230 inchoandi;
784 1197 877 1230 tertio,
894 1204 942 1233 per
957 1196 1073 1233 gratiam
1088 1195 1206 1232 finalem

363 1248 489 1281 respectu
512 1245 574 1273 boni
597 1244 814 1273 consummandi.

442 1291 530 1319 Primo
551 1299 616 1327 ergo
637 1291 841 1327 appropinquat
862 1298 978 1326 regnum
1003 1290 1048 1318 Dei
1072 1298 1120 1327 per
1134 1299 1206 1327 yra-

363 1338 434 1366 tiam
457 1337 658 1374 baptismalem
687 1341 814 1374 respectu
836 1337 909 1365 mali
939 1337 1110 1370 ctinoventli,·
1132 1337 1205 1366 unde

362 1384 463 1413 dicitur
485 1385 590 1413 Ioannis
612 1385 693 1413 tertio
706 1385 734 1412 2ε
749 1383 816 1412 Nisi
836 1384 902 1421 quis
923 1388 1045 1412 renatus
1065 1383 1156 1421 sitierit
1171 1393 1206 1412 ex

362 1439 442 1468 aqua
462 1435 486 1459 et
509 1431 620 1467 Spiritu
643 1435 760 1464 sancto,
784 1439 838 1459 non
859 1435 949 1467 potest
965 1431 1087 1459 introire
1108 1431 1139 1459 in
1161 1440 1205 1459 re-

359 1486 452 1514 gynum
477 1478 533 1506 Dei.
558 1478 641 1513 Quod
664 1482 768 1506 natum
794 1481 833 1506 est
853 1487 887 1506 eac
909 1486 998 1506 carne
1023 1487 1094 1506 caro
1109 1482 1165 1512 est,
1181 1482 1205 1506 et

361 1524 438 1561 quod
452 1528 555 1552 natum
569 1528 609 1552 est
629 1532 664 1552 eat
685 1524 794 1561 spiritu
815 1525 940 1561 spiritus
954 1528 1002 1553 est.
1019 1525 1089 1561 Quia
1110 1532 1205 1553 omnes

360 1571 499 1599 nascimur
513 1570 569 1607 filii
584 1571 648 1599 irae
663 1574 689 1599 et
704 1571 828 1600 carnales
844 1571 949 1600 ratione
971 1571 1107 1601 foeditatis
1122 1571 1205 1608 origi-

359 1617 428 1645 nalis
450 1618 561 1654 culpae,
585 1618 644 1646 ideo
666 1618 736 1647 iuste
758 1626 856 1647 sumus
877 1619 976 1655 privati
993 1619 1039 1647 illa
1055 1619 1205 1647 hereditate

360 1664 435 1700 regni
458 1665 593 1698 caelestis,
616 1673 665 1693 nec
699 1673 846 1702 possumus
877 1665 910 1693 ad
943 1665 1009 1694 illud
1042 1665 1204 1702 pervenire,

359 1711 408 1740 nisi
432 1720 480 1748 per
501 1712 617 1748 gratiam
650 1712 855 1749 baptismalem,
877 1713 983 1741 ratione
1015 1713 1095 1741 cuius
1121 1713 1206 1741 effici-

358 1766 422 1787 mur
445 1759 617 1787 mundissimi
639 1763 666 1787 et
687 1760 861 1796 spirituales,
883 1763 909 1788 et
931 1760 969 1788 sic
992 1763 1123 1797 tanquam
1146 1760 1204 1788 veri

359 1804 473 1833 heredes
497 1806 548 1834 Dei
568 1810 593 1834 et
614 1805 764 1835 coheredes
787 1805 912 1840 Cltristi,
936 1806 1150 1844 transferimur
1172 1807 1205 1835 in

359 1861 480 1889 regynum
504 1853 575 1881 Filii
595 1853 757 1882 dilectionis
778 1853 884 1888 81111133,
905 1853 977 1891 quia
998 1862 1069 1882 caro
1090 1858 1115 1882 et
1135 1862 1204 1882 31111-

357 1900 425 1937 ginis
446 1908 569 1936 rcynum
602 1900 654 1928 Dei
680 1900 830 1937 possidere
861 1909 919 1929 non
948 1904 1088 1937 possunt,
1116 1910 1205 1939 neque

359 1948 509 1983 corruptio
531 1947 761 1984 incorruptelam
783 1947 948 1984 possidebit.

437 1994 562 2022 Secundo
583 1994 787 2031 appropinquat
809 2002 925 2031 reguum
941 1995 989 2024 Dei
1007 2003 1055 2031 per
1069 1995 1204 2032 qratiam

355 2041 584 2078 poenitentialem
608 2044 737 2078 respectu
759 2042 852 2070 ardui
872 2040 1048 2076 inclzoancli;
1062 2045 1090 2071 et
1104 2042 1138 2071 de
1153 2042 1205 2071 hoc

359 2087 459 2116 dieitur
491 2089 617 2117 Matthaei
651 2089 775 2117 terti04:
799 2089 1007 2117 Poenitentiam
1037 2089 1130 2126 aqitffl
1152 2098 1205 2126 ap-

359 2135 567 2173 propinquavit
588 2135 662 2163 enim
685 2144 810 2173 reginum
831 2136 989 2164 caelorum.
1005 2153 1042 2156 -
1058 2136 1095 2164 llli
1111 2140 1205 2173 ayunt

356 2182 577 2219 poenitentiam,
601 2183 648 2220 qui
671 2181 789 2219 faciunt
809 2183 913 2220 (liquos
927 2182 1047 2220 fructus
1058 2183 1204 2220 poeniten-

359 2229 431 2257 tiae:
455 2229 480 2257 in
507 2230 648 2259 exercitiis.
676 2230 817 2259 virtuosae
848 2230 1016 2266 operationis
1047 2230 1204 2267 castigando

359 2283 460 2312 corpus
481 2277 640 2313 proprium,
656 2277 683 2305 in
700 2277 778 2305 bonis
800 2277 935 2313 exemplis
956 2276 1125 2305 aedificando
1140 2285 1204 2313 pro-

360 2323 487 2357 ximum,
521 2324 547 2352 in
579 2324 717 2352 continuis
749 2324 877 2352 laudibus
913 2323 1075 2352 honorando
1106 2324 1202 2352 Deum.

359 2370 433 2398 Unde
455 2370 501 2406 qui
524 2371 599 2404 vult,
628 2374 659 2399 ut
687 2371 891 2407 appropinquet
919 2370 969 2399 sibi
1001 2378 1116 2407 regnum
1138 2370 1203 2404 Dei,

358 2416 438 2445 debet
453 2417 550 2453 facere
564 2417 668 2453 (liquos
681 2416 801 2454 fh'uetus
819 2417 1020 2454 poenitentiae,
1040 2416 1204 2445 eradicando

358 2471 373 2491 a
395 2471 423 2492 se
445 2464 503 2500 ipso
524 2465 615 2492 omnia
637 2464 767 2493 vitiorum
799 2472 916 2501 genera,
939 2464 1004 2501 quia
1025 2472 1079 2492 non
1102 2467 1143 2492 est
1163 2463 1204 2492 di-

359 2517 429 2545 gnus
451 2510 555 2539 intrare
575 2511 720 2548 superbus
751 2514 778 2539 et
798 2511 886 2545 altus,
909 2511 975 2548 quia
995 2511 1029 2539 ad
1052 2511 1155 2539 humile
1177 2513 1203 2539 et

359 2556 470 2585 bassum
493 2558 615 2591 ostium,
638 2558 715 2595 quod
728 2562 769 2586 est
786 2557 919 2587 Christus
931 2558 952 2592 ⁵,
971 2561 1054 2595 caput
1069 2565 1203 2594 conquas-

422 2709 428 2721 ¹
447 2709 491 2732 Ctr.
511 2710 546 2732 Vl.
563 2711 649 2738 Digest.
667 2711 698 2733 111.
720 2712 737 2734 Ι.
757 2712 771 2733 1.
788 2712 825 2734 68.

422 2748 430 2760 ²
448 2749 513 2771 Vei-s.
532 2750 553 2771 5.
571 2750 597 2777 (ὃς
615 2753 742 2778 sequuntur
759 2752 817 2778 Eph.
835 2752 862 2778 2,
880 2752 901 2773 3.
919 2754 941 2773 et
957 2752 1024 2773 Rom.
1042 2751 1063 2777 8,
1085 2751 1118 2773 17.

421 2786 430 2799 ³
447 2787 493 2810 Col.
515 2789 532 2815 l,
555 2789 592 2816 133
610 2789 713 2817 sequitur
732 2790 745 2811 l.
764 2789 815 2812 Cor.
837 2790 869 2817 15,
887 2790 923 2812 50.

420 2825 430 2837 “¹
447 2827 512 2849 Vers.
530 2828 553 2855 (ἐς
572 2828 675 2856 sequitur
692 2829 745 2850 Luc.
765 2829 785 2856 3,
804 2829 824 2850 8.

422 2864 431 2877 ³
448 2866 577 2893 1)-051110111111
595 2867 655 2889 10011.
673 2868 714 2895 lt),
731 2867 753 2889 7.
772 2868 798 2895 93
816 2871 944 2896 sequuntur
956 2868 991 2889 Ps.
1013 2868 1062 2894 1-21,
1075 2867 1096 2889 3.
1114 2870 1136 2889 et
1148 2867 1202 2888 Phil.

360 2904 383 2927 i,
401 2904 423 2926 7.

422 2943 431 2955 Β·
447 2944 576 2972 Respieitnr
594 2945 670 2967 Matth.
692 2946 728 2974 19,
746 2945 788 2973 2-1-;
806 2946 860 2968 dein
878 2949 1005 2974 sequuntur
1023 2946 1089 2968 Rom.
1112 2945 1143 2973 11,
1167 2945 1200 2967 17,

359 2986 381 3004 01
399 2983 474 3005 11101111.
492 2984 528 3011 22,
546 2985 582 3005 30.

423 3021 430 3033 ⁷
450 3022 514 3044 Vers.
531 3023 568 3044 50.

1025 233 1196 262 SERMONES
1218 233 1261 261 DF.
1282 232 1445 260 TEMPORE.

1261 312 1349 342 saret;
1372 317 1425 337 11011
1450 308 1584 342 invidus,
1614 309 1680 346 quia
1707 310 1769 337 eius
1797 310 1988 347 participatio
2010 311 2041 339 in
2068 311 2109 339 itl-

1262 355 1377 392 ipsum,·
1398 363 1452 383 001]
1481 355 1648 383 iracundus
1669 359 1696 384 et
1717 364 1896 390 rancorosus,
1918 357 1983 393 quia
2009 357 2045 386 ibi
2067 360 2109 386 est

1262 409 1371 429 summa
1390 410 1469 438 pax,
1491 410 1565 439 quae
1586 406 1743 438 exsuperat
1764 411 1875 431 omnem
1897 411 2032 437 sensuim-
2053 412 2107 432 non

1262 456 1386 481 (lucu-us,
1409 448 1474 484 quia
1494 448 1617 477 toramen
1635 452 1783 485 angustum
1798 450 1933 478 camelum
1945 450 1955 466 ‘³
1971 458 2033 478 cum
2049 458 2108 479 sar-

1262 494 1330 522 cinis
1352 502 1405 522 non
1427 494 1562 529 admittit3
1585 503 1638 523 non
1659 495 1794 531 ffltlosus,
1817 496 1882 533 quia
1910 504 2034 534 1091111111-
2057 497 2109 525 Dei

1262 544 1381 568 nonest
1409 549 1475 569 esea
1503 545 1528 569 ct
1552 545 1657 578 potus;
1688 550 1743 570 non
1772 542 1962 577 luxuriosus,
1984 543 2050 580 quia
2070 543 2107 572 ibi

1262 595 1351 624 neque
1378 587 1498 622 nubent,
1528 597 1617 626 neque
1648 588 1803 618 nubentur.
1826 589 1957 618 Similiter
1985 598 2055 618 caro
2083 594 2109 618 et

1262 634 1387 671 sanquis
1409 643 1531 672 reanum
1555 636 1606 664 Dei
1626 644 1684 664 non
1702 636 1904 673 possidebunt,
1920 637 1992 666 sicut
2005 637 2107 666 dicitur

1264 680 1368 716 primae
1389 681 1422 709 ad
1444 681 1601 710 Corinthios
1621 682 1727 711 decimo
1749 683 1876 719 quinto⁷.

1342 728 1434 756 Tertio
1456 728 1535 757 modo
1556 729 1761 766 appropinquat
1780 737 1895 766 regnum
1911 730 1957 759 Dei
1975 738 2023 767 per
2036 739 2108 768 yra-

1264 773 1334 802 tiam
1363 774 1479 811 finalem
1514 778 1641 812 respectu
1673 775 1741 804 boni
1770 777 2014 810 eonsununamlk
2034 777 2108 806 unde

1263 821 1364 850 (lleitur
1386 822 1502 851 Actuum
1524 822 1629 851 decimo
1651 823 1789 859 quartossz
1813 824 1871 852 Per
1892 824 2001 852 multas
2016 823 2109 852 tribu-

1264 867 1384 896 lationes
1405 873 1515 905 oportet
1535 877 1587 897 nos
1609 869 1723 898 intrare
1753 870 1784 898 in
1805 878 1930 907 regynum
1950 870 2107 899 caelorum.

1265 914 1295 942 Et
1317 915 1386 943 ratio
1408 915 1492 944 huius
1514 919 1570 950 est,
1592 916 1658 953 quia
1679 916 1752 945 Deus
1774 917 1881 945 nullum
1904 917 2001 954 recipit
2016 917 2043 946 in
2065 925 2108 946 re-

1263 969 1348 997 gnum
1370 969 1452 990 suum
1481 962 1531 991 nisi
1554 963 1688 996 amicum;
1721 963 1816 992 nullus
1843 967 1884 992 est
1911 964 2034 998 amicus,
2055 963 2108 992 nisi

1264 1007 1298 1036 sit
1319 1008 1438 1037 tinaliter
1466 1016 1515 1045 per
1544 1009 1703 1045 patientiam
1737 1010 1885 1046 probatus;
1907 1010 1981 1039 unde
2012 1010 2046 1039 ad
2067 1010 2109 1039 in-

1264 1054 1393 1082 trandum
1416 1055 1483 1083 illud
1505 1063 1638 1092 regnum,
1661 1056 1735 1093 quod
1757 1060 1798 1085 est
1825 1065 1967 1094 magnum
1990 1057 2109 1094 longitu-

1263 1100 1326 1129 dine
1347 1101 1532 1135 aeternitatis,
1549 1102 1762 1131 interminabile
1777 1103 1921 1132 latitudine
1942 1103 2108 1140 capacitatis,

1263 1147 1470 1176 incoctretabile
1499 1149 1525 1177 in
1557 1149 1720 1178 celsitudine
1751 1150 1928 1179 sublimitatis
1955 1150 2109 1186 incompre-

1264 1193 1421 1228 hensibilis,
1444 1195 1525 1223 debet
1546 1203 1656 1232 semper
1678 1196 1781 1225 habere
1809 1197 1836 1225 in
1858 1197 1999 1233 proposito
2020 1200 2110 1225 aeter-

1262 1240 1375 1269 nitatem
1398 1241 1485 1270 bonae
1506 1242 1667 1276 voluntatis,
1689 1243 1989 1280 impermutabilitatem
2005 1244 2109 1281 gratui-

1264 1290 1306 1316 tae
1335 1288 1463 1323 virtutis,
1489 1293 1516 1317 et
1547 1290 1684 1318 sustinere
1715 1290 1885 1319 confidenter
1916 1291 2108 1327 poenalitatem

1263 1334 1400 1363 humanae
1422 1335 1549 1364 miseriae
1570 1339 1596 1365 et
1618 1336 1793 1365 infirmitatis.
1816 1337 1952 1374 Rogemus
1973 1345 2039 1375 ergo
2062 1338 2110 1366 Do-

1262 1381 1368 1410 minum
1391 1385 1441 1410 etc.

1605 1477 1695 1505 5011110
1717 1477 1737 1505 Il
1749 1477 1767 1505 ⁰.

1347 1570 1382 1598 Ut
1401 1570 1458 1606 lilii
1479 1570 1554 1599 lucis
1575 1570 1738 1604 ambulate,
1760 1571 1793 1600 ad
1816 1571 1947 1608 Ephesios
1968 1572 2109 1609 quinto10.

1343 1617 1521 1653 (Prothema).
1545 1618 1641 1652 Beati,
1664 1618 1716 1655 (sui
1736 1618 1865 1647 audiunt
1885 1618 2003 1647 verbum
2021 1619 2073 1648 Dei
2086 1623 2111 1647 et

1263 1664 1430 1692 custodiunt
1445 1663 1527 1698 illud,
1540 1665 1628 1693 Lucae
1645 1665 1789 1694 undecimo
1799 1666 1830 1693 ¹¹.
1843 1665 1965 1694 Verbum
1981 1666 2110 1694 ultimum

1263 1714 1304 1739 est-
1325 1711 1441 1740 verbum
1464 1711 1613 1740 Salvatoris
1634 1715 1662 1740 et
1676 1712 1809 1741 recitatur
1826 1712 1905 1741 hodie
1920 1712 1947 1741 in
1963 1712 2017 1741 fine
2031 1720 2111 1741 evan-

1263 1758 1364 1794 gelicae
1386 1758 1518 1787 lectionis.
1544 1758 1580 1787 lbi
1603 1759 1727 1787 Salvator
1748 1762 1841 1788 noster
1862 1767 1912 1788 nos
1933 1759 2047 1788 instruit
2060 1760 2111 1788 ele-

1262 1809 1359 1842 ganter
1377 1810 1499 1842 propter
1520 1806 1592 1843 1111111
1613 1806 1842 1842 praedicandum,
1869 1806 1974 1845 quibus
2003 1807 2110 1844 praedi-

1263 1852 1398 1886 candum,
1420 1853 1491 1890 quill
1512 1852 1726 1889 praedicandum
1755 1857 1783 1882 et
1803 1853 1929 1891 qualiter
1951 1854 2110 1890 praedican-

1262 1899 1338 1927 dum.
1363 1900 1487 1936 Propter
1507 1899 1579 1938 quial
1599 1900 1671 1928 enim
1688 1900 1923 1936 praedicandum?
1939 1900 1989 1929 nisi
2006 1903 2037 1929 ut
2051 1909 2109 1935 nos,

1263 1949 1317 1974 tam
1340 1946 1529 1983 praedicantes
1550 1955 1632 1983 quam
1654 1946 1806 1981 audientes,
1829 1947 1915 1976 simus
1937 1947 2019 1976 beati.
2040 1948 2110 1984 Qui-

1263 1992 1316 2021 bus
1337 1993 1574 2030 praedicandum?
1589 1993 1639 2022 nisi
1655 1993 1708 2022 illis
1723 1993 1775 2032 qui
1788 1994 1924 2022 audiunt.
1942 1994 2019 2030 Quicl
2033 2002 2110 2031 prae-

1262 2040 1429 2069 dicandum?
1444 2040 1495 2069 nisi
1510 2040 1631 2069 verbum
1648 2041 1706 2069 Dei.
1725 2041 1856 2076 Qualiter
1875 2041 2110 2077 praedicandum?

1262 2087 1313 2116 nisi
1335 2091 1419 2124 prout
1440 2087 1552 2124 expeciit
1573 2087 1614 2115 acl
1634 2088 1865 2116 custodiendum.

1341 2134 1485 2171 Eleganter
1507 2134 1594 2162 dixit:
1617 2134 1710 2168 Beati,
1732 2138 1763 2163 ut
1784 2143 1834 2163 nos
1855 2135 2019 2170 instrueret,
2038 2144 2109 2172 pro-

1258 2184 1325 2218 pter
1346 2181 1416 2219 quid
1438 2181 1664 2217 praedicandum,
1686 2181 1751 2218 quia
1766 2190 1819 2210 non
1836 2185 1950 2218 propter
1966 2182 2109 2211 hominum

1261 2228 1502 2264 complacendam,
1524 2236 1578 2256 non
1601 2232 1715 2265 propter
1736 2228 1896 2263 avaritiam,
1919 2237 1973 2257 non
1995 2233 2109 2266 propter

1260 2275 1459 2311 apparentiam,
1481 2274 1529 2303 sed
1550 2278 1664 2311 propter
1685 2275 1863 2304 beatitudinis
1877 2275 2002 2312 gloriam.
2019 2276 2109 2305 Primo

1262 2321 1342 2350 modo
1363 2321 1522 2358 praedicant
1543 2321 1716 2355 adulatores,
1739 2322 1860 2351 secundo
1881 2323 2043 2351 mercenarii
2068 2323 2108 2352 vel

1261 2372 1431 2405 quaestores,
1455 2368 1536 2397 tertio
1557 2372 1749 2403 ostentatores,
1772 2372 1872 2405 quarto
1893 2369 2049 2398 animarum
2065 2377 2108 2398 ze-

1261 2416 1370 2444 latores.
1394 2416 1508 2452 Propter
1530 2416 1582 2444 hoc
1598 2416 1773 2452 praedicabat
1787 2417 1947 2453 Apostolus3
1963 2417 2036 2445 unde
2051 2417 2108 2454 pri—

1261 2471 1321 2491 mae
1342 2463 1376 2491 ad
1398 2463 1654 2492 Thessalonicenses
1675 2463 1796 2492 secundo
1810 2465 1847 2492 l2²:
1871 2464 1917 2492 lta
1943 2464 2107 2502 loquimur,

1261 2518 1317 2538 non
1334 2509 1422 2547 quasi
1435 2509 1601 2538 hominibus
1613 2510 1772 2546 placentes,
1787 2510 1837 2538 secl
1854 2511 1923 2545 Deo,
1939 2510 1991 2549 qui
2000 2511 2109 2548 probat

1261 2557 1352 2585 corda
1373 2560 1493 2590 nostra,
1515 2557 1618 2586 scilicet
1640 2557 1714 2594 quod
1745 2565 1843 2586 sumus
1875 2558 1931 2586 veri
1965 2558 2106 2587 zelatores.

1323 2711 1331 2723 s
1351 2711 1415 2732 Vers.
1432 2712 1470 2733 21.

1231 2712 1233 2790 ἱ
1323 2748 1332 2760 ⁹
1350 2750 1378 2771 Ex
1397 2750 1448 2772 cod.
1466 2749 1585 2772 Parisiensi
1603 2749 1617 2771 S
1636 2749 1674 2771 sol.
1694 2749 1737 2771 308
1751 2756 1781 2776 xx,
1795 2748 1833 2771 ubi
1850 2752 1884 2771 est
1900 2749 1949 2771 sine
1966 2749 2057 2771 nomine
2069 2755 2107 2771 au-

1260 2789 1337 2811 ctoris.
1355 2789 1399 2811 Sed
1417 2795 1429 2811 a
1448 2789 1470 2811 Ρ.
1488 2789 1557 2811 Fideli
1575 2795 1587 2810 a
1605 2789 1680 2811 Fauna
1703 2788 1797 2810 omnino
1820 2788 1927 2811 tribuitur
1945 2789 1967 2810 S.
1989 2789 2107 2810 bonaven-

1260 2831 1332 2854 turae,
1349 2828 1415 2850 cuius
1432 2828 1568 2850 sententiam
1587 2828 1707 2850 confirmat
1730 2828 1817 2850 indoles
1839 2828 1952 2850 sermonis
1974 2827 2067 2855 egregIa
2085 2829 2107 2849 et

1259 2867 1472 2895 Bonaventuriana,
1490 2873 1516 2889 ac
1534 2867 1597 2896 quod
1614 2867 1676 2889 idem
1695 2867 1765 2889 codex
1784 2867 1839 2889 alios
1857 2866 1926 2889 habet
1943 2872 2061 2889 sermones
2083 2867 2107 2888 S.

1260 2907 1435 2928 Bouaventurae
1453 2906 1534 2934 11011101
1554 2913 1606 2929 cum
1624 2906 1717 2928 nomine
1734 2906 1846 2934 auctoris,
1862 2906 1946 2934 partim
1963 2906 2011 2928 sine
2028 2912 2064 2928 eo.

1323 2944 1341 2956 ¹⁴³
1360 2946 1424 2967 Vers.
1443 2946 1464 2972 S,
1481 2946 1520 2974 qui
1538 2947 1601 2968 locus
1618 2945 1717 2968 ocem-ru
1733 2946 1756 2967 in
1773 2945 1871 2973 Epistola
1884 2945 1952 2967 huius
1964 2944 2104 2967 Dominicae.

1322 2984 1340 2996 ¹¹
1361 2985 1424 3007 Vers.
1442 2985 1479 3007 28.

1324 3022 1342 3035 ¹²
1360 3024 1426 3045 Yers.
1445 3024 1464 3046 4.

2134 736 2203 759 Tertio,
2216 737 2235 758 d<

2122 760 2181 783 gratia
2193 761 2234 781 final

2127 1624 2235 1644 introductio

2126 1811 2205 1831 Divisio.

2133 2139 2231 2163 Explicant-

2125 2163 2209 2190 0101111113.
2224 2163 2231 2181 ti

2125 2192 2209 2206 visionis.
