2243 3348
322 159 366 188 xli
1036 154 1276 184 PROLEGOMENA
1298 155 1325 184 C.
1347 156 1364 184 1.

323 237 449 265 gentilium,
462 243 521 266 quae
540 237 560 258 in
578 237 682 265 sequenti
701 239 765 264 parte
782 238 913 263 occurrunt,
927 235 1044 257 citationes
1057 234 1167 256 maiorem

324 283 432 312 ingerunt
448 283 603 312 suspicionem
622 283 724 305 salsitatis
736 291 758 304 n.

386 330 489 359 Plerique
508 331 590 352 horum
609 336 742 352 sermonum
761 329 847 352 habent
859 329 945 357 passim
963 328 1086 351 sententias
1099 330 1120 350 ct
1132 328 1169 350 ali-

322 384 381 407 quas
397 377 524 400 divisiones
542 383 554 399 a
567 377 727 399 Bonaventura
739 382 785 398 non
803 376 901 403 alienas,
918 375 959 398 sed
972 375 1000 397 ita
1013 375 1043 397 ab
1055 375 1104 397 aliis
1116 377 1168 397 sunt

322 425 489 452 transformati,
507 425 558 447 hinc
576 424 628 447 inde.
640 424 739 450 adaucti,
757 424 792 445 vel
810 426 834 445 ut
856 423 981 451 plurimum
1002 421 1129 444 abbreviati
1147 424 1168 444 et

323 478 375 495 011111
399 472 478 494 alienis
500 470 619 493 laboribus
636 470 754 498 permixti,
772 473 797 492 ut
813 469 868 498 quid
894 469 988 497 proprie
1010 468 1123 497 pertineat
1139 468 1168 490 ad

323 519 515 544 Bonaventuram,
528 516 626 539 discerni
645 522 690 538 non
707 515 788 543 possit.
800 515 862 537 Multi
874 521 954 537 eorum
974 513 1085 539 habentur
1098 514 1119 536 in
1137 514 1169 536 di-

323 565 396 587 versis
413 563 553 586 editionibus
570 566 591 585 et
603 562 730 589 codicibus,
747 562 788 584 sed
800 568 847 584 non
864 561 912 584 sine
924 560 1088 589 additionibus,
1099 561 1168 583 omis-

323 611 428 634 sionibus
445 614 468 633 et
479 611 555 633 multis
572 609 723 632 variantibus.
732 610 778 631 Ilac
796 609 884 631 ratione
895 609 966 636 ducti,
983 609 1072 631 nullum
1084 610 1168 631 horum

324 665 456 681 sermonum
475 659 498 680 in
516 660 616 680 nostram
635 657 758 680 editionem
777 657 915 684 recepimus.

578 726 606 749 Il.
625 726 654 749 De
671 726 769 749 editione
787 733 823 749 an.
843 725 912 749 1479.

386 798 508 827 Antiquior
526 798 583 820 inter
599 804 681 820 omnes
698 798 823 824 editiones,
841 803 901 826 quae
924 797 1009 819 habent
1026 797 1169 819 collectiones

323 852 457 869 sermonum
475 847 498 868 S.
516 846 697 872 Bonaventurae,
715 847 749 867 est
766 845 836 867 editio
854 846 911 867 sacta
928 845 1019 867 Zwollis
1040 850 1077 867 an.
1104 844 1168 866 1479.

323 894 369 916 Fol.
386 895 390 915 1
412 893 504 921 incipit:
526 902 535 913 α
548 893 596 915 Hoc
614 893 728 920 praesenti
747 892 877 919 volumine,
898 892 934 914 cui
952 898 1007 914 vere
1024 892 1133 920 competit
1146 891 1170 913 il-

323 941 362 963 lud
380 940 475 963 comici:
494 940 635 963 invidiosum
654 939 750 967 bonum,
770 941 792 961 et
809 939 871 967 quod
894 939 984 967 priores
1006 938 1168 961 absconditum

324 994 447 1010 servavere
464 987 485 1009 111
504 987 627 1009 amicitiam
645 985 849 1013 coniunctissimis,
867 985 983 1014 plerisque
1000 985 1065 1007 facile
1082 985 1170 1007 deside-

323 1037 382 1061 ratu,
399 1034 438 1056 sed
457 1036 591 1061 comparatu
610 1033 713 1056 difficile:
732 1036 826 1055 ventura
851 1032 910 1054 bona
936 1032 1040 1054 docentis
1056 1032 1170 1060 seraphici

324 1081 424 1103 doctoris
441 1082 601 1103 Bonaventure
623 1082 767 1102 sacrosancte
793 1080 896 1101 Romane
914 1079 1023 1101 ecclesiae
1048 1079 1170 1101 cardinalis

323 1128 465 1156 dignissimi:
483 1133 617 1149 sermonum
635 1127 664 1149 de
682 1130 786 1154 tempore
802 1126 869 1148 simul
887 1129 908 1148 et
925 1126 1021 1152 sanctis,
1039 1128 1061 1148 ot
1078 1126 1097 1148 si
1114 1125 1170 1148 invi-

323 1175 414 1197 diosum
433 1180 477 1196 non
496 1178 571 1196 tamen
590 1174 757 1195 insi-actuosum
783 1179 855 1200 opus:
874 1174 983 1195 hactenus
1008 1171 1169 1195 absconditum

324 1225 346 1244 et
362 1222 490 1244 occultum:
508 1227 569 1243 nunc
587 1220 678 1243 tandem
697 1220 843 1248 impressoria
862 1222 909 1242 arte
927 1220 1003 1247 palam
1021 1219 1125 1247 procedit
1146 1219 1169 1241 in

323 1269 407 1290 luccm.

615 1316 646 1338 De
664 1315 764 1337 adventu
783 1315 872 1337 Sermo.

387 1363 468 1386 Veniet
485 1362 629 1385 desideratus
646 1362 734 1384 cunctis
751 1361 866 1389 gentibus,
884 1361 971 1389 Aggaei
989 1362 1003 1383 2
1017 1370 1038 1382 n.

387 1410 410 1431 ln
428 1410 472 1431 fine
490 1409 599 1431 habetur:
620 1417 630 1429 α
642 1409 741 1431 Ventura
755 1408 814 1431 bona
828 1408 932 1430 docentis
942 1407 1056 1435 seraphici
1069 1408 1170 1430 doctoris

325 1457 484 1479 Bonax-enture
501 1459 647 1478 sacrosancte
665 1456 768 1478 Romane
784 1455 880 1477 ecclesie
898 1454 1023 1477 Cardinalis
1040 1454 1169 1482 dignissimi

324 1503 352 1525 de
371 1507 475 1531 tempore
492 1503 558 1525 simul
577 1505 598 1524 et
623 1503 706 1525 sanctis
729 1503 915 1530 perfructuosum
937 1508 997 1529 opus
1014 1501 1106 1523 Zwollis
1130 1501 1170 1523 im-

324 1556 443 1578 pressumz
460 1550 563 1572 Feliciter
580 1549 682 1577 explicit:
700 1551 765 1571 Anno
778 1549 865 1571 domini
884 1548 1002 1571 Millesimo
1014 1549 1170 1577 quadringen-

323 1598 404 1619 tesimo
422 1597 594 1625 septuagesimo
612 1603 671 1619 nono
684 1605 705 1618 ».

385 1645 507 1666 Sermoncs
525 1644 554 1666 de
572 1644 689 1671 Tempore
711 1647 763 1666 sunt
785 1644 834 1671 127,
860 1644 889 1666 de
911 1644 1006 1671 Propi-io
1031 1645 1168 1667 Sanctorum

321 1694 375 1714 sunt
392 1691 421 1713 54
438 1694 459 1713 et
477 1691 506 1713 de
524 1690 647 1713 Communi
665 1692 802 1713 Sanctorum
820 1693 907 1712 tantum
930 1691 963 1712 ¹7.

384 1738 457 1761 Huius
474 1738 581 1760 editionis
598 1743 717 1759 sermones
728 1738 758 1760 de
773 1737 886 1766 Tempore
899 1744 943 1760 non
961 1738 1103 1760 conveniunt
1115 1744 1168 1760 cum

322 1785 396 1812 editis,
414 1791 488 1813 neque
501 1785 523 1806 in
537 1784 644 1806 Vaticana
658 1790 733 1812 neque
745 1784 769 1806 in
782 1787 858 1806 nostra
870 1784 983 1811 editione,
996 1784 1037 1806 nisi
1051 1785 1103 1806 hinc
1115 1784 1170 1807 inde

323 1832 344 1853 in
358 1831 470 1853 nonnullis
488 1830 641 1853 divisionibus
653 1834 674 1852 et
686 1831 815 1857 sententiis,
827 1831 895 1853 etiam
907 1831 926 1853 si
939 1834 1036 1860 uterque
1047 1837 1124 1853 sermo
1136 1834 1170 1854 est

323 1879 352 1900 de
369 1878 452 1900 eodem
470 1879 578 1900 themate.
595 1878 643 1899 Hoc
661 1880 730 1905 patet,
747 1878 765 1899 si
784 1883 948 1905 comparamus
973 1884 1007 1900 ex.
1033 1884 1068 1905 gr.
1090 1884 1169 1900 secun—

322 1926 379 1947 dum
404 1931 535 1947 sermonem
562 1924 591 1946 de
615 1924 628 1946 Ι.
652 1924 770 1946 Dominica
791 1924 922 1946 Adventus:
954 1923 1030 1947 Veniet
1052 1924 1169 1947 desidera-

323 1974 360 1995 tus
378 1972 468 1995 cunctis
484 1970 605 2001 amitibus,
629 1972 717 1999 Aggaei
734 1972 849 1999 secundo,
866 1977 919 1994 cum
942 1978 1050 1994 sermone
1067 1972 1169 1994 secundo

323 2019 498 2041 Bonaventurae
516 2025 558 2046 pro
574 2018 690 2040 Dominica
710 2018 724 2040 l.
742 2018 873 2045 Adventus,
899 2019 965 2040 cuius
986 2018 1069 2041 divisio
1087 2019 1168 2047 princi-

322 2065 380 2094 pal'ts
397 2069 431 2088 est
448 2067 515 2088 haec:
536 2074 546 2085 a
560 2065 635 2087 Primo
653 2068 744 2088 notatur
767 2065 897 2095 bcniqnitas
923 2071 949 2088 ex
975 2068 1039 2094 parte
1064 2066 1110 2088 Filii
1128 2066 1168 2088 Dei

324 2113 448 2140 venientis,
466 2103 573 2135 secundo
586 2112 662 2135 animi
678 2112 802 2136 sinceritas
820 2119 846 2135 ex
859 2116 924 2141 parte
940 2113 1019 2141 populi
1031 2113 1168 2141 appetentis,

323 2160 389 2182 tertio
406 2159 497 2183 utilitas
514 2166 540 2182 ex
558 2163 622 2187 parte
640 2160 691 2182 finis
708 2160 870 2189 subsequentis
881 2168 903 2182 ».
928 2160 1027 2189 Antiqua
1046 2161 1080 2183 illa
1099 2161 1168 2183 editio

323 2207 392 2229 habet
409 2208 467 2229 hanc
484 2207 598 2229 sermonis
615 2207 765 2229 divisionem:
790 2215 801 2228 (1
813 2207 880 2234 Dico,
906 2207 969 2236 quod
995 2208 1065 2230 sancti
1092 2208 1168 2230 Patres

322 2254 449 2276 adventum
467 2254 613 2276 Dominicum
636 2254 780 2282 aspirabant,
803 2255 857 2283 quia
880 2257 961 2277 natura
985 2253 1113 2282 incitrtbat,·
1136 2260 1169 2276 se-

322 2301 405 2328 cundo,
423 2301 476 2329 quia
495 2307 560 2323 amor
584 2300 731 2328 intendebat;
749 2301 827 2326 tertio.
845 2301 967 2323 necessitas
988 2300 1134 2330 peruryebat
1146 2310 1167 2323 n.

323 2349 392 2370 Porro
409 2348 503 2376 exponit
519 2347 594 2370 aliani
618 2348 756 2370 divisionem
782 2348 827 2370 sic:
849 2357 859 2367 «
873 2349 894 2370 ln
920 2354 967 2376 quo
990 2348 1069 2376 utique
1095 2347 1167 2370 verbo

322 2398 462 2417 monstratur
479 2398 501 2417 et
519 2395 608 2417 Domini
626 2395 739 2417 venientis
756 2393 878 2417 humilitas
904 2397 925 2416 et
950 2395 1101 2422 exspectantis
1127 2401 1167 2422 po-

322 2442 369 2469 puli
387 2441 555 2463 desideriorum
574 2441 722 2463 immensitas
739 2444 761 2463 et
774 2441 842 2463 etiam
855 2441 934 2469 populi
946 2441 1110 2470 subsequentis
1121 2441 1168 2463 uni-

322 2488 417 2510 versalis
434 2487 532 2510 utilitas.
550 2488 680 2510 Notandum
698 2494 762 2515 (ιι-ἕο,
780 2488 843 2516 quod
861 2488 921 2510 circa
935 2488 1058 2510 Dominum
1077 2488 1168 2510 venien-

323 2537 367 2557 tem
386 2538 438 2556 sunt
454 2537 554 2563 quatuor
571 2534 721 2561 attendenda,
739 2540 792 2556 nam
813 2534 837 2556 in
863 2534 960 2556 Domino
978 2534 1083 2557 veniente
1100 2534 1168 2557 ‹lebe-

323 2587 374 2603 mus
391 2581 509 2603 attendere
526 2580 672 2603 nzaz'estatem
689 2581 805 2608 divinam,
822 2583 938 2603 ‘teatinam
955 2584 1106 2609 assumptam,
1126 2581 1167 2604 hu-

322 2627 445 2650 militatem
463 2627 611 2655 praecipuam
628 2630 650 2649 et
669 2626 792 2650 utilitatem
809 2627 968 2649 omnimodam
981 2636 1003 2649 i».

385 2674 441 2696 Hinc
459 2677 533 2701 patet,
552 2675 612 2696 hunc
629 2680 760 2696 sermonem
779 2680 829 2696 esse
853 2680 865 2695 a
884 2674 1083 2697 Bonaventuriano
1105 2681 1168 2702 pror-

322 2727 361 2743 sus
379 2721 508 2747 diversun13
526 2721 596 2749 aliqui
613 2724 688 2743 tamen
701 2726 819 2743 sermones
832 2720 918 2743 ibidem
930 2721 1005 2749 magis
1022 2722 1167 2744 conveniunt.

322 2768 459 2796 Plerumque
478 2771 553 2790 tamen
570 2767 619 2795 ipsa
643 2774 689 2789 non
705 2768 774 2789 refert
791 2774 817 2790 ex
830 2768 990 2790 Bonaventura
1007 2768 1049 2790 nisi
1074 2768 1167 2797 aliquod

323 2815 454 2837 membrum
472 2815 602 2842 divisioniS,
626 2820 742 2842 exponens
767 2815 821 2837 illud
847 2814 896 2837 aliis
918 2815 1035 2837 sententiis
1052 2819 1073 2837 et
1092 2815 1168 2837 multis

322 2862 449 2884 rationibus
467 2861 636 2890 philosophicis,
655 2864 679 2883 ut
696 2862 732 2884 vix
752 2861 868 2889 ingenium
892 2862 1066 2884 Bonaventurae
1088 2862 1168 2889 depre-

323 2909 390 2931 nendi
408 2909 486 2937 possit.

1287 233 1466 256 Observandum
1483 237 1528 262 est,
1541 236 1617 263 plures
1629 237 1697 260 huius
1709 238 1814 261 editionis
1830 245 1948 261 sermones
1960 238 1988 260 de
2001 238 2068 260 Tem-

1225 286 1281 308 pore
1306 280 1383 309 quoad
1401 281 1532 304 Dominicas
1550 281 1667 305 Adventus
1690 283 1787 306 inveniri
1809 284 1877 307 etiam
1895 285 1916 307 in
1934 284 2013 307 codice
2037 283 2069 305 bi-

1224 326 1352 350 bliothecae
1370 328 1494 350 vaticanae
1510 334 1531 350 n.
1550 328 1619 351 5933.
1637 335 1697 352 saec.
1714 331 1776 358 Xlll.,
1793 331 1832 360 qui
1850 331 1881 354 ibi
1900 331 2068 354 inscribuntur:

1225 374 1352 398 Sermones
1369 374 1523 398 dominicales
1539 375 1571 404 sr.
1590 375 1674 404 lacobi,
1691 377 1732 399 sed
1744 383 1756 399 a
1770 383 1838 400 mann
1850 379 1920 406 paulo
1935 377 2067 405 posteriore.

1225 421 1331 443 Similiter
1348 421 1489 444 conveniunt
1513 427 1566 444 cum
1593 422 1642 449 ipsa
1665 429 1748 445 novem
1772 430 1889 447 sermones
1911 424 2068 452 dominicales,

1225 468 1311 490 scilicet
1327 468 1348 490 in
1366 468 1490 491 Dominicis
1507 471 1558 496 post
1575 469 1732 498 Pentecosten,
1748 471 1787 498 qui
1814 470 1926 494 habentur
1948 472 1970 493 in
1989 470 2070 493 biblio-

1226 515 1290 538 theca
1309 515 1439 543 Bassseensi,
1456 516 1508 538 cod.
1525 516 1549 538 Β.
1568 516 1598 538 X.
1617 515 1638 538 4.
1663 516 1762 538 membr.
1785 523 1844 539 saec.
1867 518 1934 547 XlV.,
1957 517 1995 540 ubi
2018 520 2071 540 sunt

1225 562 1303 590 plures
1320 568 1453 584 sermonum
1471 562 1627 589 collectiones,
1644 568 1743 591 quarum
1769 562 1869 585 secunda
1891 563 1990 586 continet
2007 569 2070 591 prae-

1226 608 1299 631 dictos
1316 615 1402 631 novem
1420 615 1546 636 sermones,
1568 616 1579 631 a
1599 615 1668 632 11131111
1690 609 1817 632 recentiore
1839 610 2015 632 Bonaventtirae
2032 610 2070 632 tri-

1225 655 1301 678 butos.
1317 656 1420 685 Denique
1434 656 1503 679 ctiam
1517 655 1612 680 Gtessae
1623 656 1645 678 in
1657 656 1744 684 Hassia,
1756 655 1893 679 bibliotheca
1906 656 2070 684 Universitatis,

1225 702 1277 725 cod.
1294 703 1347 725 779.
1361 702 1474 725 habentur
1491 703 1571 725 saltem
1589 706 1688 732 quatuor
1705 703 1808 725 eiusdem
1827 703 1933 726 editionis
1952 709 2070 726 sermones

1225 756 1277 773 cum
1297 750 1388 772 nomine
1406 750 1588 772 Bonaventurae.

1430 821 1470 844 111.
1488 821 1517 844 De
1534 820 1632 844 editione
1649 820 1722 844 tertia
1738 828 1774 844 an.
1794 821 1862 844 1481.

1290 893 1313 915 ln
1330 893 1375 915 fine
1392 892 1497 915 eiusdem
1514 892 1609 920 legitur:
1631 892 1734 915 Ventura
1756 891 1816 915 bona
1834 890 1937 915 docentis
1953 890 2073 921 seraphici

1226 939 1329 963 doctoris
1346 940 1516 963 Bonaecntura
1528 939 1592 968 (sict)
1611 940 1763 962 sacrosancte
1780 939 1885 961 Romane
1907 937 2000 961 ecclesie
2021 944 2072 961 car-

1226 986 1312 1010 dinalis
1330 985 1464 1016 dtqntssimi
1480 986 1507 1009 [le
1524 987 1628 1015 tempore
1645 985 1718 1008 simul
1735 987 1758 1008 et
1772 985 1861 1008 sanctis
1878 991 1933 1008 cum
1951 984 2072 1008 communi

1225 1035 1365 1057 sanctorum
1386 1033 1584 1063 persructuosum
1609 1038 1676 1061 opus.
1705 1033 1850 1061 lnipmssum
1872 1037 1917 1060 pet·
1942 1030 2070 1054 Iohannem

1225 1081 1324 1104 Zainer:
1342 1080 1440 1111 feliciter
1457 1079 1553 1109 emption
1570 1081 1639 1103 Anno
1658 1078 1753 1102 Domini
1767 1077 2072 1108 114ίῖ1σεὶ111οφιαάνίηρεηεε-

1225 1126 1532 1157 sz‘mooctuaqesimoprz‘mo.

1289 1175 1311 1196 ln
1329 1174 1494 1202 principioest
1518 1173 1642 1201 registrum
1667 1172 1747 1195 ordine
1772 1172 1917 1200 alphabetico
1942 1171 2072 1194 collectum.

1226 1221 1318 1243 Numeri
1338 1221 1444 1243 soliorum
1462 1221 1552 1243 desunt.
1571 1220 1658 1242 Deinde
1675 1219 1790 1248 sequitur:
1813 1227 1822 1239 α
1835 1219 1883 1241 Hoc
1909 1217 2007 1246 presenti
2030 1223 2072 1240 vo-

1226 1268 1311 1290 lumine
1328 1268 1364 1290 cui
1383 1273 1438 1290 vere
1455 1266 1566 1295 competit
1583 1266 1636 1289 illud
1654 1265 1747 1288 comici:
1766 1265 1906 1288 invidiosum
1932 1264 2032 1287 bonum:
2050 1266 2072 1286 et

1226 1315 1289 1344 quod
1307 1315 1396 1343 priores
1414 1314 1575 1337 absconditum
1593 1316 1746 1336 servaverunt
1762 1313 1784 1335 in
1797 1312 1920 1335 amicitiam
1938 1311 2072 1334 coniunctis-

1225 1362 1290 1384 simis
1310 1362 1427 1390 plerisque
1452 1361 1517 1383 facile
1541 1360 1697 1383 desideratum
1729 1360 1769 1382 sed
1795 1362 1940 1388 compertum
1966 1359 2070 1381 difficile:

1226 1409 1327 1430 Ventura
1346 1408 1406 1430 bona
1424 1408 1528 1431 docentis
1541 1407 1655 1435 seraphici
1668 1407 1768 1429 doctoris
1780 1407 1940 1429 Bonaventure
1957 1411 2072 1428 sacrosan-

1225 1458 1260 1478 cte
1278 1462 1373 1478 romane
1391 1455 1487 1478 ecclesio
1504 1454 1625 1477 cardinalis
1637 1454 1767 1481 dignissimi
1780 1459 1914 1476 sermonum
1927 1453 1957 1476 de
1969 1455 2072 1480 tempore

1225 1503 1294 1525 simul
1312 1505 1334 1525 et
1350 1502 1447 1530 sanctis,
1464 1504 1487 1524 et
1503 1502 1521 1523 si
1534 1501 1674 1524 invidiosum
1688 1507 1732 1523 non
1745 1503 1821 1523 tamen
1835 1500 2000 1523 infructuosum
2013 1505 2073 1527 opus

1226 1551 1337 1572 hactenus
1354 1548 1459 1572 abditum
1478 1551 1500 1571 et
1517 1548 1632 1571 occultum
1659 1554 1720 1570 nunc
1739 1547 1831 1570 tandem
1855 1547 2002 1575 impressoria
2024 1549 2072 1569 arte

1226 1597 1301 1625 palam
1319 1596 1424 1624 procedit
1442 1596 1462 1618 in
1481 1596 1564 1618 lucem.

1289 1643 1322 1665 De
1339 1643 1440 1665 adventu
1459 1644 1540 1665 Sermo
1553 1642 1654 1670 primns:
1669 1641 1749 1664 Veniet
1760 1641 1904 1664 desideratus
1917 1640 2005 1663 cunctis
2016 1646 2072 1668 gen-

1226 1690 1295 1717 tibus,
1305 1690 1392 1718 Aggaei
1402 1690 1511 1712 secundo.
1524 1689 1547 1712 Si
1559 1689 1630 1712 sancti
1643 1692 1720 1717 patres
1730 1689 1821 1711 Domini
1834 1687 2015 1711 desiderabant»
2030 1690 2073 1710 etc.

1288 1738 1316 1760 Ut
1333 1738 1378 1760 iam
1396 1737 1524 1759 insinuatur
1549 1743 1576 1759 ex
1598 1737 1632 1759 his
1657 1736 1741 1758 notitiis
1764 1735 1892 1763 descriptis,
1917 1737 1974 1758 haec
1995 1735 2073 1762 editio,

1226 1787 1321 1813 excepto
1338 1785 1444 1812 registro,
1461 1784 1556 1806 omnino
1574 1783 1682 1806 convenit
1698 1789 1752 1805 cum
1770 1782 1915 1810 praecedenti
1933 1781 2042 1804 editione.

1399 1854 1437 1877 1v.
1455 1853 1484 1877 De
1501 1853 1599 1877 editione
1617 1853 1666 1876 sino
1683 1853 1729 1876 loco
1747 1852 1771 1876 et
1787 1852 1893 1882 tempore.

1288 1925 1336 1948 Alia
1354 1924 1423 1947 editio
1440 1925 1532 1953 antiqua
1558 1923 1701 1946 inscribitur:
1719 1923 1844 1953 Seraplticz'
1867 1922 1969 1946 doctoris
1987 1923 2013 1946 S.
2029 1923 2073 1946 Bo·

1224 1974 1355 1995 naventure
1372 1971 1400 1995 de
1416 1973 1519 2001 tempore
1537 1972 1557 1994 et
1569 1971 1596 1994 ele
1608 1971 1702 1994 Sancti<
1715 1977 1769 1994 cum
1786 1970 1909 1994 communi
1918 1970 2072 1994 Sanctorum.

1288 2019 1350 2041 Folio
1367 2018 1445 2046 primo
1463 2018 1557 2046 legitur:
1580 2026 1589 2038 α
1602 2019 1725 2040 Sermones
1742 2017 1772 2040 de
1789 2020 1894 2045 tempore
1915 2017 1982 2039 simul
2000 2019 2022 2040 01
2044 2018 2073 2040 de

1225 2067 1309 2089 sanctis
1326 2068 1348 2088 et
1365 2066 1394 2088 de
1411 2066 1530 2088 communi
1551 2066 1695 2088 Sanctorum.
1714 2065 1814 2087 Ventura
1838 2064 1899 2087 bona
1917 2064 2021 2087 docentis
2039 2070 2073 2087 se-

1226 2112 1313 2140 raphici
1331 2115 1352 2135 et
1369 2118 1431 2135 nunc
1448 2112 1520 2134 sancti
1542 2112 1642 2134 doctoris
1665 2112 1825 2134 Bonaventurc
1841 2111 1879 2134 Or.
1899 2113 1938 2134 fra.
1963 2112 2018 2133 min.
2039 2117 2073 2133 sa-

1225 2162 1343 2181 crosancte
1360 2165 1377 2181 r.
1396 2159 1491 2181 ecclesie
1509 2159 1571 2181 card.
1589 2165 1601 2180 a
1625 2165 1706 2181 revmo
1729 2165 1788 2186 papa
1808 2161 1885 2181 nostro
1911 2158 1972 2180 Sixto
1989 2161 2072 2187 quarto

1225 2206 1351 2228 canonizati
1368 2206 1391 2228 in
1409 2205 1538 2234 praesentia
1556 2205 1641 2228 domini
1660 2205 1754 2228 Comitis
1777 2205 1902 2228 Eberhardi
1925 2205 2022 2228 senioris
2043 2205 2072 2227 de

1226 2253 1374 2280 Wirtenberg
1386 2255 1408 2275 et
1419 2253 1448 2275 de
1460 2255 1539 2275 monte
1551 2253 1679 2280 Pelligardo
1691 2252 1810 2274 Dominica
1824 2253 1846 2274 in
1858 2251 1921 2274 Albis
1929 2253 1972 2274 An.
1988 2251 2045 2274 1482
2057 2260 2069 2272 »

1225 2300 1274 2328 (qui
1292 2303 1325 2322 est
1342 2300 1391 2322 dies
1408 2302 1429 2322 et
1446 2306 1519 2322 annus
1536 2300 1733 2328 canonizationis).
1751 2300 1823 2322 Habet
1840 2306 1960 2322 sermones
1976 2300 2005 2322 de
2018 2302 2073 2322 tem-

1224 2353 1280 2375 pore
1297 2347 1334 2374 30,
1352 2347 1381 2369 de
1398 2347 1493 2374 proprio
1511 2347 1646 2369 Sanctorum
1664 2347 1701 2375 90,
1719 2347 1748 2369 (10
1770 2346 1892 2369 Communi
1914 2347 1952 2375 16,
1970 2349 2071 2369 ceterum

1223 2394 1332 2417 convenit
1348 2400 1402 2416 cum
1420 2394 1519 2417 editione
1535 2394 1647 2422 impressa
1661 2394 1757 2417 Zwollis.

1481 2463 1507 2486 V.
1526 2463 1555 2486 De
1572 2463 1670 2487 editione
1687 2471 1724 2487 an.
1744 2464 1813 2487 1485.

1282 2535 1343 2557 Haec
1361 2536 1417 2556 sacta
1435 2537 1470 2557 cst
1486 2535 1507 2556 in
1521 2535 1657 2562 ReutlIngen
1675 2535 1793 2563 praedicto
1806 2541 1873 2562 anno,
1891 2535 1913 2557 in
1924 2537 2006 2563 quarto
2022 2540 2071 2557 ma-

1224 2587 1279 2609 gno.
1297 2581 1440 2604 inscribitur:
1459 2581 1624 2605 Bonanentnre
1640 2588 1761 2605 sermmzes
1773 2582 1800 2605 cle
1815 2583 1918 2611 tempore
1930 2583 1951 2605 et
1968 2581 2070 2605 Sanctis.

1224 2629 1256 2651 De
1269 2631 1372 2656 tempore
1389 2632 1442 2651 sunt
1454 2629 1491 2656 30,
1504 2620 1543 2657 qui
1564 2629 1687 2657 incipiunt:
1708 2629 1832 2652 Dcminica
1848 2628 1932 2658 prima
1943 2628 2070 2652 Adventus.

1228 2674 1305 2697 Veniet
1323 2674 1470 2698 desideratus
1487 2675 1577 2699 cvnctis
1595 2676 1710 2705 flentibus.
1725 2676 1753 2699 Si
1762 2676 1840 2699 sancti
1851 2676 1934 2698 Patres
1951 2678 2005 2703 etc.;
2019 2681 2071 2697 con-

1224 2721 1319 2744 cludunt
1331 2722 1412 2744 iisdem
1426 2722 1504 2745 verbis
1517 2725 1541 2745 ut
1551 2723 1665 2745 secunda:
1686 2731 1696 2743 n
1709 2724 1735 2745 Et
1746 2723 1891 2745 contumeliis
1903 2722 2036 2749 gaudebant
2047 2731 2068 2744 ».

1225 2768 1357 2796 Sequuntur
1374 2775 1492 2791 sermones
1510 2769 1539 2791 de
1557 2769 1655 2797 Sanctis,
1677 2770 1717 2798 qui
1740 2769 1880 2792 conveniunt
1902 2775 1954 2792 cum
1973 2769 2070 2797 impres-

1224 2814 1256 2837 sis
1274 2815 1295 2836 in
1321 2815 1421 2837 editione
1439 2816 1574 2839 Zwollensi:
1600 2816 1659 2839 Milli
1674 2818 1752 2839 autem
1771 2815 1832 2839 absit
1853 2815 1956 2845 atei-tari
1977 2816 2024 2839 nisi
2045 2815 2068 2838 in

1225 2867 1294 2885 cruca
1311 2861 1407 2884 Domini
1424 2862 1500 2885 nostri
1516 2864 1567 2886 lesu
1587 2863 1681 2886 Clu-isti.
1695 2863 1788 2886 Narrat
1809 2862 1916 2885 Valerius
1933 2862 2068 2889 Mammas,

1226 2909 1289 2938 quod
1306 2910 1370 2932 {attila
1390 2909 1412 2932 iu
1436 2910 1539 2939 antiquis
1557 2910 1668 2933 Romanis
1686 2914 1728 2933 otc.
1751 2910 1872 2932 Desinunt:
1895 2910 2069 2934 Exterminatio
