2243 3348
25 951 64 977 οςιο
75 948 123 975 modi

19 971 130 1038 ρξ’ὲξῗὲἰὸ.

62 1024 89 1038 EB-

12 1078 37 1098 Fit
46 1077 130 1097 definien-

52 1101 81 1120 do.

24 1252 117 1273 nonenim
121 1262 128 1267 -

21 2023 127 2044 Notandum.

15 2321 133 2365 Inter-getan-

856 138 915 166 ARS
936 138 1167 168 CONCIONANDI.

140 221 176 245 ita
195 218 315 248 flectitur,
335 219 355 243 si
375 218 441 242 amet
459 217 557 242 auditor
577 216 641 248 quod
660 216 797 247 polliceris,
817 215 905 240 timeat
924 216 988 246 quod

142 262 258 290 minaris,
278 260 357 286 oderit
376 260 440 291 quod
459 260 580 291 arguis».

213 304 255 328 32.
274 304 342 328 Illud
361 303 436 328 etiam
461 303 486 327 in
506 309 617 327 sermone
636 301 772 326 cavendum
792 301 842 330 est,
861 308 891 325 ne
910 308 987 324 unum

143 347 167 373 et
184 347 247 372 idem
268 347 367 378 saepius
386 346 526 377 repetatur,
554 352 585 369 ne
605 344 720 369 vertatur
744 344 769 368 in
792 343 920 368 fastidium
946 350 988 367 au—

143 390 270 415 dientium.
290 403 325 407 —-
342 389 407 414 Item
427 389 465 413 est
478 387 668 416 attendendum,
683 387 748 411 utin
763 386 860 411 exordio
874 386 938 410 lenis
955 385 988 410 sit

142 439 222 458 sermo
240 432 265 457 et
283 431 378 456 usitata
391 430 522 456 verborum
544 430 706 458 consuetudo,
726 429 755 454 ut
773 436 822 454 non
836 429 923 460 operta
936 435 988 453 ora-

142 476 177 501 tio
196 482 249 500 esse
277 474 399 499 videatur.
423 473 487 503 Quid
512 474 576 498 enim
602 473 714 497 insanius
745 479 819 503 quam
843 472 936 496 clamor
962 472 988 496 in

142 518 257 543 exordio?
272 517 409 542 Conservat
428 517 491 541 enim
511 523 594 541 vocem
613 523 723 547 congrua
741 515 857 540 clamoris
876 515 988 539 remissio

142 561 167 586 et
185 560 338 585 audientium
357 560 452 584 animos
464 558 589 590 loquentis
603 558 716 583 suavitas
734 558 852 587 delectat;
871 557 939 582 haud
952 564 989 582 ex-

141 604 251 628 hilarare
263 603 323 627 facit
336 603 449 627 clamore.
464 616 499 619 ——
515 602 592 631 Item,
609 611 621 623 ‹<
631 602 656 626 iu
670 602 723 632 ipso
737 608 848 625 sermone
862 600 989 631 praedica-

142 646 182 672 tor
200 646 272 670 malit
290 646 387 677 placere
406 645 479 670 factis
498 652 571 676 quam
591 644 685 673 verbis,
705 644 730 668 et
749 643 823 668 rebus
841 650 916 674 quam
941 650 990 667 ser-

142 689 269 718 monibus,
288 696 332 713 nec
351 688 466 713 aestimet
485 688 531 712 dici
551 687 639 712 melius
658 687 723 718 quod
734 694 783 712 1100
803 687 892 711 dicitur
906 687 989 711 verius

142 732 167 757 et
179 732 272 762 levius3
283 738 327 756 uec
337 731 421 756 doctor
432 731 514 756 verbis
525 730 626 759 serviat,
638 730 680 754 sed
690 730 766 755 verba
776 730 870 755 doctori
882 729 889 741 ¹
900 740 924 758 »,
935 737 989 754 cum

142 775 273 800 verborum
293 781 382 805 spuma
400 774 494 798 defluat
512 773 537 798 et
556 773 649 798 veritas
668 772 814 798 invalescat.
828 787 863 790 -
875 772 939 797 Item
955 772 991 796 at-

142 817 292 843 tendendum
311 817 350 842 est
369 817 502 841 secundum
521 816 701 848 Augustinum,
725 826 737 838 κ
750 816 779 840 111
797 823 847 840 11011
867 815 900 840 sit
920 815 990 846 prius

142 860 221 885 dictor
238 867 313 891 quam
332 862 415 885 orator
429 870 453 884 >›.

213 903 256 927 33.
275 902 391 934 Sequitur
404 902 433 927 de
446 902 599 927 dilatatione
613 909 762 926 sermonum.
779 900 839 926 Octo
853 901 913 925 sunt
925 901 991 926 modi

142 946 264 971 dilatandi
283 953 428 970 sermonem.
447 945 547 970 Primus
574 946 613 970 est
631 944 751 976 ponendo
777 945 919 969 orationem
937 951 990 975 pro

142 989 253 1020 nomine,
274 988 338 1013 sicut
356 988 386 1013 fit
411 987 570 1019 definiendo,
595 987 770 1018 describendo,
797 986 990 1018 interpretando

142 1033 193 1057 sive
207 1039 363 1063 quocumque
375 1031 449 1056 modo
463 1031 628 1061 notificando.
641 1045 676 1048 —
688 1030 763 1055 Verbi
776 1030 872 1061 gratia:
888 1030 991 1055 Iustum

142 1075 248 1101 deduscit
265 1075 386 1100 Dominus
402 1082 449 1105 per
466 1075 522 1099 vias
540 1075 622 1099 rectas
636 1073 644 1086 ²
665 1074 726 1103 etc.;
746 1073 886 1103 definiatur
908 1074 991 1098 iustus

143 1119 190 1144 sic:
210 1118 298 1143 Iustus
317 1118 366 1147 est,
386 1118 428 1149 qui
446 1117 537 1142 tribuit
549 1118 681 1148 unicuique
694 1117 759 1148 quod
772 1124 843 1141 suum
858 1117 904 1141 est.
918 1116 989 1141 Unde

141 1161 293 1190 notandum,
312 1161 371 1192 quid
384 1161 472 1185 debeat
485 1160 557 1185 homo
571 1160 635 1189 Deo,
655 1160 713 1191 quid
728 1160 845 1190 proximo,
860 1159 918 1190 quid
932 1159 987 1185 sibi.

213 1204 274 1229 Cum
293 1204 377 1229 autem
396 1203 548 1228 describitur
567 1203 674 1234 aliquid,
694 1203 759 1234 quod
784 1203 926 1233 oppositum
945 1202 991 1227 ha-

142 1248 197 1277 bet,
217 1247 391 1273 convenienter
411 1246 493 1278 potest
513 1254 538 1271 se
557 1246 695 1271 transferre
714 1246 869 1277 praedicator
888 1246 919 1270 ad
938 1247 990 1270 eius

143 1291 298 1322 oppositum,
318 1290 434 1321 quoniam
453 1289 564 1314 definitio
582 1290 657 1314 unius
676 1289 846 1320 oppositorum
872 1289 941 1314 valet
959 1289 991 1314 ad

143 1333 310 1358 definitionem
335 1332 479 1357 sumendam
507 1332 620 1356 alterius.
648 1331 733 1356 Posito
761 1339 820 1363 ergo
848 1331 991 1362 supradicto

143 1375 260 1405 themate,
281 1376 306 1400 et
324 1375 421 1400 iustitia
439 1375 555 1403 definita,
575 1374 749 1399 convenienter
768 1374 851 1405 potest
870 1375 991 1399 30110113-

143 1418 207 1444 ferre
225 1418 381 1450 praedicator
400 1418 431 1442 ad
449 1418 513 1442 alias
527 1418 620 1449 species
633 1418 750 1447 virtutis,
763 1418 792 1442 ut
806 1418 898 1442 scilicet
912 1418 992 1443 osten-

144 1462 201 1491 dat,
221 1461 329 1493 qualiter
345 1462 487 1492 prudentia
505 1461 543 1486 est
562 1462 588 1485 in
608 1461 767 1486 discernendo
792 1461 856 1486 bona
878 1469 893 1485 a
918 1461 992 1486 malis

144 1505 169 1530 et
187 1505 251 1530 bona
270 1505 344 1529 etiam
364 1512 379 1529 a
397 1504 482 1533 bonis,
502 1504 527 1528 et
548 1505 628 1535 magis
647 1504 711 1529 bona
730 1512 744 1528 a
762 1505 843 1535 magis
860 1504 938 1534 bonis,
959 1505 992 1529 si-

143 1547 236 1572 militer
255 1548 335 1579 magis
354 1547 420 1572 mala
439 1555 454 1571 a
473 1548 556 1571 minus
575 1547 656 1571 malis.
685 1546 732 1571 Est
759 1547 824 1571 enim
847 1547 992 1577 prudentia

142 1590 264 1615 honarum
283 1598 365 1615 rerum
385 1590 409 1614 et
438 1590 560 1614 malarum
588 1589 710 1614 discretio.
736 1589 876 1614 Fortitudo
902 1590 941 1614 est
966 1590 992 1614 in

143 1634 289 1659 sustinenda
308 1633 413 1658 adversa
430 1633 532 1664 propter
546 1632 715 1662 dilectionem,
729 1632 767 1657 est
780 1633 858 1663 igitur
871 1632 991 1657 fortitudo

143 1677 265 1702 malorum
294 1676 418 1707 susceptio
446 1676 471 1701 et
495 1683 579 1700 eorum
599 1676 734 1706 perpessio.
757 1674 922 1700 Continentia
941 1676 992 1701 sive

143 1720 314 1751 temperantia
332 1720 371 1744 est
388 1720 414 1744 in
433 1719 564 1744 coercendo
584 1718 667 1743 motus
686 1719 782 1748 carnis3
802 1718 840 1743 est
853 1719 917 1743 enim
932 1719 992 1743 tem-

143 1763 258 1795 perantia
277 1762 364 1788 contra
382 1762 465 1787 motus
484 1762 628 1787 libidinosos
648 1761 720 1786 firma
739 1761 881 1787 dominatio.
909 1761 994 1786 Consi-

144 1806 189 1831 stit
201 1806 279 1837 igitur
293 1806 425 1837 prudentia
438 1806 463 1830 in
477 1805 653 1836 discernendo,
667 1804 787 1830 fortitudo
800 1805 825 1829 in
839 1804 992 1836 sufferendo,

143 1849 310 1880 temperantia
328 1849 354 1873 in
373 1849 456 1873 motus
475 1848 581 1872 illicitos
600 1848 749 1878 coercendo,
768 1848 865 1872 iustitia
885 1855 943 1873 vero
964 1849 990 1872 in

143 1892 281 1923 micatque
300 1891 369 1922 qnod
386 1898 461 1915 smmn
480 1892 517 1916 est
535 1890 678 1915 tribuendo.
692 1905 726 1907 —
738 1890 813 1919 Ecce,
828 1891 936 1921 qualiter
950 1898 994 1921 po—

142 1935 222 1960 nendo
242 1935 378 1960 orationem
398 1942 442 1965 pro
461 1934 559 1959 nomine
579 1933 645 1958 facta
658 1934 696 1958 est
709 1933 835 1962 dilatatio,
850 1941 899 1959 non
914 1934 993 1959 solum

143 1978 293 2004 notificando
313 1977 377 2009 quod
396 1977 498 2008 ponitur
516 1978 542 2001 in
561 1977 686 2006 themate,
707 1977 749 2001 sed
768 1977 842 2001 etiam
863 1977 912 2001 alia
931 1977 994 2002 noti-

143 2020 239 2046 ficando
253 2021 356 2052 propter
368 2021 459 2051 ipsum.
472 2034 507 2037 —
520 2020 577 2045 Non
591 2020 629 2044 est
642 2020 726 2044 autem
745 2020 883 2045 conandum
897 2027 911 2044 a
925 2027 993 2050 prae-

144 2064 252 2089 dicatore
271 2063 438 2088 definitionem
458 2064 567 2088 omnium
586 2063 624 2087 vel
644 2063 833 2093 descriptionem
849 2064 994 2088 3110101010-

144 2106 294 2136 differenter,
315 2107 356 2131 sed
375 2107 480 2131 maxime
499 2106 624 2131 virtutum
644 2106 668 2130 et
686 2106 804 2131 vitiorum
817 2106 842 2130 et
855 2107 992 2137 specierum

143 2150 287 2181 utriusque,
307 2150 425 2174 donorum
444 2149 553 2180 Spiritus
573 2149 666 2178 sancti,
687 2149 814 2180 religionis
833 2149 858 2173 et
883 2150 994 2174 contem-

145 2193 278 2225 plationis,
297 2193 370 2217 liberi
389 2193 488 2217 arbitrii
507 2192 531 2217 et
555 2192 709 2222 huiusmodi,
735 2192 825 2224 quibus
850 2193 993 2224 frequenter

144 2235 226 2261 utitur
245 2236 379 2267 theologia.

215 2279 256 2304 34.
278 2279 338 2304 Cum
358 2278 440 2303 autem
468 2286 511 2309 per
530 2278 767 2309 interpretationem
791 2279 905 2304 volumus
930 2279 993 2303 dila-

144 2321 212 2352 tare,
232 2322 412 2353 respiciendum
431 2321 469 2346 est
487 2321 519 2346 ad
537 2321 649 2346 diversas
661 2321 895 2352 interpretationes,
909 2322 934 2347 et
946 2322 992 2347 1100

144 2365 183 2390 vel
199 2365 332 2390 secundum
345 2364 522 2396 Hieronymum
535 2365 575 2389 vel
585 2364 717 2389 secundum
728 2365 852 2390 Isidorum
862 2365 887 2389 et
897 2365 959 2390 alios
970 2364 992 2395 ὃς

144 2407 287 2439 frequenter
305 2408 370 2432 enim
388 2408 456 2432 valet
475 2415 538 2437 una,
557 2407 599 2432 ubi
611 2415 661 2432 non
674 2408 742 2432 valet
755 2408 849 2437 altera;
863 2409 993 2439 respicien-

145 2450 203 2475 dum
222 2450 300 2482 igitur
319 2450 357 2475 est
375 2450 405 2474 ad
425 2450 550 2480 diversas,
565 2451 589 2475 et
602 2450 747 2475 sumendum
759 2450 823 2482 quod
837 2451 917 2482 magis
930 2458 993 2476 com-

145 2493 210 2525 petit
229 2493 364 2524 proposito.
383 2493 446 2517 Sunt
465 2494 548 2517 autem
568 2493 789 2524 interpretationes
805 2493 858 2524 ,fere
883 2495 991 2518 omnium

1851 146 1883 173 17

1040 217 1211 248 propriorum
1228 219 1370 247 nominum,
1390 219 1431 243 sed
1450 219 1514 250 quod
1532 220 1561 243 de
1585 227 1634 245 uno
1659 221 1748 245 dicitur
1767 222 1838 246 debet
1856 222 1886 246 ad

1044 259 1129 290 plures
1148 261 1256 289 extendi,
1277 260 1301 285 et
1320 261 1383 291 quod
1403 261 1431 285 de
1450 269 1499 286 uno
1518 269 1602 286 verum
1622 263 1676 287 erat
1696 263 1839 288 litteraliter
1856 264 1887 288 ad

1044 302 1130 333 plures
1148 310 1173 327 se
1192 303 1302 327 extendit
1320 304 1461 328 moraliter.
1482 304 1551 329 Unde
1575 304 1708 336 Gregorius
1719 305 1736 334 ⁴,
1765 313 1888 337 exponens

1044 345 1120 374 illud,
1140 345 1205 376 quod
1222 345 1311 374 Iacob,
1330 346 1372 376 qui
1384 345 1566 377 interpretatur
1581 347 1700 377 luctator,
1714 348 1753 372 vel
1765 348 1888 379 supplan-

1045 389 1121 418 tator,
1139 387 1251 412 luctatus
1269 388 1308 412 est
1326 395 1380 412 cum
1400 389 1496 420 Angelo
1508 388 1525 417 ⁵,
1545 389 1628 417 docet,
1648 390 1712 421 quod
1732 391 1811 414 omnis
1832 390 1888 415 fide-

1043 430 1075 454 lis
1094 430 1259 461 supplantare
1278 430 1350 455 debet
1369 431 1430 456 vitia
1449 432 1473 456 et
1492 432 1582 457 luctari
1603 440 1659 457 cum
1672 433 1768 458 diabolo
1781 433 1889 458 contem—

1045 472 1146 504 plando.
1165 472 1203 497 Sic
1220 473 1298 503 igitur
1318 480 1362 503 per
1380 474 1532 505 singularem
1556 475 1650 500 luctam
1674 476 1722 499 iam
1751 475 1889 506 intelligere

1044 515 1161 540 debemus
1178 516 1319 546 generalem
1333 516 1425 540 luctam
1439 516 1519 541 fidelis
1532 518 1636 542 animae.
1649 518 1718 542 Unde
1732 518 1813 548 patet,
1827 518 1890 548 quod

1040 558 1180 589 proprium
1199 558 1271 582 debet
1290 558 1343 583 fieri
1360 559 1476 590 gyenerale
1495 560 1520 584 et
1539 568 1551 584 e
1568 567 1699 590 converso;
1713 560 1781 585 verbi
1793 560 1889 591 gratia,

1045 601 1156 626 Indicum
1177 599 1294 631 quinto⁰:
1312 601 1362 632 szii
1375 602 1487 632 propria
1505 602 1634 627 voluntate
1653 603 1781 628 obtulistis
1793 610 1836 627 vos
1855 602 1890 627 cli-

1045 644 1170 674 scrimini,
1185 643 1321 668 benedicite
1333 644 1463 674 Domino:
1476 645 1517 669 sed
1531 646 1551 669 si
1570 645 1616 670 1100
1634 646 1764 670 conveniat
1777 645 1889 670 omnibus

1046 694 1091 718 pro
1105 686 1204 711 Christo
1218 686 1359 711 voluntarie
1372 687 1539 716 certantibus,
1553 689 1656 712 maxime
1675 688 1758 713 tamen
1771 689 1890 713 claustra-

1045 730 1111 755 libus
1125 729 1361 754 abrenuntiantibus
1380 731 1494 760 propriae
1514 731 1646 755 voluntati.
1667 731 1704 755 Sic
1718 738 1776 762 ergo
1792 731 1890 755 univer-

1046 773 1100 798 sale
1113 772 1196 804 potest
1209 772 1331 803 applicari
1350 773 1456 803 speciali
1469 774 1493 797 et
1512 781 1524 797 e
1543 780 1670 798 converso.

1117 816 1160 840 35.
1179 816 1255 840 quta
1273 815 1339 839 hunc
1358 815 1455 840 modum
1475 816 1610 844 dilatandi,
1631 816 1722 840 scilicet
1747 824 1789 847 per
1808 816 1891 841 notifi—

1046 860 1169 887 cationes,
1188 859 1293 882 maxime
1312 858 1420 882 cavenda
1439 858 1478 882 est
1500 858 1638 883 obscuritas
1663 858 1826 887 definitionis,
1851 859 1891 883 de-

1047 901 1190 932 scriptionis
1209 900 1234 925 et
1252 900 1401 925 huiusmodi.
1420 900 1444 925 Si
1469 901 1552 925 autem
1580 901 1689 926 definitio
1713 908 1762 925 non
1786 900 1891 925 habetur

1046 945 1078 969 ab
1097 944 1260 973 auctoritate,
1289 943 1417 968 multoties
1445 944 1562 968 sumendo
1591 944 1616 968 et
1641 944 1800 975 aggravando
1824 943 1892 968 diffe—

1045 987 1141 1012 rentias
1154 987 1292 1012 conandum
1306 987 1344 1011 est
1357 987 1438 1017 ipsam
1452 986 1544 1015 facere,
1559 994 1684 1018 quousque
1697 987 1844 1017 coaequetur
1857 987 1892 1010 rei

1045 1030 1234 1059 describendae,
1255 1029 1319 1054 sicut
1338 1029 1408 1054 docet
1426 1030 1478 1054 tam
1497 1029 1663 1054 Aristoteles⁷
1678 1037 1750 1060 quam
1763 1029 1891 1054 Boethius.

1117 1073 1159 1097 36.
1179 1073 1305 1097 Secundus
1324 1073 1411 1097 modus
1429 1072 1551 1097 dilatandi
1570 1073 1608 1097 est
1621 1072 1771 1102 diviclenclo;
1784 1072 1847 1096 sicut
1860 1072 1892 1096 di-

1045 1117 1079 1142 cit
1089 1116 1245 1147 Porphyrius
1256 1114 1273 1145 S,
1292 1126 1303 1137 α
1316 1123 1415 1140 11000330
1429 1116 1474 1145 est,
1489 1115 1638 1140 dividentem
1652 1123 1695 1146 per
1708 1115 1892 1139 multitudinem

1046 1161 1081 1184 ire
1095 1170 1120 1184 ».
1139 1159 1276 1184 Secundum
1296 1159 1362 1183 hunc
1379 1159 1478 1184 modum
1493 1158 1606 1183 solebant
1620 1159 1723 1183 maxime
1736 1158 1832 1189 antiqui
1846 1166 1893 1182 ser-

1046 1210 1131 1228 mones
1150 1210 1208 1228 suos
1236 1202 1380 1231 extendere,
1409 1201 1502 1226 scilicet
1527 1209 1570 1232 per
1596 1201 1736 1225 divisiones.
1761 1201 1894 1225 Verumta-

1047 1254 1103 1271 men
1121 1253 1169 1271 uon
1189 1246 1255 1270 omni
1272 1245 1392 1270 divisione
1405 1244 1524 1269 utendum
1539 1245 1577 1269 est
1590 1245 1615 1269 in
1629 1244 1818 1275 praedicatione.
1831 1243 1893 1273 Quid

1047 1290 1111 1314 enim
1131 1289 1241 1320 pertinet
1259 1288 1290 1312 ad
1314 1288 1390 1313 laicos
1418 1288 1522 1312 alicuius
1550 1288 1663 1312 nominis
1684 1287 1893 1317 multiplicitatem

1046 1332 1211 1363 cognoscere?
1229 1331 1355 1356 Divisione
1373 1331 1459 1362 igitur,
1479 1337 1541 1361 quae
1561 1330 1599 1354 est
1611 1330 1677 1355 vocis
1692 1330 1718 1354 111
1738 1329 1895 1361 significatio-

1047 1383 1105 1403 nes,
1124 1382 1173 1400 non
1193 1375 1232 1399 est
1250 1374 1368 1399 utendum
1389 1374 1442 1403 111ος
1462 1373 1505 1398 sed
1530 1373 1648 1397 utendum
1668 1373 1706 1397 est
1725 1373 1827 1404 propter
1846 1372 1895 1397 sol-

1046 1419 1139 1443 vendas
1158 1419 1242 1443 varias
1261 1417 1453 1442 contrarietates
1473 1417 1498 1441 et
1516 1417 1541 1441 in
1562 1416 1773 1447 disputationibus
1793 1415 1893 1446 propter

1048 1461 1178 1486 solvendos
1198 1461 1392 1492 pa1·alogismOS‚
1413 1460 1543 1491 quoniam,
1564 1459 1628 1484 310111
1647 1459 1752 1483 habetur
1775 1459 1800 1483 iu
1821 1458 1894 1488 Topi—

1047 1505 1083 1529 cis
1093 1503 1112 1536 ⁰,
1136 1505 1232 1533 «scire,
1253 1504 1313 1535 quot
1332 1503 1410 1528 modis
1428 1503 1518 1528 dicitur
1537 1502 1638 1533 aliquid,
1651 1502 1717 1526 utile·
1725 1502 1763 1526 est
1775 1501 1807 1526 ad
1826 1508 1895 1532 para—

1047 1548 1154 1578 logizare
1174 1547 1199 1571 et
1216 1554 1265 1572 non
1285 1547 1455 1578 paralogizare
1468 1556 1493 1570 ».
1514 1545 1682 1570 Divisionibus
1707 1545 1777 1574 aliis,
1803 1544 1895 1569 scilicet

1048 1590 1146 1621 generis
1165 1591 1190 1614 10
1210 1590 1316 1621 species,
1336 1589 1376 1614 vel
1395 1590 1531 1620 superioris
1544 1590 1569 1613 in
1583 1588 1713 1617 inferiora,
1727 1588 1765 1612 vel
1779 1588 1856 1613 totius
1869 1588 1894 1611 10

1049 1634 1134 1664 partes
1154 1633 1304 1664 integrales,
1318 1640 1451 1664 possumus
1464 1632 1501 1657 uti
1515 1633 1539 1656 in
1554 1632 1743 1663 praedicatione.
1757 1646 1791 1648 —
1804 1631 1895 1655 Caven-

1048 1677 1107 1701 dum
1126 1677 1164 1701 est
1182 1676 1264 1701 autem
1285 1684 1300 1701 a
1318 1676 1395 1700 nimia
1414 1675 1579 1700 membrorum
1599 1675 1766 1699 multitudine.
1785 1674 1850 1698 Nam
1863 1673 1895 1697 di-

1048 1720 1125 1749 visio,
1144 1720 1238 1751 quanto
1257 1719 1400 1750 simplicior,
1414 1718 1438 1743 id
1451 1718 1489 1743 est
1503 1726 1546 1749 per
1560 1719 1676 1749 pauciora
1689 1717 1810 1746 membra,
1824 1716 1894 1741 tanto

1050 1764 1143 1792 melior,
1154 1763 1218 1787 sicut
1227 1762 1283 1787 vult
1293 1762 1413 1787 Boethius
1423 1760 1452 1786 ¹⁰.
1463 1776 1498 1779 —
1507 1761 1585 1786 Facta
1595 1762 1677 1785 autem
1689 1768 1731 1791 per
1741 1760 1787 1785 duo
1798 1760 1836 1784 vel
1847 1760 1896 1784 tria

1050 1806 1160 1831 membra
1178 1806 1311 1834 divisione,
1326 1805 1499 1830 convenienter
1513 1804 1566 1829 fieri
1586 1804 1691 1835 possunt
1703 1803 1894 1833 subdivisiones,

1050 1849 1074 1874 et
1092 1849 1138 1874 1100
1157 1849 1289 1873 secundum
1309 1848 1422 1877 modum,
1442 1855 1490 1879 quo
1510 1848 1593 1879 prius,
1608 1848 1646 1872 vel
1660 1847 1792 1871 secundum
1805 1846 1895 1875 alium;

1050 1892 1075 1917 et
1094 1893 1127 1916 sic
1148 1891 1231 1923 potest
1249 1891 1346 1916 extendi
1366 1898 1458 1920 sermo,
1479 1891 1547 1915 verbi
1566 1891 1663 1922 gratia,
1677 1891 1698 1915 si
1712 1890 1786 1914 fuerit
1799 1889 1895 1913 thema:

1050 1935 1167 1960 Probata
1185 1935 1267 1959 virtus
1285 1935 1394 1964 corripit
1413 1934 1560 1965 insipientes
1573 1933 1602 1964 ¹¹,
1622 1933 1768 1964 procedatur
1782 1933 1829 1957 sic:
1849 1933 1896 1956 vir-

1049 1978 1133 2003 tutum
1152 1978 1272 2009 quaedam
1298 1978 1358 2002 sunt
1385 1977 1550 2008 theologicae,
1575 1977 1694 2008 quaedam
1720 1975 1833 2007 politicae
1857 1975 1896 1999 vel

1049 2021 1196 2046 cardinales.
1216 2021 1376 2052 Theologicae
1390 2020 1462 2049 31101,
1476 2020 1566 2051 quibus
1580 2019 1720 2044 immediate
1734 2026 1859 2044 movemur
1872 2019 1897 2042 in

1050 2065 1142 2093 Deum,
1162 2064 1191 2088 ut
1209 2064 1284 2093 fides,
1305 2071 1374 2095 spes,
1393 2064 1499 2093 caritas3
1513 2063 1560 2088 fide
1574 2063 1695 2088 credimus
1709 2063 1733 2087 111
1748 2062 1839 2089 Deum,
1853 2069 1896 2092 spe

1050 2114 1180 2139 speramus
1198 2107 1224 2131 in
1243 2106 1333 2136 Deum,
1353 2106 1458 2131 caritate
1471 2106 1597 2137 diligimus
1612 2106 1703 2135 Deum3
1718 2105 1831 2136 politicae
1845 2105 1896 2129 sive

1049 2151 1187 2175 cardinales
1207 2150 1266 2174 sunt
1284 2150 1395 2179 iustitia,
1415 2150 1548 2178 fortitudo,
1568 2149 1734 2180 temperantia
1753 2149 1778 2173 et
1792 2148 1896 2179 pruden-

1049 2194 1099 2223 tia,
1119 2201 1224 2225 quarum
1244 2194 1326 2218 motus
1346 2194 1405 2218 suut
1424 2194 1449 2217 in
1468 2193 1546 2217 Deum
1566 2192 1686 2221 merbate,-
1705 2192 1772 2216 verbi
1797 2191 1894 2222 gratia,

1049 2237 1147 2261 iustitia
1166 2236 1204 2261 est
1222 2236 1304 2261 virtus
1323 2237 1453 2267 unicuique
1472 2236 1586 2260 tribuens
1605 2235 1669 2266 qnod
1689 2242 1759 2259 31111111
1784 2234 1822 2258 031
1840 2241 1895 2264 pro-

1049 2280 1106 2311 pter
1119 2279 1212 2308 Deum,
1226 2280 1251 2304 et
1264 2280 1298 2304 sic
1312 2279 1340 2304 de
1353 2279 1417 2304 aliis.
1431 2294 1465 2296 —
1475 2279 1552 2303 Facta
1569 2279 1651 2303 autem
1664 2278 1793 2306 divisione,
1808 2277 1894 2301 statim

1049 2322 1208 2352 notificanda
1227 2322 1286 2346 sunt
1305 2322 1429 2351 membra,
1449 2322 1474 2346 et
1492 2322 1538 2346 hoc
1557 2320 1770 2352 exemplificando,
1784 2320 1822 2344 vel
1836 2319 1895 2344 defi-

1049 2366 1151 2395 niendo,
1165 2366 1203 2390 vel
1226 2365 1389 2395 notificando,
1412 2366 1441 2389 ut
1459 2365 1518 2389 dicit
1537 2364 1655 2389 Boethius
1677 2364 1705 2388 de
1725 2363 1849 2387 Divisione
1862 2361 1894 2391 ¹²;

1049 2409 1074 2433 et
1092 2409 1127 2433 sic
1146 2409 1242 2439 primus
1262 2409 1348 2433 modus
1367 2408 1463 2433 iuvabit
1482 2408 1625 2433 secundum.
1644 2421 1679 2424 —
1691 2406 1769 2434 Item,
1783 2406 1849 2430 facta
1861 2405 1894 2429 di-

1049 2452 1156 2481 visione,
1175 2452 1323 2476 conveniens
1342 2451 1380 2476 est
1399 2451 1427 2476 de
1440 2458 1586 2482 unoquoque
1599 2450 1707 2474 membro
1720 2448 1894 2474 auctoritatem

1048 2494 1151 2523 afferre,
1171 2502 1201 2519 ne
1220 2494 1331 2519 dividens
1350 2494 1464 2519 videatur
1482 2494 1592 2519 membra
1611 2493 1718 2517 finxisse.

209 2677 217 2690 ¹
235 2679 340 2706 August,
357 2679 399 2700 loc.
411 2678 448 2700 cit.
460 2684 479 2700 c.
493 2679 529 2705 28,
543 2685 565 2700 n.
578 2679 615 2700 61.
629 2679 682 2707 Seq.
694 2680 757 2701 10003
770 2679 825 2702 ibid.
837 2686 856 2701 c.
873 2680 907 2702 15.
919 2686 940 2702 n.
954 2681 991 2702 32.

146 2721 176 2726 —
194 2710 257 2738 Quae
269 2710 410 2737 praecedunt
426 2709 470 2732 sub
488 2716 510 2732 n.
527 2710 608 2732 30-3‘2.
627 2713 703 2732 sumta
719 2713 772 2733 sunt
788 2716 814 2733 ex
832 2711 883 2733 cod.
901 2708 926 2733 A'
937 2717 991 2733 cum

146 2740 289 2763 variantibus
302 2741 353 2763 cod.
367 2741 396 2769 D;
409 2747 469 2769 quae
485 2743 561 2763 autern
579 2744 719 2770 sequuntur,
732 2748 758 2763 ex
770 2742 821 2764 cod.
834 2742 864 2770 G,
882 2743 922 2771 qui
935 2743 993 2765 inter

146 2772 201 2794 alios
218 2771 287 2794 habet
303 2774 388 2794 textum
406 2772 477 2794 multo
494 2772 644 2795 diffusiorem.
657 2773 711 2795 Fide
724 2775 798 2795 [amen
813 2774 937 2801 praecipue
954 2780 992 2796 co-

146 2803 224 2826 dicum
241 2804 258 2825 Α
270 2803 309 2825 BF
327 2804 406 2830 multa,
423 2803 464 2825 sed
481 2810 525 2825 non
544 2804 620 2826 omnia
639 2804 693 2826 vitia
711 2805 769 2827 illius
781 2805 898 2832 corrigere
915 2805 991 2832 potui-

147 2840 199 2857 mus
215 2837 237 2856 et
254 2835 330 2863 aliqua
347 2840 420 2862 pauca
438 2835 554 2862 supplere.

209 2864 217 2878 ²
237 2866 289 2893 Sap.
312 2866 350 2892 10,
369 2866 405 2887 10.
565 2867 567 2870 “

209 2896 218 2909 ⁸
235 2897 334 2923 Hieron„
353 2896 419 2918 Liber
435 2897 464 2919 de
482 2897 619 2920 Nominibus
642 2897 768 2925 Hebraicis,
788 2898 874 2926 isidor„
892 2899 990 2926 Etymol.

147 2927 185 2950 lib.
199 2928 243 2950 Vll.
255 2934 274 2950 c.
286 2928 313 2955 6;
325 2927 438 2956 Origenes
447 2931 469 2950 et
480 2928 548 2956 Beda,
563 2929 649 2956 passim
668 2929 688 2951 in
707 2928 834 2952 Comment.
852 2930 989 2957 scripturae.

241 2974 266 2997 S.
285 2974 375 2997 Bonan.
391 2987 422 2990 ——
440 2975 507 2997 Tom.
523 2975 563 2997 lX.

1110 2679 1120 2692 ⁴¹
1138 2681 1160 2702 ln
1179 2681 1258 2702 Erech.
1275 2680 1312 2702 lib.
1332 2681 1354 2702 11.
1372 2680 1449 2701 homil.
1468 2680 1489 2701 2.
1506 2686 1528 2701 n.
1551 2680 1584 2700 12.
1600 2685 1648 2706 seq.
1668 2679 1698 2699 Do
1711 2677 1893 2705 interpretatione

1049 2711 1148 2734 nominis
1166 2711 1232 2733 Iacob
1250 2711 1304 2733 vide
1320 2712 1433 2737 eundem,
1451 2711 1475 2733 11.
1493 2711 1568 2733 Moral.
1586 2716 1606 2731 c.
1624 2709 1661 2731 35.
1678 2716 1699 2730 11.
1717 2708 1754 2730 57.

1111 2743 1120 2757 5
1138 2743 1193 2764 Gen.
1211 2743 1252 2769 32,
1270 2742 1307 2764 24.
1536 2741 1545 2753 ὓ
1563 2741 1629 2763 Vers.
1647 2740 1667 2761 9.

1113 2773 1121 2785 ⁷
1139 2773 1201 2795 Libr.
1220 2774 1255 2795 Vl.
1273 2774 1366 2801 Topic.;
1384 2774 1471 2799 Boetu,
1491 2772 1551 2794 Libr.
1570 2772 1598 2794 (10
1616 2771 1756 2793 Definitione.

1112 2803 1121 2817 ὃ
1139 2804 1199 2827 Libr.
1218 2804 1350 2827 Praedicab.
1367 2805 1397 2826 de
1415 2804 1510 2831 Specie,
1528 2810 1547 2825 0.
1566 2803 1587 2825 3.

1112 2835 1122 2848 ⁹
1139 2836 1242 2864 Ariston,
1261 2837 1274 2858 Ι.
1292 2836 1371 2863 Topic.
1389 2842 1409 2857 c.
1430 2835 1464 2857 14.
1482 2835 1547 2862 (alias
1569 2834 1621 2862 16.).

1113 2866 1133 2879 ¹0
1150 2868 1209 2889 Loco
1227 2870 1278 2889 nota
1298 2868 1334 2889 12.
1353 2867 1390 2889 cit.

1114 2897 1132 2910 ¹¹
1151 2898 1204 2926 Sap.
1224 2899 1248 2926 rl,
1268 2899 1287 2920 3.

1114 2928 1133 2941 ¹²
1151 2930 1233 2957 Migne,
1252 2929 1363 2956 patrolog.
1381 2929 1427 2950 Lat.
1446 2930 1501 2949 lom.
1519 2927 1556 2949 6-1.
1574 2927 1615 2949 col.
1634 2926 1685 2949 885.

1908 821 1984 845 Regula.

1941 1078 2037 1096 Secundus

1909 1101 1974 1119 modus
1991 1101 2038 1120 dila-

1911 1124 1968 1143 tandi.

1911 1206 1981 1229 Regula
1994 1207 2011 1224 ί.

1913 1635 1983 1658 Regula
1995 1635 2013 1653 2Δ

1912 1764 1983 1787 Regula
1994 1764 2012 1782 3.

1912 1807 2025 1826 Subdivisio-

1951 1835 1990 1849 nes.

1913 1893 2027 1916 Exemplum.

1913 2279 1981 2301 Regula
1995 2279 2012 2297 b.
