2243 3348
6 803 10 852 1

18 279 24 292 ι
46 271 126 293 Tertium.

17 341 19 357 1

0 657 1 660 ’
24 658 46 677 De
56 655 125 681 praedi-

16 681 74 701 ·atiene
104 684 124 698 er

16 703 75 724 1101111111
106 707 123 721 0-

14 727 70 748 ,nili-³0.

14 785 123 810 ,Exemplum

15 1384 119 1405 Notandum.

14 1514 114 1541 Exemplum

25 1542 105 1562 primum.

6 1729 116 1748 Secundum.

30 1986 114 2006 Tei-tium.

47 2201 114 2222 Aliter.

867 146 927 174 ARS
948 146 1178 176 CONClONANDI.

216 224 307 249 Eodem
320 224 391 249 modo
404 223 511 249 habetur
523 224 586 248 illud
598 223 722 248 Matthaei
736 222 758 247 ¹:
777 223 990 254 Domtnessazva

143 274 201 299 uos,
210 267 335 298 perimus.
355 267 496 292 Invocando
514 267 705 291 dominationem
724 265 856 297 postulant
875 266 991 291 salvatio-

143 317 206 338 nem,
220 310 333 341 allegant
350 309 499 334 creationem
518 308 543 334 et
562 309 690 340 petitionis
709 316 809 333 causam
823 308 990 340 subimgunt,

142 352 189 378 ibi:
206 353 329 383 perimus.
348 352 490 377 Invocando
508 352 635 383 Domine,
654 350 759 382 captant
777 351 987 380 benevolentiam;

143 395 292 428 postulando
311 394 462 426 profitentur
480 394 632 425 potentiam,
646 394 692 418 ibi:
707 394 792 425 salva,
806 394 831 418 id
845 394 883 418 est
896 393 990 418 creatu-

142 446 195 464 ram
214 438 297 467 tuam;
317 445 365 463 non
384 438 449 462 enim
469 437 575 462 salutem
594 436 709 468 peterent
736 436 768 460 ab
791 443 818 461 eo
843 443 915 467 quem
940 443 990 461 non

142 481 270 506 crederent
283 488 354 512 posse
367 481 479 510 salvare3
499 480 630 511 allegando
643 478 767 504 inclinant
780 479 811 503 ad
824 479 989 508 clementiam,

142 531 196 549 cum
215 523 313 548 dicunt:
333 530 381 548 uos
388 531 396 553 ;
414 523 502 547 ultimo
521 522 634 547 fatentur
656 522 792 546 humanam
817 521 988 553 indigentiam,

141 567 191 592 ibi:
205 567 332 598 perimus.

212 608 254 636 11.
273 609 340 634 Haec
360 609 420 634 sunt
438 609 520 633 claves
534 607 543 621 ²
569 608 698 633 divisionis
717 607 871 639 praedictae,
892 608 917 633 et
941 615 990 633 mo-

139 653 185 677 dus
203 653 250 677 iste
274 652 345 677 utilis
370 652 409 677 est
434 653 551 681 maxime,
572 659 627 676 cum
653 652 708 682 quis
732 651 761 676 de
780 651 833 676 toto
852 651 989 682 Evangelio

139 695 266 727 praedicat
284 695 335 720 sive
354 695 481 726 Epistola,
501 702 545 726 pro
565 702 592 720 eo
605 694 669 726 quod
687 695 713 719 in
733 695 818 725 paucis
837 694 919 718 verbis
937 694 989 725 pot-

140 738 178 764 est
189 738 302 763 claudere
315 738 485 769 evangelicum
499 745 599 762 sensum
612 738 637 762 et
650 738 792 762 memoriam
806 738 906 762 labilem
922 738 989 762 adiu-

139 789 210 811 vare,
229 781 259 806 ut
277 782 298 806 si
326 781 435 812 ponatur
462 781 525 806 illud
550 781 653 805 Ioannis
681 779 787 805 sexto³s
815 780 893 806 Abiit
914 781 988 806 Iesus

140 825 213 849 trans
225 831 297 848 mare
318 823 467 855 Galilaeae,
481 825 505 848 ct
516 831 573 847 cum
586 823 742 848 sublevasset
755 823 855 854 oculos,
875 823 943 848 dixit
955 823 990 847 ad

138 866 309 897 Philippum.-
333 865 404 891 Unde
421 873 531 891 ememus
544 873 643 897 panes,
662 867 693 890 ut
712 865 868 890 manducent
886 866 913 890 Izi
932 866 987 896 etc.,

138 910 163 934 et
181 917 243 941 quae
261 909 296 934 ibi
314 909 431 934 dicuntur
450 909 478 934 de
503 909 622 934 miraculo
648 909 756 940 quinque
779 916 880 940 panum.
900 909 988 934 Potest

137 952 220 977 autem
239 953 265 977 in
284 952 366 977 tribus
384 952 467 977 verbis
486 952 564 977 totius
583 952 714 983 Evangelii
733 951 858 977 sententia
880 959 988 983 compre-

137 995 212 1020 hendi
230 996 280 1020 sic:
299 995 349 1020 tria
368 995 425 1020 fecit
443 995 514 1020 hodie
534 995 664 1019 Christus:
685 995 799 1026 providet
818 996 847 1019 ut
872 1002 988 1026 procura-

137 1038 190 1068 tor,
209 1038 257 1063 ibi:
282 1038 354 1064 Unde
373 1045 482 1063 ememus
497 1045 594 1069 panes,
613 1039 644 1062 ut
661 1038 817 1063 manducent
835 1038 885 1063 hi?
910 1038 988 1063 admi-

135 1081 230 1106 nistrat
249 1082 278 1106 ut
296 1082 454 1113 dispensator
464 1080 482 1110 ⁴¹,
503 1081 550 1106 ibi:
570 1081 704 1106 distribuit
719 1081 934 1106 discumbentibus
941 1090 949 1111 ,-
962 1081 987 1106 et

136 1124 289 1156 multiplicat
308 1124 337 1149 ut
356 1125 490 1154 Dominus,
510 1125 557 1149 ibi:
577 1124 734 1156 colleyerunt
752 1131 810 1156 erqo
830 1125 854 1149 et
872 1124 987 1155 impleve-

135 1168 199 1192 runt
210 1167 341 1193 duodecim
360 1167 484 1199 cophinos
496 1166 701 1199 framueutorum
720 1168 766 1192 etc.
785 1167 817 1192 In
835 1168 986 1198 providendo

137 1211 246 1236 ostendit
256 1211 410 1235 clementiam
423 1211 448 1235 in
458 1210 573 1241 respectu
586 1210 768 1240 miserationis3
782 1211 807 1235 in
821 1211 986 1236 ministrando

138 1253 287 1285 sapientiam
312 1254 338 1278 in
361 1260 478 1284 processu
502 1253 720 1285 interrogationis3
745 1254 771 1278 in
796 1254 986 1285 multiplicando

136 1297 273 1328 potentiam
292 1297 317 1321 in
338 1297 413 1328 pastu
432 1297 580 1322 refectionis.

207 1339 249 1365 12.
259 1340 347 1365 Potest
356 1340 440 1365 autem
450 1340 496 1365 hoc
505 1340 555 1365 fere
565 1340 717 1371 generaIIter
727 1340 853 1365 observari
866 1341 892 1365 111
903 1341 985 1372 singu-

135 1383 167 1408 lis
180 1383 323 1415 Evangeliis
342 1383 367 1408 et
379 1383 512 1414 Epistolis,
527 1383 551 1408 et
564 1390 614 1408 non
633 1383 785 1408 solummodo
799 1383 928 1409 dividendo
942 1391 986 1415 per

134 1426 223 1456 verba,
237 1426 279 1450 sed
292 1426 317 1450 et
330 1433 374 1457 per
386 1426 436 1450 alia
449 1426 578 1457 casualia,
593 1426 657 1451 sicut
669 1427 788 1457 exemplis
801 1426 867 1451 infra
880 1427 984 1458 patebit.

204 1469 278 1499 Item,
298 1469 406 1500 ponatur
425 1469 487 1494 illud
501 1469 532 1494 ad
551 1470 675 1495 Romanos
695 1470 763 1495 sexto
777 1469 800 1494 ⁵:
821 1470 856 1495 Iu
875 1471 986 1495 nouitate

134 1512 202 1537 vitae
221 1512 388 1537 ambulemus.
411 1512 465 1537 Hoc
491 1512 674 1537 diversificatur
699 1513 779 1544 quoad
804 1521 935 1538 numerum
960 1514 986 1539 et

135 1562 267 1586 personam
288 1556 335 1580 sic:
355 1555 394 1580 hic
413 1555 497 1580 monet
509 1555 658 1586 Apostolus,
678 1556 708 1580 ut
726 1556 755 1581 de
774 1556 837 1581 bono
856 1557 882 1581 iu
896 1557 984 1581 melius

134 1598 305 1630 proficiamus,
325 1598 372 1622 ibi:
393 1598 552 1623 ambulemus
560 1607 568 1628 ,·
587 1599 693 1624 secundo
706 1598 815 1624 ostendit
834 1599 984 1631 profectum,

134 1648 206 1673 quem
224 1641 368 1671 debeamus,
387 1641 434 1666 ibi:
456 1641 483 1666 in
501 1641 613 1666 novitate
631 1642 706 1666 vitae.

203 1684 276 1714 ltem,
290 1684 353 1709 illud
369 1684 401 1709 ad
414 1684 538 1709 Romanos
552 1684 625 1709 tertio
639 1685 731 1710 decimo
743 1684 767 1709 ⁶:
787 1685 896 1711 Nemini
909 1686 985 1717 quid-

134 1735 212 1759 quam
231 1727 357 1759 debeatis,
375 1728 428 1752 uisi
446 1729 476 1752 ut
494 1728 601 1752 invicem
626 1728 753 1760 diligatis.
779 1729 826 1754 Hic
850 1729 898 1754 duo
922 1729 983 1754 facit

132 1770 269 1802 Apostolus
289 1778 355 1796 more
374 1770 533 1802 pontificis⁷:
554 1771 637 1801 solvit,
656 1771 704 1796 ibi:
724 1772 821 1797 uemim‘
839 1772 982 1803 Quidquam

132 1813 243 1838 debeatis
250 1822 259 1844 ;
277 1814 302 1838 et
320 1814 392 1845 ligat,
412 1814 458 1838 ibi:
478 1814 531 1839 uisi
547 1816 577 1839 ut
596 1815 703 1839 invicem
722 1815 855 1846 diligati&
874 1816 950 1841 solvit
968 1823 983 1840 a

130 1857 229 1882 vinculo
248 1857 391 1887 servitutis,
410 1857 475 1889 ligat
493 1858 592 1883 vinculo
611 1858 732 1888 caritatis,
745 1866 807 1890 quae
826 1858 920 1890 quanto
934 1867 983 1884 ma-

131 1900 170 1932 gis
189 1900 309 1930 solvitur,
330 1900 402 1926 tanto
421 1901 501 1932 magis
520 1900 631 1925 debetur.

202 1943 319 1974 Amplius
338 1943 452 1968 variatur
476 1943 516 1968 hic
541 1944 642 1973 modus,
668 1944 733 1969 sicut
751 1944 833 1975 patet,
854 1945 982 1976 proposito

131 1986 174 2011 illo
193 1986 224 2011 ad
236 1986 360 2011 Romanos
380 1986 455 2012 tertio
474 1987 566 2012 decimo
580 1986 602 2011 ⁸:
632 1987 782 2012 Iuduczmur
807 1996 882 2013 arma
908 1988 981 2014 lucis.

131 2029 178 2054 Hic
190 2029 308 2054 hortatur
321 2029 352 2054 ad
370 2030 516 2055 indumenta
528 2030 666 2060 virtutum,
686 2030 855 2062 notanturque
869 2032 908 2056 hic
922 2031 980 2062 tria,

131 2080 194 2104 quae
213 2072 308 2097 faciunt
327 2073 436 2098 virtutes
454 2074 479 2098 in
504 2073 612 2098 habente
631 2081 681 2098 eas.
706 2074 808 2099 Habent
827 2075 892 2099 enim
912 2076 981 2106 ipsae

129 2115 237 2140 virtutes
257 2115 369 2147 iuduere,
389 2123 493 2141 armare
511 2116 536 2141 et
562 2116 726 2147 numisma-n
742 2117 795 2142 ideo
815 2118 919 2142 dicitur:
943 2118 981 2143 iu-

130 2158 244 2183 duamur
272 2158 352 2190 quoad
377 2159 499 2189 primum3
525 2167 601 2184 arma
628 2160 708 2191 quoad
738 2161 886 2190 secundum
916 2161 980 2186 lueis

130 2201 211 2232 quoad
223 2201 325 2226 tertium
333 2200 352 2225 ⁹.
362 2216 397 2219 —
406 2201 475 2231 Ecce,
486 2202 551 2233 quod
561 2203 675 2227 variatur
685 2203 808 2234 quantum
821 2203 853 2227 ad
866 2204 979 2234 modum;

131 2244 189 2269 licet
209 2245 300 2275 populo
319 2245 394 2269 aliter
413 2245 493 2276 possit
510 2245 594 2275 dividi,
614 2246 644 2270 ut
663 2253 740 2277 supra
753 2247 827 2270 cetra
840 2246 979 2276 dividendo,

130 2287 200 2312 velut
213 2288 339 2312 ostensum
353 2288 392 2312 est
404 2289 430 2312 in
444 2289 600 2319 praemissis:
615 2288 707 2320 triplex
721 2289 760 2314 est
772 2289 843 2314 nobis
857 2289 978 2314 inflictum

129 2331 310 2356 incommodum
329 2338 373 2362 per
392 2331 534 2362 peccatum,
548 2332 641 2356 scilicet
658 2332 794 2361 nuditatis,
814 2333 902 2357 contra
915 2333 979 2364 quod

129 2372 222 2397 dantur
241 2373 349 2398 virtutes
368 2373 399 2398 ad
424 2374 611 2404 indumentum,
630 2374 677 2399 ibi:
697 2375 840 2400 induamur
847 2384 855 2405 ,·
874 2375 980 2400 infirmi-

130 2416 205 2446 tatis,
225 2416 313 2441 contra
338 2417 403 2448 quod
428 2417 521 2442 dantur
545 2417 576 2442 ad
601 2418 798 2448 munimentum,
820 2418 867 2443 ibi:
889 2425 979 2449 arma,-

129 2460 154 2484 et
172 2460 312 2489 caecitatis,
333 2460 420 2485 contra
439 2460 503 2492 quod
523 2460 616 2485 dantur
627 2461 658 2485 ad
671 2460 859 2490 documentum,
877 2461 924 2486 ibi:
940 2461 979 2485 lu-

129 2502 173 2528 cis.
193 2503 286 2528 Deinde
305 2503 457 2534 procedendo
476 2511 520 2535 per
539 2504 647 2535 primum
662 2502 695 2533 ¹⁰,
715 2504 835 2535 quomodo
857 2504 878 2528 ei
897 2504 978 2529 virtu-

128 2546 166 2571 tes
185 2546 245 2571 sunt
263 2546 409 2571 indumenta
428 2547 585 2571 necessitatis
604 2547 635 2571 ad
657 2547 787 2577 meritum,
807 2547 928 2572 utilitatis
946 2547 978 2572 ad

128 2589 279 2620 praemium,
299 2589 439 2614 honestatis
458 2590 489 2614 ad
508 2590 646 2621 exemplum
661 2590 686 2615 et
704 2590 869 2615 formositatis
888 2590 919 2616 ad
939 2598 978 2616 or-

128 2632 225 2657 natum.
244 2632 349 2657 Demum
368 2633 520 2664 procedendo
538 2640 583 2664 per
602 2633 736 2658 secundum
755 2633 907 2664 membrum,
921 2640 978 2665 quo-

1856 161 1887 187 11

1047 225 1117 249 modo
1137 226 1196 250 sunt
1214 226 1247 251 ad
1266 228 1424 253 muniendum
1444 229 1553 259 fortiter,
1573 231 1603 255 ad
1622 232 1818 264 impugnandum
1837 243 1891 266 gra-

1046 266 1124 295 viter,
1144 267 1175 291 ad
1194 268 1359 293 resistendum
1380 270 1504 300 patienter
1522 272 1548 297 et
1566 273 1596 297 ad
1615 274 1789 300 vivificandum
1807 277 1890 308 longa-

1046 309 1156 334 nimiter.
1497 321 1502 325 ⁴

1118 351 1160 376 13.
1179 352 1268 378 Potest
1282 353 1301 366 ¹¹
1322 354 1396 380 etiam
1417 357 1514 387 procedi
1527 358 1555 382 de
1568 360 1682 389 opposito
1696 360 1723 384 iu
1736 362 1891 393 oppositum,

1046 393 1160 418 videlicet
1179 395 1372 426 incommodum,
1392 399 1456 429 quod
1475 400 1624 425 incurrimus
1643 409 1686 432 per
1700 403 1841 433 peccatum,
1854 404 1893 428 est

1046 436 1145 467 triplex.
1166 437 1228 469 Ipsa
1246 440 1309 463 enim
1331 441 1432 470 peecata
1450 442 1510 467 sunt
1528 443 1656 474 deceptiva
1675 446 1777 476 propter
1791 446 1893 471 delecta-

1046 479 1122 504 tionis
1141 480 1292 510 transitum,
1312 482 1397 514 turpia
1415 485 1518 515 propter
1536 487 1623 517 culpae
1641 488 1782 519 contagium
1799 489 1824 513 et
1837 496 1894 520 poe-

1045 522 1114 547 nalia
1132 523 1236 554 propter
1255 525 1361 549 reatum.
1380 526 1425 551 Sed
1444 527 1472 551 de
1491 527 1535 553 hoc
1555 536 1603 554 nou
1623 530 1680 560 plus
1705 531 1736 555 ad
1761 538 1892 562 praesens,

1045 572 1090 596 pro
1104 573 1131 590 eo
1144 566 1209 597 quod
1222 567 1325 592 inferius
1337 567 1357 580 ¹²
1370 569 1479 600 dicetur;
1493 578 1557 596 nunc
1570 572 1653 597 autem
1667 580 1714 598 non
1735 575 1773 598 est
1787 575 1893 600 intentio

1044 608 1133 633 nostra
1151 609 1275 634 dividendi
1295 617 1339 641 per
1357 612 1469 643 exempla
1487 614 1614 639 tendentia
1633 616 1664 640 ad
1677 617 1890 647 complementum.

1116 651 1156 676 Ad
1182 652 1246 676 idem
1271 654 1381 683 ponatur
1404 655 1467 679 illud
1486 655 1579 681 Psalmi
1595 656 1628 682 ¹²³:
1648 659 1773 691 Domine,
1794 660 1892 685 inclina

1045 694 1128 719 caelos
1154 696 1211 719 tuos
1238 696 1262 719 et
1286 695 1417 727 descende,
1439 698 1513 729 tanye
1537 701 1648 731 montes,
1673 703 1697 725 et
1720 701 1892 734 fzcmiqabuut.

1045 737 1114 766 Quod
1134 737 1218 768 potest
1234 738 1269 762 sic
1281 746 1325 769 per
1340 739 1495 769 infinitivum
1509 741 1584 766 dividi
1597 743 1670 767 simili
1684 745 1768 774 modo,
1782 746 1811 769 ut
1825 753 1892 776 prae-

1044 780 1138 805 dictum
1164 780 1216 810 est;
1236 780 1265 805 ut
1290 782 1311 806 si
1335 782 1446 806 dicatur:
1467 784 1569 808 eximius
1594 785 1776 816 Prophetarum
1805 789 1892 813 eximia

1045 823 1110 854 petit
1130 823 1177 848 sibi
1195 824 1263 853 dari,
1283 824 1398 849 videlicet
1417 826 1546 850 sublimem
1559 827 1698 852 humiliari:
1712 829 1836 861 Domine,
1856 831 1892 855 iu-

1045 866 1114 890 cliua
1133 866 1215 891 caelos
1228 868 1286 892 tuos
1292 876 1301 897 ;
1314 867 1446 892 Dominum
1466 869 1606 894 incarnari:
1627 870 1757 901 damonae,-
1775 873 1800 896 et
1818 873 1893 897 rebel-

1043 909 1092 934 lem
1111 910 1278 935 reconciliari:
1300 911 1375 942 tauyc
1394 913 1503 942 montes,
1523 913 1546 936 et
1564 911 1734 944 fumiyabunt.

1115 952 1183 977 Haec
1202 953 1286 977 autem
1304 953 1392 978 divisio
1405 954 1430 978 et
1443 954 1567 985 quaelibet
1580 957 1774 986 praemissarum
1786 957 1811 981 in
1825 965 1892 982 exse-

1044 996 1142 1021 cutione
1156 1003 1286 1027 processus
1299 996 1412 1028 apertius
1424 998 1571 1028 appareret,
1586 999 1627 1023 sed
1641 999 1719 1023 solum
1736 1000 1766 1024 ad
1780 1001 1892 1031 ponenda

1043 1040 1143 1070 generis
1162 1039 1254 1064 diversi
1272 1040 1385 1071 exempla
1404 1041 1539 1072 pervigilat
1558 1042 1693 1072 speculatio
1714 1050 1839 1073 praesens.

1114 1082 1148 1106 Et
1167 1082 1230 1107 idem
1251 1082 1405 1112 ostenditur,
1420 1084 1441 1107 si
1454 1084 1562 1114 ponatur
1581 1084 1643 1109 illud
1662 1085 1756 1110 Psalmi
1772 1085 1806 1110 ¹⁴²:
1826 1087 1891 1111 Esto

1042 1125 1109 1149 milii
1129 1125 1155 1149 iu
1174 1125 1260 1150 Deum
1273 1127 1445 1157 protectorem
1464 1127 1488 1150 et
1505 1127 1533 1151 'iu
1553 1127 1634 1152 locum
1650 1127 1752 1159 refuyii.
1767 1129 1892 1154 Dividitur

1043 1169 1135 1199 quippe
1155 1169 1189 1193 310
1208 1168 1291 1193 eodem
1310 1169 1395 1194 modo:
1415 1169 1441 1194 in
1461 1170 1569 1200 periculo
1589 1170 1686 1201 positus
1705 1171 1751 1196 duo
1766 1172 1841 1202 petit:
1855 1173 1892 1197 de-

1042 1211 1150 1240 fensari,
1169 1211 1217 1235 ibi:
1237 1213 1289 1236 esto
1315 1212 1380 1236 milii
1405 1212 1433 1237 iu
1451 1213 1536 1237 Deum
1555 1214 1741 1244 protectorem;
1760 1214 1784 1239 et
1802 1215 1892 1246 guber-

1042 1255 1112 1283 nari,
1132 1254 1179 1279 ibi:
1200 1256 1224 1279 et
1242 1255 1271 1279 iu
1290 1255 1374 1280 locum
1393 1255 1496 1287 refuyii.
1516 1255 1646 1280 Defensari
1659 1257 1723 1287 petit
1741 1257 1772 1282 ad
1791 1258 1892 1283 evaden-

1042 1298 1116 1327 dum,
1135 1298 1271 1329 gubernari
1296 1306 1354 1324 vero
1380 1299 1411 1323 ad
1435 1299 1635 1330 confugiendum.
1658 1299 1769 1324 Primum
1794 1300 1824 1325 fit
1848 1308 1892 1332 per

1042 1340 1191 1371 protectoris
1202 1341 1336 1371 auxilium,
1351 1341 1492 1370 secundum,
1507 1349 1551 1372 per
1563 1342 1701 1367 Salvatoris
1720 1343 1892 1374 patrocinium.

1113 1384 1188 1413 Ecce,
1209 1384 1329 1415 quomodo
1348 1391 1393 1415 per
1417 1384 1464 1409 has
1489 1385 1572 1409 claves
1597 1385 1724 1410 divisionis
1744 1387 1893 1417 praemissae

1042 1426 1191 1452 sufficieutia
1209 1427 1337 1456 innuitur,
1357 1428 1382 1452 et
1401 1428 1509 1452 eiusdem
1534 1428 1702 1459 intelligentia
1724 1429 1850 1453 reseratur
1869 1429 1893 1454 et

1042 1471 1114 1501 quasi
1132 1470 1271 1499 clauditur,
1286 1470 1419 1495 secundum
1434 1471 1498 1502 quod
1511 1471 1593 1496 claves
1606 1472 1693 1496 merito
1707 1472 1892 1503 nuncupantur.

1114 1512 1156 1537 14.
1176 1513 1264 1538 Potest
1282 1513 1366 1538 autem
1385 1513 1424 1538 hic
1444 1514 1544 1543 modus,
1564 1515 1606 1545 qui
1626 1514 1655 1539 fit
1674 1522 1717 1545 per
1735 1515 1824 1546 verba,
1842 1523 1891 1540 non

1042 1556 1123 1581 solum
1142 1557 1167 1580 in
1187 1556 1286 1587 activa,
1307 1557 1349 1581 sed
1368 1557 1393 1581 et
1408 1557 1515 1587 passiva
1534 1565 1605 1586 voce,
1626 1558 1650 1582 in
1673 1565 1785 1588 persona
1803 1559 1828 1583 et
1846 1566 1891 1583 uu-

1041 1606 1112 1623 mero
1131 1599 1237 1629 variari,
1258 1599 1283 1623 et
1302 1599 1389 1624 divisio
1408 1600 1528 1630 inveniri,
1548 1601 1613 1625 sicut
1632 1601 1745 1626 nostrum
1759 1601 1891 1632 patefaciet

1041 1642 1189 1673 exemplum.

1113 1685 1226 1710 Ponatur
1245 1686 1308 1710 illud
1326 1686 1446 1711 Ieremiae
1472 1688 1551 1718 primo
1565 1686 1599 1711 ¹⁵:
1618 1688 1780 1718 Priusquam
1801 1689 1822 1712 te.
1839 1687 1890 1717 for-

1040 1736 1138 1753 marem
1158 1729 1186 1753 in
1203 1730 1289 1760 utero,
1309 1730 1370 1754 novi
1389 1731 1426 1759 tc:
1444 1731 1469 1754 et
1487 1731 1625 1761 antequam
1644 1731 1724 1755 exires
1747 1731 1776 1755 de
1800 1731 1890 1762 vulva,

1040 1770 1201 1801 sanctificavi
1221 1772 1243 1795 tc
1268 1772 1292 1796 et
1318 1772 1478 1803 Proplzetam
1490 1773 1519 1797 iu
1530 1773 1648 1804 pentibus
1661 1773 1718 1798 dedi
1731 1774 1760 1797 tc,
1774 1773 1820 1797 Ubi
1834 1780 1891 1804 pro-

1040 1814 1141 1839 cedetur
1159 1814 1205 1839 hoc
1224 1814 1309 1840 modo:
1329 1816 1355 1839 in
1374 1816 1463 1845 verbo,
1483 1816 1599 1847 inquam,
1619 1816 1682 1845 isto,
1701 1816 1730 1840 ut
1749 1817 1795 1841 iste
1808 1817 1891 1841 osten-

1039 1857 1090 1887 dit,
1110 1857 1227 1889 eligitur,
1246 1858 1294 1882 ibi:
1314 1858 1479 1890 Priusquam
1499 1860 1520 1883 tc
1538 1858 1680 1889 formarem
1694 1859 1720 1883 in
1733 1860 1818 1891 utero,
1832 1860 1891 1884 novi

1040 1902 1078 1931 tc‚·
1096 1901 1256 1932 acceptatur,
1276 1901 1324 1926 ibi:
1344 1903 1368 1926 et
1387 1903 1525 1933 autequam
1543 1903 1623 1927 emires
1642 1903 1671 1927 de
1689 1903 1779 1933 vulva,
1798 1903 1890 1927 sancti-

1039 1944 1114 1974 ficavi
1140 1946 1177 1975 te,-
1196 1945 1221 1969 et
1246 1945 1398 1975 honoratur,
1418 1945 1465 1970 ibi:
1492 1947 1516 1970 et
1537 1946 1698 1977 Proplietam
1722 1946 1750 1970 iu
1773 1946 1890 1977 {sentibus

1039 1987 1096 2012 dedi
1116 1989 1146 2012 tc.
1160 1988 1270 2020 Eligitur
1283 1989 1308 2013 in
1322 1988 1564 2020 praedestinatione,
1578 1989 1723 2020 acceptatur
1736 1989 1775 2014 vel
1788 1989 1889 2020 adopta-

1039 2031 1081 2056 tur
1100 2032 1125 2056 in
1145 2032 1356 2061 sanctificatione,
1376 2032 1515 2057 honoratur
1533 2033 1559 2057 111
1579 2033 1768 2064 praedicatione.

1110 2074 1162 2099 Nec
1181 2075 1343 2105 credendum,
1364 2075 1429 2106 quod
1453 2075 1499 2100 hoc
1524 2076 1595 2101 modo
1621 2075 1721 2100 tantum
1744 2075 1824 2106 possit
1844 2075 1889 2100 hoc

1038 2117 1142 2142 verbum
1162 2118 1247 2143 dividi.
1267 2118 1357 2143 Plures
1376 2119 1462 2150 procul
1482 2119 1555 2143 dubio
1574 2119 1705 2144 divisiones
1719 2119 1742 2143 in
1757 2119 1801 2143 hoc
1815 2118 1888 2143 verbo

1038 2160 1123 2186 doctor
1142 2161 1253 2186 inveniet
1271 2161 1296 2186 et
1315 2162 1429 2186 meliores
1451 2162 1562 2193 quidem,
1583 2169 1644 2193 quas
1669 2169 1722 2186 mea
1746 2162 1888 2193 ignorantia

1037 2210 1087 2228 11011
1106 2204 1220 2235 attingit.
1239 2204 1329 2229 Posset
1348 2205 1413 2229 enim
1432 2205 1457 2229 et
1475 2205 1521 2230 hoc
1540 2205 1642 2229 verbum
1662 2205 1735 2229 aliter
1753 2204 1839 2232 dividi,
1859 2203 1888 2227 ut

1037 2246 1148 2272 dicatur:
1168 2247 1314 2272 beneficium
1337 2248 1376 2272 hic
1400 2248 1548 2279 exprimitur
1572 2248 1652 2279 quoad
1677 2248 1803 2272 electionis
1829 2254 1886 2271 suae

1037 2290 1215 2321 primordium:
1236 2291 1398 2322 Priusquam
1418 2292 1440 2316 te
1458 2290 1598 2321 formarem
1615 2291 1645 2315 iri
1662 2292 1750 2321 utero,
1769 2290 1828 2314 novi
1850 2291 1887 2319 tc,-

1037 2334 1118 2364 quoad
1131 2334 1275 2359 sanctitatis
1289 2335 1462 2366 privilegium:
1476 2336 1500 2359 et
1512 2335 1649 2365 autequam
1662 2335 1741 2358 exires
1755 2333 1784 2358 de
1796 2333 1885 2363 vulva,

1035 2376 1197 2406 sanctificavi
1218 2378 1254 2407 te:
1274 2377 1299 2401 et
1317 2377 1398 2408 quoad
1420 2377 1610 2408 praedicationis
1635 2376 1755 2401 officium:
1774 2377 1798 2400 et
1818 2376 1886 2401 Pro-

1032 2419 1140 2451 phetam
1165 2420 1194 2444 iu
1216 2420 1336 2451 yenttbus
1355 2419 1412 2445 dccli
1435 2422 1464 2444 te.
1484 2420 1515 2445 In
1541 2420 1657 2445 electione
1682 2419 1822 2444 ostenditur
1841 2418 1886 2443 Dei

1036 2462 1140 2487 scientia
1160 2462 1327 2493 admirabilis,
1354 2463 1379 2488 iu
1405 2463 1600 2488 sanctificatione
1625 2463 1676 2487 eius
1701 2462 1799 2487 bonitas
1824 2469 1885 2486 com·

1035 2505 1197 2535 mendabilis,
1218 2506 1260 2530 sed
1278 2506 1304 2530 in
1324 2506 1506 2537 praedicatione
1525 2506 1577 2530 eius
1596 2505 1708 2530 doctrina
1721 2504 1833 2529 redditur
1845 2511 1885 2528 ve-

1035 2548 1164 2573 nerabilis.

1107 2590 1149 2615 15.
1168 2591 1303 2616 Praeterea
1328 2592 1467 2621 sciendum,
1493 2591 1558 2623 quod
1582 2591 1682 2620 divisio,
1708 2598 1762 2615 cum
1787 2589 1817 2614 fit
1841 2597 1884 2620 per

1034 2634 1120 2666 verba,
1130 2634 1214 2665 potest
1227 2634 1281 2659 fieri
1294 2635 1319 2659 in
1333 2634 1439 2659 secunda
1453 2641 1572 2665 persona;
1586 2633 1655 2658 verbi
1667 2633 1758 2664 gratia,
1771 2632 1884 2656 sumatur

190 2789 198 2801 ¹
216 2789 271 2818 Cap.
290 2791 315 2817 8,
333 2791 369 2812 25.
616 2790 625 2804 ²
643 2791 688 2814 Csr.
705 2798 775 2820 supra
793 2798 814 2814 n.
833 2792 854 2814 4.
872 2792 894 2814 in
911 2792 964 2815 fine.

190 2820 198 2833 ³
216 2821 281 2844 Vers.
302 2822 320 2843 1.
337 2828 386 2850 seq.
617 2822 627 2834 ‘¹
645 2823 674 2845 lta
692 2824 722 2850 Α;
740 2823 777 2846 ed.
793 2829 886 2847 servus.

190 2851 199 2864 ⁵
218 2853 282 2874 Vers.
302 2852 322 2874 li.
618 2853 628 2866 ὅ
645 2855 711 2877 Vers.
729 2855 750 2877 8.

190 2881 199 2926 ζ
216 2885 247 2906 Ex
266 2884 282 2906 Α
301 2884 435 2907 addidimus
452 2890 518 2908 more
531 2884 658 2915 pontificis.

218 2916 282 2937 Vers.
300 2916 336 2937 12.

189 2944 198 2958 ⁹
216 2947 239 2968 ln
257 2947 370 2974 positione
388 2946 513 2970 verborum
531 2948 603 2970 secuti
620 2954 701 2971 sumus
718 2948 744 2970 Α.

1097 2791 1117 2804 ¹⁰
1134 2792 1175 2815 Ed.
1192 2798 1315 2820 perperam
1338 2797 1481 2821 personum,
1503 2793 1525 2813 et
1546 2790 1629 2813 deiude
1649 2788 1735 2812 seilicet
1756 2787 1819 2818 quod
1840 2794 1881 2815 pro

1032 2823 1159 2853 quomodo.

1095 2854 1114 2898 ᾖ
1132 2854 1172 2877 Ed.
1190 2855 1227 2876 hic
1244 2854 1380 2882 praemittit:
1398 2854 1433 2876 Ilu
1450 2853 1519 2876 elium
1532 2851 1665 2881 faciendum
1680 2851 1704 2873 in
1718 2850 1780 2873 aliis.

1094 2916 1114 2929 ¹³
1131 2887 1291 2943 ΞΞἚΉἸῗΫ-ίῗ»,
1309 2917 1331 2938 5.
1521 2914 1539 2926 ¹¹¹
1558 2914 1638 2936 psalm.
1655 2913 1698 2939 70,
1717 2913 1737 2935 3.

1093 2947 1113 2960 ¹⁵
1131 2948 1197 2971 Vers.
1216 2948 1238 2970 ὅ.
1254 2960 1285 2964 -
1302 2947 1342 2970 Ed.
1360 2947 1419 2969 male
1436 2947 1512 2969 Potest
1529 2945 1590 2968 enim
1608 2951 1650 2973 pro
1668 2945 1784 2967 Ponatur.

1904 362 1956 381 Alius
1964 363 2036 383 modus.

1908 664 2024 688 Exemplum.

1908 1090 2024 1115 Exemplum.

1909 1519 2021 1538 Notandum.

1907 1688 2022 1711 Exemplum.

1906 2078 1942 2096 Alii
1955 2078 2012 2097 modi,

1902 2596 1971 2614 Divisio
1986 2600 2018 2619 per

1927 2619 1989 2637 rerba.
