2243 3348
78 1102 148 1121 Sermo.

19 1649 23 1674 3¹
31 1664 74 1683 Pars
86 1664 99 1682 1.
114 1663 140 1682 De

35 1687 138 1706 humilitate

18 1716 19 1721 ¹
28 1711 143 1735 discipliuae.

742 180 783 208 DE
805 180 829 208 S.
852 180 950 208 MARiA
971 180 1176 209 MAGDALENA.
1199 181 1308 209 SERMO
1330 181 1347 209 1.

173 256 288 285 Domino
309 264 358 292 per
380 257 461 290 viam,
484 257 573 285 stabat
594 265 692 286 caecus
713 265 792 286 secus
812 257 892 286 viani.
914 257 1017 286 Caecus

172 303 222 332 iste
243 303 367 339 designat
387 311 475 340 genus
496 304 650 332 humanum
671 303 729 332 sive
754 312 880 338 omnem,
902 304 949 341 qui
975 304 1017 332 in-

171 349 244 386 diget
265 349 413 378 illuminari
436 350 590 386 cognitione
608 350 780 384 divinorum;
796 351 843 387 qui
865 354 957 379 autem
972 358 1016 379 re*

171 399 258 433 putat,
280 403 309 424 se
330 403 384 424 non
406 396 528 432 indigere
550 396 749 425 illuminatione
765 397 927 434 cognitionis
947 397 1016 426 divi-

171 450 285 475 norum,
301 449 399 470 caecus
413 445 454 470 est
469 445 496 471 et
511 442 573 479 plus
587 450 670 479 quam
685 450 792 471 caecus.
814 443 890 472 Unde
908 444 935 472 in
951 444 1015 472 Pro-

170 488 272 517 verbiis
288 489 313 516 1;
342 488 458 522 Vidisti,
474 487 617 517 hominem
644 489 803 526 sapientem
824 490 881 518 sibi
900 490 1014 518 videri?

171 535 266 572 Mayz's
289 534 337 563 illo
357 543 436 572 spent
457 534 570 564 habebit
585 535 743 572 insipiens;
764 536 831 564 etin
855 537 1014 573 Apocalypsi

169 582 286 610 dicitur:
311 582 407 615 Dicis,
429 582 507 619 quod
534 582 612 610 dives
632 591 699 610 sum
726 586 752 610 et
779 582 969 620 locupletatus
990 586 1015 611 et

169 628 280 657 nullius
302 637 384 665 eyeo;
405 632 431 657 ct
450 629 554 662 nescis,
576 629 647 667 quia
669 633 700 657 tu
725 638 754 657 es
775 629 864 658 miser
884 634 908 657 et
929 630 1014 658 mise-

169 675 273 703 rabilis
294 679 318 703 el
336 683 455 712 pauper
476 678 501 703 et
521 683 625 704 caecus
645 679 670 704 et
683 676 792 704 nudus.
815 676 899 712 igitur
921 684 971 712 ego
986 679 1013 705 et

168 722 284 759 quilibet
305 722 387 750 homo
408 722 488 750 dehet
510 730 569 750 esse
590 722 712 750 imitator
734 722 805 751 caeci
835 725 862 750 et
883 722 1012 756 clamare,

168 768 194 797 id
216 771 258 797 est
278 777 367 802 orare,
390 768 423 797 ad
446 768 603 802 Dominum,
626 771 657 797 ut
678 769 769 805 ipsum
785 769 930 797 illuminet.
946 768 1013 797 Cae-

168 823 218 844 cus
238 824 290 844 non
313 816 392 852 petiit
413 819 514 844 vestem
537 816 579 844 vel
595 815 748 852 pecuniam,
764 815 809 843 sed
832 815 938 843 dicente
959 816 1012 843 Do-

168 862 257 890 mino:
281 862 358 898 Quid
379 862 431 890 tibi
458 862 517 896 vis,
539 861 670 898 faciam,·
696 861 852 898 respondit:
877 862 1011 895 Domine,

167 913 199 937 ut
213 909 335 937 videam.
352 909 481 937 Similiter
496 911 523 937 et
537 916 587 937 nos
601 908 730 944 exemplo
744 908 804 936 elus
818 907 951 936 debemus
967 916 1012 944 pe-

166 959 224 984 tere
240 955 332 984 lumen
347 955 450 992 gratiae
465 958 491 983 et
505 954 654 983 doctrinae.
672 954 699 983 ln
714 954 849 991 principio
864 954 948 991 igitur
960 957 1010 982 etc.

246 1002 333 1030 Stans
355 1005 431 1030 retro
453 1004 504 1030 etc.

247 1050 272 1077 ln
299 1049 391 1077 verbis
421 1049 480 1077 istis
511 1048 640 1077 laudatur
668 1048 787 1085 gloriosa
815 1048 957 1085 peccatrix
985 1051 1011 1076 et

167 1096 309 1133 poenitens
330 1104 346 1124 a
361 1096 460 1132 triplici
475 1095 654 1124 excellentia:
676 1095 774 1132 primo,
793 1095 827 1123 ab
849 1094 1012 1123 humilitate

165 1143 355 1179 diseiplinae;
370 1142 499 1176 secundo,
514 1142 548 1171 ab
563 1142 721 1179 asperitate
731 1142 940 1179 poeniteutiae;
955 1145 1010 1170 ter—

165 1190 211 1224 tio,
233 1189 267 1218 ab
289 1189 418 1218 ubertate
446 1189 603 1217 devolionis
629 1189 760 1218 internae.
784 1189 905 1217 Primum
933 1193 1010 1218 nota-

165 1240 220 1270 tur,
249 1244 312 1265 cum
339 1236 419 1264 dicit:
442 1236 530 1264 Stans
558 1240 636 1264 retro
663 1244 745 1264 secus
771 1236 856 1273 pedes
884 1236 1008 1269 Domini;

164 1283 326 1317 secundum,
349 1291 411 1311 cum
433 1283 513 1311 dicit:
537 1283 678 1320 lacrymis
699 1283 789 1319 coepit
809 1283 912 1320 rigare
923 1283 1009 1319 pedes

163 1330 225 1358 eius
247 1333 271 1358 el
292 1329 407 1366 capillis
428 1329 534 1366 eapitis
554 1329 604 1357 sui
628 1329 770 1366 tergebat,-
792 1329 922 1363 tertium,
944 1337 1008 1358 cum

162 1376 241 1405 dicit:
264 1380 290 1404 et
310 1376 501 1404 osculabatur
522 1379 573 1405 etc.
600 1376 748 1412 Exemplar
777 1376 861 1404 totius
889 1376 1008 1412 discipli-

162 1431 222 1458 nae,
244 1423 328 1452 totius
351 1423 532 1460 poenitentiae
554 1426 580 1451 et
603 1423 686 1452 totius
710 1423 862 1451 devotionis
884 1423 1008 1451 internae

161 1469 214 1499 fuit
234 1470 286 1499 ista
308 1470 458 1507 peccatrix.
481 1470 518 1498 Ad
541 1470 612 1498 istud
635 1470 778 1506 exemplar
799 1470 966 1506 aspiciamus
981 1473 1008 1498 et

162 1525 214 1546 non
237 1517 429 1554 despiciamus.
453 1517 524 1545 [stud
547 1517 692 1553 exemplar
714 1517 842 1553 proponit
870 1517 943 1545 Deus
965 1517 1006 1545 iu-

162 1564 210 1593 stis
231 1567 258 1593 et
279 1564 480 1600 peccatoribus,
502 1564 695 1592 innocentibus
716 1567 742 1592 et
764 1564 976 1600 poenitentibus.

240 1611 257 1639 Ι.
281 1611 370 1639 Primo
392 1611 546 1644 videamus,
568 1611 707 1647 quomodo
728 1611 779 1639 fuit
800 1611 943 1647 exemplar
963 1611 1006 1639 di—

160 1657 310 1695 seipliucte,
333 1657 406 1694 quod
428 1660 550 1691 notatur,
572 1665 634 1685 cum
657 1658 737 1686 dicit:
753 1657 841 1686 Stans
856 1662 934 1685 retro
954 1660 1006 1686 etc.

161 1704 188 1732 ln
210 1704 263 1732 hoc
283 1704 358 1741 qnod
379 1703 444 1732 dicit
466 1707 553 1737 retro,
575 1704 706 1737 ostendit,
721 1711 750 1732 se
771 1703 855 1732 fuisse
870 1712 1006 1738 verecun-

160 1751 227 1779 clam
237 1761 248 1784 ;
269 1751 295 1779 in
320 1751 379 1784 hoc,
394 1751 467 1787 quod
489 1751 555 1779 dicit
568 1759 651 1779 secus
663 1751 758 1787 pedes,
774 1751 892 1779 ostendit
910 1758 939 1779 se
954 1750 1007 1779 hu—

161 1798 314 1826 miliatam.
331 1798 400 1826 Haec
421 1798 492 1826 enim
509 1798 564 1826 duo
579 1798 697 1826 animam
715 1798 833 1826 reddunt
851 1797 1006 1834 disciplina-

161 1848 232 1878 tam3
253 1845 345 1873 anima
366 1845 551 1873 inverecunda
579 1848 605 1873 et
633 1845 752 1873 insolens
774 1845 851 1873 audit
879 1844 945 1873 illud
969 1845 1006 1873 le-

161 1892 263 1921 remiae
278 1892 304 1920 2:
327 1893 423 1920 Frons
445 1892 576 1920 mulieris
598 1892 759 1920 meretricis
780 1891 862 1929 facta
883 1895 922 1919 cst
945 1891 1005 1925 tibi,

160 1939 281 1967 noluisti
294 1938 465 1967 erubescere.
483 1939 599 1967 Multum
614 1939 686 1967 enini
703 1942 744 1967 est
765 1938 916 1972 attendere,
932 1938 1006 1975 quod

161 1985 212 2015 ista
232 1985 306 2014 aliud
328 1985 464 2021 (erubuit)
480 1989 507 2014 et
521 1985 596 2014 aliud
619 1994 670 2013 non
688 1986 816 2019 erubuit3
840 1985 953 2014 erubuit
967 1985 1006 2013 sa-

160 2033 228 2061 ciem
250 2032 367 2066 Christi,
389 2036 416 2060 et
438 2035 527 2061 tamen
551 2040 603 2060 uon
626 2032 740 2061 erubuit
761 2040 842 2069 agere
866 2032 1005 2068 poeniten-

161 2079 225 2107 tiam
246 2082 273 2108 et
294 2079 417 2107 confiteri
447 2082 558 2116 peccata
579 2087 643 2112 si1a;
666 2079 739 2107 unde
765 2079 790 2107 iu
819 2079 1006 2107 Ecclesiastico

159 2126 276 2154 dicitur:
301 2127 360 2154 Pro
381 2126 485 2154 anima
506 2130 558 2154 tua
579 2135 613 2154 ne
635 2125 831 2163 confundaris
853 2126 947 2154 dicere
963 2134 1005 2154 tre-

160 2181 246 2206 ram;
267 2177 306 2201 est
328 2172 461 2210 confusio
483 2173 632 2201 adducens
651 2176 812 2209 peccalum,
834 2177 859 2201 et
879 2177 919 2201 est
939 2181 1005 2201 con-

159 2218 239 2256 fusio
260 2220 408 2248 adducens
428 2219 555 2257 yloriam
578 2224 602 2248 et
622 2220 764 2257 qratiam.
787 2220 903 2256 Quidam
925 2227 1004 2248 econ-

161 2271 203 2295 tra
223 2275 277 2295 non
299 2267 468 2295 erubescunt
488 2267 584 2295 faciem
608 2267 654 2295 Dei
678 2267 703 2295 in
730 2267 913 2303 perpetrando
943 2275 1004 2303 pec-

159 2317 262 2347 catum,
278 2314 324 2342 sed
340 2314 509 2342 erubescunt
524 2314 646 2342 confiteri
660 2317 813 2350 peccatum,
829 2314 901 2342 sicut
912 2314 1003 2348 Adam,

159 2361 202 2389 cui
225 2361 295 2389 dixit
318 2361 464 2390 Dominus:
483 2361 536 2389 Ubi
549 2360 599 2389 es?
614 2361 691 2398 quasi
708 2361 794 2389 dicat:
810 2361 925 2390 deberes
940 2369 1003 2390 con-

159 2407 229 2436 fiteri
252 2411 394 2444 peccatum
419 2411 506 2436 tuum.
530 2407 580 2436 Sed
596 2407 647 2436 ista
665 2416 719 2436 non
734 2408 847 2436 erubuit
862 2408 1003 2441 confiteri;

159 2453 232 2482 unde
253 2453 402 2491 Gregorius
417 2454 444 2482 ³:
471 2466 484 2479 «
499 2455 558 2490 Quo
579 2454 673 2482 dolore
694 2454 772 2482 ardet
797 2462 868 2491 quae
889 2455 956 2483 ssere
977 2458 1004 2483 et

159 2501 229 2529 inter
251 2501 346 2538 epulas
367 2509 421 2529 non
444 2501 645 2529 erubescebat?
665 2501 753 2537 Super
768 2501 944 2529 convivantes
963 2501 1003 2529 iu-

158 2555 252 2584 gressa
266 2551 316 2581 est,
338 2547 516 2576 convivantes
539 2556 591 2576 non
613 2548 726 2576 erubuit
739 2558 770 2581 »;
793 2551 820 2576 et
835 2548 924 2576 reddit
939 2556 1003 2576 cau-

159 2602 225 2628 sam,
247 2602 309 2623 cum
329 2595 470 2631 sequitur:
491 2606 504 2619 «
520 2595 585 2623 Nam
608 2602 669 2623 cum
693 2595 866 2631 semetipsam
881 2595 1003 2631 graviter

158 2640 338 2669 erubescebat
354 2641 478 2675 interius,
492 2641 558 2669 nihil
574 2649 633 2669 esse
648 2641 771 2674 credidit,
784 2641 856 2677 quod
870 2649 1002 2670 verecun-

221 2812 228 2824 ¹
247 2813 302 2841 Cap.
320 2814 356 2841 26,
379 2814 416 2840 ¹23
434 2817 563 2842 sequuntur
580 2815 649 2841 Apoc.
668 2814 689 2839 3,
712 2814 743 2835 17.
762 2818 783 2836 et
801 2815 853 2836 Luc.
876 2815 908 2840 18,
927 2814 963 2836 ti.

221 2850 229 2863 ²
247 2851 302 2879 Cup.
321 2852 341 2879 3,
360 2853 385 2874 32
404 2856 532 2880 sequuntur
550 2852 616 2874 ticeli.
635 2852 655 2879 -l,
673 2852 709 2874 24..
727 2859 774 2881 seq⁴
794 2858 815 2874 et
833 2853 889 2875 Gen.
908 2854 929 2879 3,
947 2853 968 2874 9.

220 2889 229 2902 ³
247 2890 307 2912 Libr.
326 2892 347 2912 ll.
367 2891 447 2913 llomil.
466 2891 487 2912 iu
506 2892 592 2919 lii-nug.
610 2891 686 2913 homil.
705 2892 742 2913 33.
760 2898 782 2913 n.
804 2893 820 2913 l.

220 2929 228 2941 ⁴
247 2930 301 2957 (Tap.
312 2930 348 2956 56,
364 2930 523 2957 l;scqiiuiitui·
533 2937 552 2951 υ.
561 2930 596 2953 49,
605 2930 641 2952 -23,
651 2930 802 2957 etresi‘ncitur
811 2931 843 2953 Ill.
853 2931 910 2958 Reg.
921 2931 1002 2958 2137.

220 2968 229 2980 ⁵
247 2969 290 2990 tjt‘r.
308 2969 381 2990 Serui.
399 2969 437 2990 37.
454 2969 476 2991 in
494 2968 556 2991 Cant.
574 2975 596 2991 n.
615 2969 641 2995 7;
660 2969 763 2997 sequimi·
782 2969 867 2991 Tliren.
885 2970 910 2997 3,
933 2970 965 2991 19.

1074 258 1188 287 daretur
1199 258 1266 287 foris
1278 271 1304 287 ».
1319 276 1352 279 ——
1366 259 1415 288 Sed
1431 260 1515 297 aliqui
1528 260 1724 289 consessionem
1736 261 1831 289 dicunt
1846 262 1917 290 sicut
1956 269 2024 288 Contra

1936 293 2045 312 coufitentes

1964 316 2018 335 male.

1073 304 1193 334 fabulam
1216 314 1314 339 unam;
1336 306 1384 334 vix
1407 310 1495 343 potest
1516 307 1656 336 confessor
1676 307 1711 336 ab
1732 308 1797 344 ipsis
1822 311 1916 337 extor-

1073 359 1160 388 quere
1181 356 1332 388 peccatum.
1357 353 1493 382 Debemus
1507 361 1566 382 esse
1587 354 1735 383 verecundi
1752 354 1778 383 in
1793 354 1915 384 faciendo

1073 401 1231 434 peccatum,
1254 399 1319 435 quia
1340 399 1411 427 bona
1432 400 1597 429 verecundia
1618 400 1691 429 socia
1711 404 1752 430 est
1776 402 1915 430 humilita—

1073 445 1121 478 tis;
1143 448 1170 473 et
1191 449 1304 481 propter
1326 446 1377 474 hoc
1399 446 1450 474 ista
1466 446 1564 475 stabat
1578 451 1655 476 retro
1669 456 1751 476 secus
1762 448 1847 485 pedes
1862 449 1914 477 Do-

1071 491 1154 525 mini,
1177 495 1208 520 ut
1228 492 1384 521 ostenderet
1405 501 1434 521 se
1455 493 1648 522 verecundam
1669 497 1696 523 et
1716 493 1912 523 humiliatam.

1071 554 1109 558 -——
1123 538 1173 566 Sed
1189 539 1252 575 quis
1266 539 1397 568 docuerat
1412 540 1521 576 ipsam?
1542 541 1600 569 Non
1622 541 1695 569 veuit
1710 542 1742 570 ad
1764 546 1855 578 caput,
1872 543 1913 571 vel

1070 593 1169 622 genua,
1190 586 1232 614 vel
1255 586 1376 620 brachia,
1398 587 1444 615 sed
1466 587 1498 615 ad
1522 587 1612 623 pedes,
1635 588 1660 616 in
1683 597 1739 625 qno
1758 589 1913 618 Insiuuatur

1070 632 1164 665 nobis,
1186 632 1259 668 quod
1283 633 1356 661 venit
1376 633 1409 661 ad
1439 632 1628 662 exhibendam
1649 635 1856 669 reverentiam,
1879 635 1913 664 ad

1072 678 1285 715 impetrandam
1318 680 1553 708 miscricordiam
1585 685 1610 709 et
1638 681 1670 709 ad
1704 682 1911 710 addiscendam

1069 725 1254 760 sapientiam.
1278 726 1320 754 Sic
1341 728 1368 754 et
1390 734 1438 754 nos
1466 726 1600 755 debemus
1627 731 1705 756 stare
1726 732 1803 757 retro
1830 738 1912 757 secus

1066 772 1152 808 pedes
1175 772 1299 800 Domini.

1149 818 1247 852 Primo,
1268 819 1337 852 dice,
1358 819 1456 847 stabat
1480 823 1557 848 retro
1585 829 1666 849 secus
1691 822 1776 857 pedes
1805 822 1910 850 Domini

1069 864 1102 892 ad
1123 863 1313 892 exhibendam
1328 866 1537 898 reverentiam·
1559 866 1639 895 Isaias
1653 867 1679 894 t³:
1698 867 1814 896 Caelum
1833 869 1911 897 sedes

1069 918 1143 944 mea,
1166 914 1246 938 terra
1267 911 1423 939 scabellum
1441 912 1547 949 pedum
1571 921 1709 941 meorum.
1730 914 1779 942 Per
1801 915 1910 943 caelum

1069 957 1259 993 significantur
1288 958 1378 994 Angeli
1408 960 1526 989 stantes:
1557 967 1605 995 per
1637 962 1765 993 terram,
1789 960 1912 989 homines

1068 1003 1247 1039 poenitentes,
1270 1004 1359 1040 qualis
1381 1005 1448 1033 haec
1470 1005 1553 1033 Maria
1574 1006 1634 1034 fuit.
1661 1006 1734 1034 Deus
1756 1015 1807 1035 non
1831 1007 1912 1035 hahet

1068 1050 1114 1086 qui
1139 1050 1227 1086 ipsum
1252 1054 1416 1080 reverentur
1437 1051 1487 1080 nisi
1511 1052 1576 1080 istos
1591 1052 1668 1081 duos.
1692 1054 1763 1082 luter
1778 1054 1845 1082 alios
1863 1062 1912 1082 au-

1068 1099 1122 1124 ten]
1145 1097 1196 1125 ista
1211 1096 1262 1125 fuit
1277 1097 1426 1134 praecipua
1440 1098 1467 1126 in
1483 1099 1634 1127 reverendo
1647 1100 1742 1133 Deum,
1758 1101 1823 1137 quia
1838 1104 1912 1129 tanta

1069 1143 1224 1171 reverentia
1245 1144 1408 1172 movebatur
1430 1145 1503 1173 circa
1525 1146 1627 1179 Deum,
1651 1149 1681 1174 ul
1707 1154 1735 1175 se
1756 1147 1910 1175 scabellum

1065 1190 1169 1227 pedum
1201 1199 1327 1219 suorum
1359 1194 1480 1228 poneret..
1514 1192 1588 1220 Unde
1620 1194 1746 1221 convenit
1777 1194 1814 1221 illi
1844 1194 1910 1222 illud

1067 1237 1164 1265 isaiae:
1194 1237 1278 1265 Vultu
1301 1238 1330 1265 in
1356 1241 1466 1266 terrant
1488 1239 1627 1273 demisso,
1650 1240 1818 1268 adorabunt
1839 1244 1862 1268 te
1887 1244 1911 1268 ct

1063 1284 1212 1321 pulberem
1230 1284 1338 1321 pedum
1354 1288 1472 1313 tuorum
1495 1285 1609 1323 [inperii.
1630 1286 1698 1314 Haec
1720 1290 1761 1315 est
1783 1295 1911 1315 reveren-

1066 1331 1117 1364 tia,
1139 1339 1221 1368 quam
1250 1331 1440 1368 disciplinatus
1466 1333 1547 1361 homo
1573 1333 1653 1362 debet
1681 1333 1814 1362 exhihere
1842 1334 1910 1368 Deo,

1065 1378 1129 1414 quia
1150 1378 1230 1406 debet
1251 1378 1374 1406 demisso
1389 1379 1482 1415 eapite
1503 1379 1644 1413 incedere,
1664 1388 1716 1408 nou
1738 1384 1830 1408 erecta
1851 1388 1909 1409 cei·-

1064 1424 1139 1458 vice,
1161 1424 1226 1461 qnia
1253 1425 1318 1453 dicit
1346 1425 1543 1454 Bernardus⁵:
1571 1426 1643 1454 Nihil
1671 1430 1723 1460 est,
1753 1427 1825 1463 quod
1856 1430 1909 1455 tam

1064 1471 1189 1508 displicet
1211 1472 1265 1500 Deo
1287 1480 1369 1508 quani
1393 1472 1488 1500 cervix
1510 1477 1602 1501 erecta
1620 1477 1681 1509 post
1702 1477 1852 1509 peccatum.
1881 1474 1910 1502 Et

1065 1517 1124 1546 ideo
1146 1518 1196 1546 ista
1210 1518 1327 1547 demisso
1349 1519 1436 1555 capite
1451 1523 1477 1547 et
1492 1519 1573 1548 nudis
1589 1520 1703 1556 pedibus
1722 1520 1848 1549 incedere
1863 1529 1909 1549 vo-

1066 1565 1115 1593 luit
1136 1568 1163 1593 et
1178 1565 1303 1602 lingebat
1314 1565 1462 1602 pulvereni
1474 1566 1582 1602 pedum
1599 1571 1717 1595 tuorum
1726 1577 1735 1599 ;
1751 1567 1824 1603 quod
1845 1567 1909 1595 facit

1064 1611 1245 1645 Christianus,
1261 1611 1371 1648 quando
1386 1612 1547 1640 recordatur
1564 1616 1752 1649 paupertatem
1766 1613 1865 1641 Christi
1882 1616 1909 1642 et

1063 1658 1275 1687 amaritudinem
1291 1658 1365 1692 eius;
1382 1658 1454 1687 uude
1469 1659 1495 1686 in
1512 1659 1643 1687 Threnis:
1659 1660 1820 1688 Recordare
1830 1668 1908 1697 pau--

1062 1705 1184 1741 perlatis
1199 1709 1224 1733 ct
1239 1705 1482 1742 trausfflcssionis
1503 1714 1598 1739 meac,
1620 1705 1768 1743 absynthii
1785 1710 1809 1734 et
1823 1706 1906 1743 fellis.

1142 1752 1266 1780 Secundo
1287 1752 1384 1780 stabat
1409 1760 1491 1780 secus
1513 1752 1598 1789 pedes
1626 1753 1732 1781 Domini
1758 1753 1791 1781 ad
1820 1753 1906 1789 impe-

1064 1799 1203 1826 trandam
1225 1799 1478 1831 misericordiam,·
1508 1799 1579 1827 unde
1609 1800 1708 1836 legitur
1734 1800 1767 1828 de
1795 1800 1854 1836 ipsa
1880 1800 1904 1828 in

1064 1845 1161 1873 Ioanne
1173 1846 1199 1873 ⁶:
1216 1845 1315 1873 Maria
1329 1849 1430 1879 autem,
1446 1854 1511 1874 cnm
1527 1846 1656 1880 venisset,
1673 1846 1724 1874 ubi
1737 1851 1801 1875 erut
1817 1847 1906 1880 lesus,

1063 1892 1162 1920 videns
1177 1901 1252 1926 cum,
1265 1892 1366 1920 cecidit
1380 1893 1420 1920 ad
1430 1893 1517 1929 pedes
1531 1893 1593 1921 cius
1604 1897 1628 1921 et
1639 1893 1710 1921 dicit
1723 1893 1749 1921 ei
1758 1904 1763 1921 :
1778 1894 1905 1927 Domine,

1063 1939 1090 1967 si
1113 1937 1221 1975 sitisses
1252 1938 1314 1972 hic,
1337 1948 1395 1967 nort
1426 1943 1496 1967 esset
1527 1943 1661 1967 mortuus
1691 1939 1788 1977 frater
1816 1949 1905 1968 meus.

1063 1986 1169 2013 Martha
1190 1986 1279 2014 stabat
1300 1989 1326 2014 et
1348 1986 1488 2014 Christum
1521 1986 1666 2019 salutabat,
1694 1986 1739 2015 sed
1762 1987 1846 2014 Maria
1873 1986 1905 2015 ad

1064 2036 1165 2061 terram
1188 2040 1217 2061 se
1239 2033 1360 2069 proiecit.
1383 2033 1429 2061 Hic
1451 2037 1491 2061 est
1513 2033 1610 2061 modus
1638 2033 1763 2061 flectendi
1787 2033 1832 2062 Dei
1857 2033 1905 2061 uii-

1063 2080 1250 2113 sericordiam,
1265 2080 1330 2116 quia
1345 2088 1395 2107 cor
1411 2080 1566 2108 contritum
1583 2084 1608 2108 et
1626 2079 1812 2108 humiliatum
1831 2080 1905 2108 Deus

1064 2135 1120 2154 non
1142 2126 1286 2163 despiciet.
1308 2126 1382 2155 Unde
1405 2126 1500 2155 lsaias:
1530 2127 1641 2155 Venient
1657 2127 1696 2154 ad
1718 2131 1741 2154 te
1762 2127 1857 2160 curvi,
1880 2126 1904 2154 id

1062 2177 1103 2201 est
1125 2173 1278 2206 humiliati,
1299 2173 1355 2209 fih‘z·
1375 2181 1476 2201 eorum
1497 2173 1549 2211 qui
1569 2172 1798 2201 huim'liaocrunt
1820 2177 1856 2207 tc,
1879 2173 1904 2201 id

1062 2222 1111 2254 est,
1127 2220 1174 2256 qni
1190 2220 1353 2256 transgressi
1369 2223 1433 2248 sunt
1449 2223 1561 2256 propter
1577 2220 1759 2256 (superbiam)
1780 2220 1904 2248 mandata

1063 2271 1125 2300 tua,
1147 2270 1173 2295 ct
1193 2266 1361 2295 adorabunt
1384 2267 1504 2303 ocstigsia
1522 2267 1628 2303 pedum
1652 2271 1770 2295 tuorum
1792 2276 1903 2300 omnes,

1061 2314 1113 2352 qui
1133 2313 1320 2342 detrahebant
1343 2313 1403 2347 tibi,
1426 2314 1451 2341 id
1473 2317 1530 2347 est,
1552 2314 1597 2350 qui
1623 2314 1721 2342 iterant
1737 2314 1828 2350 plagas
1844 2317 1904 2342 tuas

1062 2368 1110 2397 pei·
1131 2363 1283 2397 peccatum.
1306 2360 1381 2388 Unde
1404 2360 1429 2388 iu
1451 2360 1561 2388 Cantico
1577 2360 1586 2375 ⁷
1609 2360 1703 2388 beatae
1724 2360 1844 2396 Virginis
1864 2360 1904 2387 di-

1061 2407 1148 2436 citur:
1172 2408 1207 2435 Et
1228 2407 1432 2435 misericordia
1453 2407 1515 2435 eius
1543 2415 1562 2434 a
1586 2407 1724 2443 progenie
1753 2407 1782 2434 in
1802 2415 1903 2443 prope-

1060 2455 1122 2483 nies
1143 2454 1308 2483 timentibus
1336 2463 1409 2482 eum.
1441 2454 1516 2482 Fecit
1542 2454 1698 2490 potentiam
1726 2454 1755 2481 iu
1784 2453 1903 2481 brachio

1059 2510 1128 2535 suo,
1150 2501 1286 2538 dispersit
1306 2500 1445 2537 superbos
1466 2504 1556 2528 niente
1577 2500 1674 2528 cordis
1694 2501 1751 2528 sui.
1770 2501 1904 2537 Deposuit

1057 2552 1184 2585 potentes
1206 2548 1239 2576 (le
1259 2548 1323 2576 sede
1344 2552 1368 2576 et
1389 2547 1526 2576 coealtauit
1547 2546 1676 2575 humiles.

1138 2595 1230 2623 Tertio
1250 2594 1346 2623 stabat
1369 2598 1445 2622 retro
1466 2603 1548 2622 secus
1564 2594 1649 2630 pedes
1673 2594 1776 2622 Domini
1800 2594 1831 2622 ad
1854 2594 1903 2622 ad-
1917 2599 1943 2616 rie
1957 2598 2047 2621 ariorum

1920 2622 2040 2639 addiscenda.

1059 2642 1228 2670 discendam
1242 2641 1436 2678 sapientiam;
1451 2641 1524 2669 uude
1540 2641 1566 2668 in
1585 2641 1657 2669 Luca
1672 2641 1682 2657 ⁵⁵
1703 2641 1813 2673 dicitur,
1829 2641 1900 2676 quod

1120 2813 1129 2826 ⁴⁵
1147 2814 1201 2841 (lap.
1224 2815 1257 2841 it,
1277 2814 1318 2841 323
1336 2816 1467 2841 sequuntur
1485 2813 1519 2835 l's.
1537 2813 1574 2839 50,
1597 2813 1628 2834 lS.
1647 2816 1667 2834 et
1686 2812 1733 2833 lsai.
1752 2812 1789 2837 (50,
1812 2811 1843 2833 li.

1120 2851 1128 2863 ⁷
1147 2854 1200 2874 Luc.
1222 2854 1239 2879 l,
1257 2852 1294 2874 50.
1311 2858 1376 2880 seqq.

1121 2889 1130 2902 Β
1147 2890 1201 2918 Cup.
1225 2891 1256 2917 io,
1275 2891 1312 2912 38.
1329 2896 1393 2918 seqq.
1412 2902 1442 2906 —
1460 2889 1526 2917 Quod
1540 2889 1584 2910 vita
1604 2888 1780 2916 contemplativa
1793 2891 1814 2910 ct
1827 2888 1898 2909 actii-a

1058 2930 1191 2957 designetur
1209 2935 1249 2957 per
1267 2929 1358 2950 Mariam
1377 2932 1396 2950 et
1417 2929 1539 2954 Maribam,
1555 2928 1609 2950 dicit
1627 2929 1731 2955 (ἀνετέθη,
1745 2928 1779 2949 Η.
1793 2927 1867 2948 Murnl,
1881 2934 1899 2948 r.

1059 2969 1095 2990 37.
1114 2975 1135 2990 u.
1153 2968 1190 2989 61.
1208 2971 1229 2989 ct
1248 2968 1270 2989 ll.
1290 2967 1372 2989 Honiil.
1391 2967 1413 2988 in
1431 2968 1511 2988 Eiet-li.
1528 2966 1604 2988 homil.
1623 2967 1644 2987 2.
1662 2973 1682 2987 n.
1701 2966 1722 2987 9.

1930 641 2043 661 subdivisio.

1932 828 1958 846 De
1971 833 2056 847 reveren-

1929 852 1953 869 tia
1967 852 2055 870 exhiben-

1930 1759 1955 1777 De
1969 1759 2040 1777 miseri-

1927 1782 1990 1800 cordia
2003 1783 2036 1800 im-

1933 1806 2030 1829 peiranda.
