2243 3348
0 432 3 439 κ

12 362 14 383 i

12 398 40 423 {us
52 401 66 420 l.
80 401 106 420 De

12 426 42 452 ligo
57 424 99 443 obe-

659 176 751 204 FERIA
773 176 876 204 SEXTA
899 176 930 204 ΙΝ
952 177 1145 205 PARASCEVE.
1168 178 1277 206 SERMO
1300 180 1328 206 ll.

122 257 150 286 in
172 256 335 289 tentatione3
358 255 385 283 in
400 255 488 291 vii-qa
502 253 654 290 potentiae,
676 261 731 289 qua
745 253 924 281 sublevemur
938 253 965 281 in

123 303 308 332 tribulatione.

201 349 219 377 Ι.
242 349 333 377 Primo
354 348 430 382 dico,
452 348 473 376 si
496 347 624 375 volumus
652 346 766 374 honeste
791 345 966 379 conversari,

123 399 247 433 oportet,
262 403 312 424 nos
327 395 423 423 tollere
438 401 549 422 crucem
565 396 597 421 ut
611 392 786 421 obedientiae
800 392 920 428 iuquin,
937 394 968 420 ut

0 448 106 491 ss''¹¹s⁰¹}}1issi‘3·'³-
124 443 303 472 humiliemus
317 449 375 470 nos.
392 440 466 469 Istud
481 440 577 476 iugum
593 447 645 467 non
662 438 783 475 portavit
797 438 878 466 Adam
895 438 968 466 eirca

1 495 85 538 :pontia
125 489 238 527 liynum
257 488 393 516 scientiae
408 487 476 516 boni
495 491 520 515 et
542 486 614 514 mali
629 487 649 519 1,
672 485 745 513 unde
767 485 895 513 convenit
916 484 966 513 sibi

8 677 12 694 ⁴.

0 709 50 772 titali
63 727 106 746 obe-

6 749 61 779 {entia
73 750 105 769 tri-

0 1520 7 1540 t

0 1693 8 1727 i

23 774 72 798 μοι.

9 1091 10 1100 i

8 1105 10 1119 l

9 1120 10 1135 i

8 1138 10 1172 i

8 1193 94 1216 ,umiliari

2 1224 5 1234 ·.
13 1222 51 1236 ram
63 1217 102 1244 Deo

0 1249 3 1258 i
19 1245 109 1265 proximo.

11 1525 33 1543 m,
46 1520 65 1539 in
79 1525 106 1539 se.

11 1712 34 1730 m,
46 1712 108 1726 eoram

11 1730 80 1749 nuntio.

4 1733 8 1751 i

12 2219 107 2244 Expositio.

124 536 207 565 illud:
231 537 253 563 A
277 534 392 563 saeculo
407 533 578 571 confregisti
592 533 697 569 iuyunz
718 540 832 565 ineam,
848 530 952 559 clixi'sti
961 541 966 558 ε

125 581 188 610 Non
208 581 344 609 serviam.
368 596 405 600 -
429 578 577 616 Confregit
597 578 670 606 enim
691 577 764 606 istud
786 578 888 614 iuyum
918 584 967 613 per

124 627 401 664 praevaricationem;
423 629 450 654 et
471 626 543 654 sicut
563 624 748 653 inobedientia
775 627 802 652 et
827 623 967 660 praevari-

123 675 193 703 catio
214 674 289 702 iliius
310 674 361 702 fuit
381 673 460 702 nobis
481 680 564 701 eausa
585 671 761 708 perditionis,
783 671 822 699 sio
843 670 968 699 obedien-

122 721 160 749 tia
180 720 272 749 crucis
293 720 393 748 Christi
416 719 468 748 fuit
489 727 573 747 causa
587 718 698 751 salutis'3
720 716 819 755 faetus
840 716 912 745 enim
928 719 968 744 est

123 767 253 796 obediens
274 775 365 804 usque
385 766 426 794 ad
439 769 576 798 mortem,
592 768 712 793 mortem
732 768 830 792 autem
851 763 967 797 erueis;

123 818 150 844 et
171 815 267 843 statuit
281 814 430 847 Dominus,
446 813 563 841 salutem
579 820 628 848 per
642 811 825 840 obedientiam
841 811 867 838 in
884 817 967 838 cruce

122 861 256 898 reparari.
278 860 350 889 Dicit
370 860 454 896 igitur
469 858 610 887 Christus:
634 857 730 886 Tollite
750 860 811 891 ete,
834 857 911 893 quasi
927 856 967 884 di—

123 912 181 937 eat:
206 908 290 936 nolite
312 906 388 944 sequi
415 906 486 934 Adae
513 904 740 938 inobedientiam,
763 904 809 932 sed
831 911 890 937 me,
919 903 967 940 qui

123 955 173 984 tuli
195 955 291 991 iugum
313 953 491 982 obedientiae.
514 952 545 980 Et
566 960 621 980 non
644 951 769 980 videatur
790 950 869 978 nobis
890 958 968 986 aspe-

123 1009 186 1030 rum
208 1003 319 1037 portare
341 1000 392 1028 hoc
414 999 526 1036 iugum,
549 998 614 1035 quia
634 997 700 1025 dicit
721 996 849 1025 Ieremias
864 996 890 1023 2:
913 996 968 1023 Bo-

123 1057 193 1077 num
216 1051 256 1076 est
276 1047 358 1081 viro,
380 1055 446 1075 euin
471 1045 634 1082 portaverit
662 1044 767 1081 iuyuin
795 1043 901 1071 Domini
931 1041 967 1070 ab

123 1094 315 1123 adolescentia
335 1102 400 1122 sua.
424 1092 533 1122 Sedebit
551 1091 704 1120 solitarius
724 1094 749 1118 et
771 1089 881 1123 tacebit,
897 1089 969 1127 quia

124 1142 228 1170 levavit
248 1149 336 1178 super
356 1149 393 1168 se.
417 1140 506 1168 Ponet
528 1139 559 1167 in
577 1138 697 1175 puluere
715 1146 746 1165 os
760 1145 857 1165 sumn.
881 1136 968 1165 Satu-

124 1188 241 1216 rabitur
262 1186 436 1224 opprobriis.
458 1202 494 1207 —
517 1186 555 1214 De
577 1185 686 1213 Christo
707 1187 734 1212 et
751 1183 906 1212 Christiano
928 1183 968 1211 in-

123 1234 272 1271 telligitur,
298 1233 371 1270 quod
398 1233 444 1270 qui
474 1240 585 1261 crucem
616 1231 715 1267 accipit
743 1230 905 1259 humilietur
938 1229 968 1257 in

123 1283 275 1317 conspeetu
298 1280 350 1308 Dei
376 1284 400 1308 et
419 1278 559 1316 proximi.
589 1278 638 1306 Sed
666 1280 838 1313 contemptor
866 1276 913 1304 Dei
942 1278 969 1304 et

122 1327 244 1364 proximi
265 1335 319 1355 non
341 1329 433 1363 portat
454 1333 565 1354 crucem
580 1325 697 1358 Christi,
719 1327 746 1352 et
761 1323 822 1352 talis
840 1323 968 1351 humilia-

122 1374 198 1403 bitur
219 1374 247 1402 in
267 1374 364 1402 futuro
385 1381 479 1401 eoram
500 1373 571 1406 Deo;
594 1375 719 1405 econtra,
741 1371 788 1407 qui
812 1370 856 1399 hio
878 1370 968 1398 humi-

123 1421 206 1450 liatur
228 1429 320 1450 coram
348 1421 404 1449 Deo
432 1420 616 1453 exaltabitur3
638 1419 711 1447 unde
737 1419 834 1447 beatus
856 1418 968 1446 Petrus:

123 1467 334 1496 Hunziliamini
353 1467 407 1495 sub
427 1467 535 1504 potenti
555 1475 648 1494 manu
672 1465 738 1499 Dei,
758 1468 789 1493 at
803 1472 853 1492 vos
867 1463 969 1492 exaltet

123 1515 155 1543 in
177 1518 301 1551 tempore
321 1514 507 1542 visitationis.
531 1530 565 1533 —
586 1513 671 1541 Debet
685 1512 757 1541 enim
773 1512 855 1540 homo
877 1510 969 1539 humi-

123 1561 185 1590 liari
206 1561 238 1589 in
259 1570 305 1594 se,·
335 1560 409 1589 unde
441 1560 592 1597 Propheta:
624 1560 711 1587 Ponet
738 1559 770 1586 in
794 1558 911 1595 pulvere
939 1565 970 1585 os

123 1616 212 1636 suum
240 1611 267 1637 et
297 1607 486 1636 saturabitur
514 1606 694 1643 opprobriis,
717 1605 820 1634 scilicet
847 1604 970 1633 conside-

124 1656 210 1684 rando
235 1655 375 1684 vilitatem.
398 1672 436 1675 -—
458 1655 539 1688 item,
568 1653 648 1682 debet
676 1652 817 1681 humiliari
846 1652 877 1680 in
905 1659 970 1679 eon-

123 1706 222 1739 spectu
242 1701 364 1734 inuncti,-
386 1701 459 1730 unde
481 1701 622 1738 sequitur:
648 1699 733 1728 Dabit
747 1698 921 1737 percutienti
941 1706 971 1726 se

123 1749 289 1783 maxillam,
311 1748 337 1777 id
352 1751 402 1783 est,
417 1748 545 1776 omnibus
559 1747 686 1776 ludibriis
701 1755 730 1775 se
747 1749 867 1783 exponet
876 1756 882 1780 3
899 1745 971 1773 Psal-

124 1804 188 1825 mus
203 1796 229 1824 ³:
253 1796 368 1824 Bonum
390 1794 479 1829 mihi,
501 1795 572 1832 quia
598 1793 763 1823 humiliasti
789 1801 833 1821 ine
858 1795 909 1821 ete.
940 1792 971 1820 Et

124 1843 266 1880 discipulis
279 1843 351 1871 dixit
362 1842 511 1870 Dominus:
528 1841 560 1870 Si
574 1841 639 1879 quis
653 1840 715 1869 vult
724 1844 791 1878 post
805 1848 849 1868 nie
863 1839 969 1873 venire,

124 1890 242 1928 abneget
262 1890 444 1926 semetipsum
473 1892 498 1917 et
520 1888 600 1917 tollat
621 1896 737 1917 erucem
761 1895 849 1916 suain
877 1890 903 1915 et
928 1895 970 1914 se-

124 1941 236 1975 quatur
256 1945 308 1965 nie.
332 1936 366 1965 Se
387 1937 485 1973 ipsum
507 1935 652 1973 abnegare
673 1938 714 1964 est
735 1943 763 1963 se
788 1935 879 1971 ipsum
901 1933 970 1961 nihil

124 1987 264 2020 reputare.
280 1983 330 2012 Sed
346 1983 483 2020 quomodo
502 1983 533 2011 fit
555 1983 628 2011 hoe?
649 1982 742 2016 Certe,
763 1985 796 2010 ut
816 1982 899 2010 homo
921 1980 972 2009 tol-

125 2031 165 2059 lat
186 2039 302 2059 erucem
323 2039 418 2058 suam.
440 2030 477 2058 Ad
500 2030 578 2058 istam
609 2037 721 2058 crucem
749 2028 846 2057 invitat
874 2029 971 2057 heatus

125 2078 223 2107 Petrus
244 2078 270 2106 in
294 2078 383 2114 prima
411 2077 546 2105 Canoniea
574 2085 624 2105 sua
638 2079 665 2104 ¹²:
693 2075 841 2109 Christus,
864 2075 970 2112 inquit,

122 2133 233 2162 passus
254 2128 293 2152 est
307 2133 361 2161 pro
383 2124 481 2158 nobis,
503 2123 583 2152 vobis
604 2123 769 2160 relinquens
790 2122 969 2159 exemplum,

125 2174 157 2199 ut
178 2170 343 2209 sequamini
362 2170 485 2207 vestigia
506 2170 576 2198 eius.
599 2169 649 2198 Sed
679 2177 749 2206 quae
771 2172 835 2197 sunt
857 2168 971 2205 vestigia

125 2217 248 2246 Christi?
270 2217 364 2251 Certe,
387 2217 537 2245 exinanitio
559 2217 600 2245 sui
622 2216 675 2244 sub
696 2216 818 2253 seipso,
841 2215 970 2244 humilia*

126 2265 163 2293 tio
183 2264 237 2293 sab
260 2265 316 2293 Deo
337 2269 364 2293 et
384 2264 523 2301 despectio
544 2272 644 2292 corani
668 2267 722 2292 toto
744 2263 862 2292 inundo.
878 2265 969 2299 Quan-

126 2315 186 2340 tum
206 2311 240 2340 ad
268 2312 389 2348 primum
410 2311 512 2339 dieitur
533 2311 567 2339 de
588 2310 712 2339 Christo:
737 2310 908 2339 Exinanivit
928 2318 970 2337 se-

124 2359 295 2395 metipsum,
318 2357 448 2395 formam
476 2358 555 2386 servi
581 2357 726 2394 accipiens
754 2360 804 2385 etc.
827 2357 969 2391 Christus,

126 2405 172 2442 qui
195 2405 375 2441 purissimum
397 2407 423 2433 et
444 2405 645 2433 nobilissimum
664 2413 722 2432 esse
738 2404 850 2437 habuit,
871 2412 900 2432 se
915 2404 971 2432 exi-

125 2451 251 2485 nanivit,
273 2455 300 2480 et
322 2451 430 2488 primus
452 2452 533 2479 hoino
554 2459 583 2479 se
604 2451 745 2479 exaltavit.
774 2450 913 2486 Quantum
937 2451 970 2479 ad

126 2498 279 2527 secundum
300 2498 402 2527 dicitur
423 2498 457 2526 de
478 2497 602 2526 Christo:
624 2497 800 2525 Hunzitiavit
813 2506 856 2531 se,
871 2496 970 2534 sactus

127 2545 258 2573 obediens
278 2548 329 2573 eto.
352 2545 492 2581 Quantum
514 2544 547 2573 ad
570 2544 681 2572 tertium
711 2544 827 2572 dicitur:
850 2548 969 2572 mortem

126 2596 223 2621 autem
245 2592 350 2620 erucis.
372 2592 441 2620 Haec
462 2591 514 2620 fuit
535 2599 627 2620 eoram
651 2594 706 2619 toto
727 2591 830 2619 mundo
853 2591 970 2620 detesta-

126 2639 188 2667 bilis
208 2646 292 2667 mors.
315 2639 390 2673 Ideo,
423 2639 443 2667 si
466 2639 565 2667 salvari
588 2639 730 2672 volumus,
751 2641 874 2674 oportet,
897 2638 970 2675 quod

1803 186 1859 214 263

1023 261 1085 281 cum
1107 254 1216 282 Christo
1238 263 1348 283 crucem
1372 257 1514 290 tollamus,
1537 266 1589 285 non
1618 259 1644 286 in
1667 261 1792 295 angaria,
1814 262 1859 289 sed
1885 269 1987 293 emmor-

1023 303 1173 335 spontanea
1202 301 1358 336 voluntate,
1380 306 1406 330 et
1427 306 1493 331 tuno
1514 304 1616 340 iuyuin
1646 305 1750 333 Domini
1773 315 1862 335 suave
1874 294 1997 334 ¹³²⁰2‘113r‘3p'i'

1023 349 1079 380 est,
1101 346 1290 383 salutiferum
1311 350 1338 376 et
1356 348 1534 385 ytoriosum,
1557 350 1577 378 si
1600 354 1695 386 sponte
1716 351 1828 380 feratur.

1103 392 1193 420 Primo
1207 393 1276 426 dico,
1292 394 1312 421 si
1327 398 1488 430 spontanea
1502 395 1647 425 voluntate
1662 397 1788 426 tollamus
1803 406 1863 427 cru-
1875 406 2006 430 remmam>

1024 445 1083 466 cem
1105 438 1221 471 Christi,
1244 442 1285 467 est
1306 440 1384 467 nobis
1412 440 1506 476 iugum
1532 442 1634 470 Domini
1663 452 1770 477 suaoe;
1791 445 1863 473 unde
1879 431 2006 474 ῗῗὲῗῖἕῗωεῖἱ

1024 484 1050 512 in
1074 484 1259 520 Evangeli05:
1289 486 1395 522 Iuyunz
1424 495 1518 515 menni
1545 496 1635 516 suave
1655 493 1708 523 est,
1738 495 1763 518 et
1790 499 1864 519 onus
1880 480 1943 494 sum

1023 539 1120 559 meum
1135 530 1198 559 leve.
1217 548 1250 551 —
1268 532 1392 560 Secundo
1406 536 1447 561 est
1461 534 1667 571 salutiferum,
1682 536 1754 565 unde
1769 537 1795 565 in
1812 538 1863 565 tu·
1878 544 1929 566 nem,
1942 545 2007 563 saiuti-

1024 585 1071 605 ca:
1088 577 1120 605 Si
1133 578 1198 615 quis
1212 578 1273 606 vult
1291 583 1355 614 post
1372 588 1416 607 nie
1432 580 1536 614 venire,
1551 581 1667 619 abneyet
1681 585 1863 620 semetipsum
1908 568 1974 586 ‘mm'

1023 627 1048 651 et
1070 623 1148 651 tollat
1170 632 1282 652 crucem
1299 633 1403 658 stiam,
1426 626 1450 654 id
1473 630 1513 654 est
1535 635 1583 663 per
1599 629 1778 657 voluntariam
1800 630 1864 658 obe-

1022 670 1167 703 dientiam;
1190 673 1216 698 et
1237 671 1316 699 aiibi:
1341 671 1398 706 Qui
1417 672 1539 700 volucrit
1559 675 1690 703 animam
1705 684 1791 704 suani
1805 677 1863 705 sal-

1023 724 1091 744 vam
1111 715 1209 753 faeere
1230 717 1330 753 perdet
1352 717 1441 746 illam.
1463 736 1501 739 —
1522 720 1613 748 Tertio
1634 724 1675 749 est
1695 722 1790 759 iugum
1812 724 1864 752 Do-
1885 729 1991 771 ¹²551320330·

1023 763 1089 791 mini
1117 763 1296 799 yloriosunu
1325 764 1397 792 unde
1425 766 1583 801 Apostolus:
1614 766 1684 795 Milzi
1704 768 1779 796 absit
1804 769 1863 806 yto-

1023 810 1104 838 riari
1125 810 1184 838 nisi
1205 810 1235 837 in
1257 818 1342 838 cruce
1358 811 1476 839 Domini
1491 812 1582 840 nostri
1602 813 1667 840 Iesu
1691 813 1799 843 Christi
1812 819 1863 843 etc.

1023 856 1173 894 Gregorius
1187 857 1214 884 ⁶:
1242 869 1253 881 (ι
1270 857 1344 885 Sicut
1367 858 1478 894 superbi
1502 858 1668 894 honoribus,
1687 861 1726 888 sic
1747 862 1865 890 humiles

1024 904 1050 932 in
1073 911 1123 932 sua
1144 903 1317 940 despectione
1338 904 1553 940 gratulantur».

1103 950 1127 978 Si
1150 953 1242 978 autem
1264 958 1335 978 crux
1364 950 1464 978 Christi
1488 951 1513 978 in
1535 952 1665 988 (onyca-ia
1686 954 1804 988 tollitur,
1826 958 1866 983 est

1025 997 1120 1034 iugum
1144 1005 1299 1033 asperum,
1321 997 1443 1025 mortale
1471 1000 1498 1025 et
1525 998 1769 1034 iqnominioemm
1794 1001 1866 1036 quod

1025 1044 1196 1080 significatur
1218 1044 1244 1071 in
1267 1044 1357 1072 Marco
1373 1044 1393 1077 ⁷,
1421 1044 1467 1072 ubi
1490 1044 1606 1073 dicitur:
1628 1046 1868 1082 Anyariuoerunt

1021 1094 1253 1128 praetereuntem
1283 1091 1466 1128 quempiam,
1497 1091 1640 1120 Simonem
1669 1092 1865 1129 Cyrenaeum,

1025 1138 1181 1166 venientem
1202 1138 1235 1165 ile
1250 1137 1336 1171 villa,
1356 1142 1472 1174 patrem
1490 1138 1653 1167 Alea-andri
1667 1143 1691 1167 et
1714 1140 1788 1176 Rufi.
1804 1141 1867 1168 Tria

1025 1187 1089 1212 sunt
1110 1192 1211 1221 genera
1234 1184 1392 1217 hominum,
1415 1184 1462 1220 qui
1492 1188 1601 1220 portant
1630 1193 1739 1214 crucem
1766 1186 1791 1214 in
1820 1195 1867 1214 an-

1024 1231 1116 1268 garia,
1138 1231 1240 1259 scilicet
1269 1231 1315 1268 qui
1339 1235 1459 1259 aeterna
1486 1232 1664 1268 (lespiciunt,
1696 1233 1867 1270 temporalia

1025 1278 1234 1315 concupiscunt
1255 1281 1282 1306 et
1307 1278 1354 1315 qui
1384 1278 1543 1306 carnaliter
1572 1279 1680 1307 vicunt.
1709 1280 1776 1308 Nota
1803 1280 1867 1308 istas

1025 1325 1194 1354 conditiones
1216 1325 1241 1353 in
1265 1325 1379 1353 Simone
1396 1324 1551 1362 Cyrenaeo.
1567 1325 1617 1361 Qui
1638 1330 1755 1354 aeterna
1776 1326 1868 1363 (lespi-

1025 1373 1107 1401 ciunt
1121 1373 1204 1409 tangit
1221 1373 1270 1401 ibi:
1284 1372 1526 1409 Anyaricwerunt
1534 1377 1763 1409 praetereuntem
1777 1382 1869 1412 quem-

1022 1420 1106 1457 piam
1134 1419 1288 1448 Simonem.
1311 1435 1347 1440 ·-
1371 1419 1471 1447 Simon
1489 1419 1669 1456 praeteriens
1690 1423 1730 1448 est
1752 1420 1796 1448 ille
1821 1421 1867 1456 qui

1026 1470 1145 1495 aeterna
1166 1467 1302 1504 (lespiam
1323 1469 1351 1495 et
1365 1467 1426 1495 talis
1440 1474 1494 1494 non
1510 1467 1634 1495 reficitur
1649 1467 1675 1494 in
1691 1475 1773 1495 cruce
1791 1467 1869 1495 Chri-

1026 1514 1075 1548 sti;
1104 1514 1178 1542 uude
1205 1513 1397 1550 Gregoriusss:
1430 1525 1441 1537 «
1463 1513 1523 1546 Cor,
1552 1513 1625 1549 quod
1658 1513 1683 1541 in
1709 1514 1868 1542 aeternitate

1026 1561 1115 1589 fixum
1138 1569 1193 1589 non
1214 1564 1271 1594 est,
1292 1560 1365 1589 omni
1394 1560 1576 1589 mutabilitate
1605 1560 1764 1589 mutabilius
1786 1564 1827 1589 est
1842 1572 1867 1587 n.

1026 1624 1065 1628 -—
1080 1608 1142 1636 Illos
1156 1608 1203 1644 qui
1219 1611 1336 1635 terrena
1351 1607 1560 1644 concupiscunt
1582 1607 1665 1644 tangit
1686 1607 1737 1635 ihi:
1762 1607 1869 1635 venien-

1027 1657 1081 1683 tein
1103 1654 1136 1682 de
1156 1654 1234 1682 villa.
1264 1654 1381 1682 Istorum
1410 1654 1561 1682 imitatores
1583 1657 1647 1683 sunt
1672 1654 1751 1683 hodie
1773 1655 1867 1688 multi,

1026 1701 1060 1730 de
1081 1701 1184 1738 quibus
1205 1701 1349 1737 Apostolus
1364 1701 1389 1728 ⁹:
1412 1701 1498 1729 Multi
1518 1701 1679 1734 ambulant,
1701 1709 1771 1739 quos
1785 1710 1869 1738 saepe

1027 1748 1157 1777 dicebam
1179 1748 1269 1782 vobis,
1291 1756 1370 1776 nunc
1392 1752 1489 1776 (tutem
1504 1752 1530 1776 et
1542 1747 1613 1784 flens
1634 1748 1714 1781 (lico,
1737 1748 1869 1776 inimicos

1027 1795 1125 1824 erucis·
1148 1794 1266 1829 Cliristi,
1289 1803 1416 1833 quorum
1438 1795 1514 1823 Deus
1535 1798 1631 1823 venter
1651 1799 1706 1828 est,
1729 1798 1753 1823 et
1772 1795 1869 1832 yloria

1026 1842 1058 1870 in
1073 1841 1242 1879 confusione
1256 1842 1400 1879 ipsorum,
1415 1842 1467 1880 qui
1481 1845 1595 1870 terrena
1609 1842 1737 1878 sapiunt.
1755 1858 1790 1862 -
1805 1842 1869 1870 Ara-

1027 1891 1101 1917 trum
1124 1888 1250 1917 iunctum
1272 1888 1336 1925 iugo
1362 1888 1445 1917 habet
1472 1888 1692 1925 dispositionem,
1721 1892 1752 1916 ut
1780 1891 1870 1925 portet

1026 1936 1165 1967 fructum:
1188 1936 1226 1964 sie
1248 1935 1330 1963 homo
1352 1935 1481 1964 continue
1503 1938 1616 1971 portans
1636 1943 1746 1963 crucem
1769 1935 1869 1963 Christi

1027 1985 1151 2019 reportat
1171 1982 1311 2016 fructuum
1333 1982 1407 2011 unde
1429 1982 1455 2010 in
1472 1982 1631 2019 Evangelio:
1654 1981 1741 2010 Nemo
1756 1982 1870 2010 mittens

1026 2038 1151 2058 inanum
1172 2030 1211 2058 act
1230 2033 1371 2057 aratrum
1392 2032 1416 2057 et
1438 2029 1594 2066 respiciens
1616 2033 1709 2062 retro,
1725 2033 1812 2065 aptus
1830 2032 1871 2057 est

1027 2085 1116 2114 reyno
1148 2076 1208 2105 Dei.
1242 2093 1278 2096 —
1310 2076 1387 2110 Ideo,
1416 2076 1437 2104 si
1467 2076 1595 2104 volumus
1622 2078 1714 2104 sancte
1745 2075 1869 2109 onerari,

1027 2126 1136 2161 oportet
1160 2124 1255 2152 tollere
1283 2131 1395 2152 erucem
1419 2123 1519 2151 Christi
1548 2126 1677 2159 tanquam
1702 2122 1869 2151 obedientiae

1027 2171 1133 2207 iugum.

1107 2218 1134 2245 ll.
1151 2217 1285 2251 Secundo,
1300 2217 1321 2246 si
1338 2217 1467 2245 volumus
1480 2216 1652 2253 spiritualia
1668 2215 1869 2252 contemplari,

1027 2267 1135 2301 oportet
1158 2264 1253 2293 tollere
1281 2272 1393 2293 crucem
1418 2267 1449 2292 ut
1470 2263 1593 2296 librum,
1617 2271 1672 2299 quo
1693 2262 1867 2295 erudiamur3

1026 2311 1059 2339 de
1074 2319 1130 2348 quo
1142 2311 1212 2339 libro
1228 2311 1254 2339 in
1271 2310 1484 2339 Deuteronomio
1494 2310 1532 2337 ¹⁰:
1549 2309 1644 2337 Tollite
1658 2309 1764 2337 librum
1780 2309 1868 2336 istum

1027 2361 1053 2385 et
1070 2357 1167 2394 ponite
1188 2365 1254 2385 eum
1275 2357 1306 2385 in
1328 2356 1417 2385 latere
1437 2364 1526 2384 arcae
1546 2355 1671 2393 foederis
1694 2355 1817 2382 Domini.
1830 2371 1868 2374 —

1028 2405 1109 2432 Area
1129 2402 1256 2441 foederis
1272 2403 1390 2432 Domini
1403 2406 1443 2431 est
1459 2403 1537 2431 beata
1552 2402 1645 2438 Virgo,
1668 2401 1694 2429 in
1710 2409 1764 2437 qua
1778 2399 1868 2428 omnia

1027 2459 1127 2480 aroana
1148 2454 1213 2479 sunt
1235 2450 1382 2479 recondita.
1402 2449 1486 2478 Liber
1507 2448 1654 2485 sapientiae
1672 2451 1713 2476 est
1733 2447 1868 2481 Christus,

1028 2498 1074 2534 qui
1090 2497 1220 2534 scriptus
1235 2501 1276 2525 est
1290 2497 1370 2525 intus
1385 2497 1457 2533 apud
1470 2497 1585 2529 Patrem,
1597 2503 1661 2524 eum
1676 2495 1711 2523 sit
1725 2503 1770 2523 ars
1785 2494 1869 2522 ninni-

1028 2545 1145 2581 potentis
1168 2544 1230 2577 Dei;
1252 2548 1278 2572 et
1290 2543 1382 2580 soris,
1404 2543 1513 2580 quando
1535 2549 1645 2570 carnem
1666 2541 1803 2569 assumsit.
1819 2541 1869 2569 Iste

1028 2592 1097 2620 liber
1118 2599 1172 2619 non
1194 2593 1236 2619 est
1249 2594 1363 2627 apertus
1378 2590 1428 2618 nisi
1445 2590 1471 2617 in
1488 2597 1585 2622 cruce3
1608 2589 1690 2617 istum
1706 2588 1807 2616 librum
1823 2587 1868 2615 de-

1028 2638 1127 2667 bemus
1148 2638 1252 2671 tollere,
1267 2641 1299 2666 ut
1320 2637 1504 2673 intelligamus
1525 2643 1624 2663 arcana
1646 2635 1793 2671 sapientiae
1811 2634 1867 2662 Dei.

1883 960 1974 987 Secundo,
1990 961 2009 979 in

1904 988 1985 1006 angaria.

1880 1145 1923 1163 Tria
1935 1150 2002 1168 genera

1890 1168 1990 1187 homiuum.

1886 1330 1974 1350 Primum.

1889 1611 1995 1630 Secundum

1886 1636 1904 1653 et
1917 1635 2000 1653 tei-tium.

1886 2218 1907 2236 ll.
1922 2218 1973 2236 Pars.
1986 2218 2012 2237 De

1890 2241 1937 2260 libi-0
1951 2241 2013 2260 erudi-

1891 2265 1953 2283 tionis.

1888 2404 2000 2423 Notandum.

190 2811 197 2824 ¹
216 2813 271 2834 Gen.
289 2813 310 2840 2,
331 2812 368 2839 173
387 2815 514 2841 sequuntur
532 2813 572 2834 ler.
593 2813 620 2839 2,
638 2812 674 2834 20.
691 2816 713 2834 et
730 2812 784 2834 Phil.
803 2813 828 2839 ΕΞ,
846 2812 867 2834 8.

190 2850 198 2863 2
217 2851 330 2879 Thren.3‚
340 2851 422 2878 27-30;
432 2855 559 2880 sequuntur
569 2852 582 2873 1.
594 2852 650 2873 Petr.
662 2851 683 2878 5,
693 2852 714 2873 G.
724 2854 745 2873 et
755 2851 869 2878 Thren.3,
877 2852 913 2874 29.
921 2857 969 2880 seq.

190 2890 199 2903 ³
216 2891 299 2912 Psalm.
317 2891 368 2918 «118,
386 2891 428 2918 7¹¹3
446 2894 574 2919 sequuntur
592 2891 667 2912 Matth.
689 2891 726 2917 16,
744 2890 781 2912 24.
798 2893 820 2912 et
833 2891 886 2913 Luc.
898 2891 919 2918 9,
933 2891 970 2913 23.

190 2930 199 2944 ⁴
216 2929 272 2957 Cap.
289 2930 316 2956 2,
334 2930 376 2956 21;
393 2930 496 2958 sequitur
514 2930 568 2952 Phil.
587 2931 613 2956 2,
630 2930 653 2952 7.
672 2932 694 2951 et
712 2930 733 2951 8.

190 2968 199 2981 ⁵
216 2970 293 2992 Matth.
312 2970 348 2996 lii,
366 2970 406 2997 30:
425 2972 554 2998 sequuntur
571 2970 624 2991 Luc.
643 2969 664 2996 9,
683 2970 719 2991 23.
736 2976 785 2998 seq.
802 2973 824 2992 et
836 2970 884 2991 Gal.
897 2970 919 2996 6,
937 2969 970 2991 ili.

1089 2810 1098 2823 ὃ
1116 2811 1177 2834 Libr.
1195 2812 1210 2833 Ι.
1228 2811 1314 2838 Dialog.
1332 2816 1352 2832 c.
1369 2809 1390 2831 ὅ.
1410 2809 1431 2830 in
1449 2808 1500 2830 tine.
1678 2805 1686 2818 ⁷
1703 2805 1759 2833 Cap.
1780 2805 1813 2832 15,
1831 2805 1867 2826 21.

1089 2849 1098 2862 Β
1116 2850 1192 2873 Potius
1209 2850 1313 2877 August„
1330 2848 1432 2870 Manuale
1450 2847 1516 2875 (inter
1532 2852 1601 2874 opera
1614 2846 1728 2873 August),
1742 2850 1761 2866 c.
1774 2843 1868 2866 25.Cs1·.

1027 2893 1102 2912 tamen
1121 2890 1142 2911 S.
1160 2890 1263 2916 Greg01·.,
1281 2889 1309 2910 X.
1326 2887 1402 2909 Moral.
1419 2892 1439 2908 c.
1458 2886 1465 2907 Ἰ1
1477 2887 1493 2907 Ι.

1089 2928 1098 2941 '³
1116 2929 1172 2951 Phil.
1190 2929 1210 2955 3,
1234 2928 1265 2949 18.
1284 2933 1344 2955 seq:
1362 2926 1465 2954 sequitur
1482 2925 1536 2947 Luc.
1553 2925 1579 2951 9,
1597 2924 1634 2945 62.

1092 2967 1110 2982 ¹⁰
1127 2968 1182 2995 Cap.
1202 2968 1239 2995 31,
1257 2967 1298 2993 255
1316 2968 1443 2993 sequuntur
1460 2963 1529 2986 Hebr.
1547 2963 1567 2990 9,
1590 2963 1622 2984 19.
1641 2965 1662 2984 et
1679 2962 1750 2990 Apoc.
1768 2962 1788 2990 ἵ)7
1810 2962 1851 2983 1-9,
