2243 3348
30 308 75 327 Pars
87 307 109 326 11.

17 431 108 466 indivisio.

13 545 17 558 l

3 706 67 749 issima,
81 725 104 744 de

10 745 60 777 'msa
71 754 114 776 ,ωυ-

0 780 5 790 1
15 774 94 792 ntioms.

12 2033 81 2057 mundo,
94 2035 118 2054 de

12 2057 64 2084 iutilia
70 2062 120 2085 epm-

12 2085 104 2100 anselarus.

678 174 834 202 DOMlNlCA
856 175 895 203 lll.
919 175 1000 203 POST
1023 176 1151 204 Pascua.
1174 177 1283 208 SERMO
1305 178 1322 206 1.

206 254 234 283 ll.
251 252 375 282 Secundo
390 254 502 280 notatur
524 255 711 288 temporanea
730 251 882 279 tribulatio
906 259 969 288 apo-

127 300 239 329 stolicae
260 299 461 336 religiositatis,
487 306 551 327 cum
583 297 691 326 subdit:
713 306 764 325 vos
786 301 883 326 autem
904 306 970 326 con-

126 346 326 376 tristabimini.
349 346 467 382 Apostoli
489 352 609 381 namque
631 346 762 380 tanquam
778 344 836 372 veri
851 344 969 380 religiosi

126 393 278 423 secundum
300 393 387 421 Deum
409 391 546 428 triplicem
575 390 735 419 habuerunt
764 390 969 419 tribulationem

126 440 183 469 sive
205 439 354 468 tristitiam.
376 438 465 466 Primo
488 437 648 466 habuerunt
673 436 812 465 tristitiam
836 436 971 473 lacrymo-

126 495 171 516 sae
192 485 376 515 contritionis
397 485 425 513 in
446 484 575 521 propriae
597 483 824 520 transgressionis
842 483 971 511 recorda-

127 533 214 566 tione;
236 531 372 564 secundo,
387 531 530 560 dolorosae
549 529 762 566 compassionis
777 529 803 558 in
818 529 970 558 dominicae

125 579 259 616 passionis
280 578 471 611 meditatione3
494 577 589 611 tertio,
621 576 797 605 afflictionem
819 575 971 604 desolatio-

125 626 173 654 nis
192 626 220 654 in
242 625 342 653 Christi
365 624 535 661 praesentiae
557 623 708 660 corporalis
729 622 890 659 privatione.

204 672 294 700 Primo
317 671 475 700 habuerunt
497 670 636 699 tristitiam
659 670 842 707 lacrymosae
863 669 971 697 contri-

127 719 214 747 tionis
229 719 256 746 in
272 718 401 755 propriae
423 716 649 754 transgressionis
671 715 876 749 recordatione;
899 715 972 744 unde

126 765 262 794 secundae
289 764 323 793 ad
350 764 507 793 Corinthios
538 763 692 800 septimo¹z
717 763 797 798 Quae
828 762 904 791 enim
929 770 971 790 se-

126 811 257 840 cundum
280 811 371 839 Deum
393 810 516 838 tristitia
536 814 578 838 est
601 809 805 846 poenitentiam
829 809 860 837 in
890 808 972 837 sal-u-

127 862 181 887 tem
201 857 333 886 stabilem
354 860 505 894 operatur.
528 856 574 885 Ille
606 864 726 893 namque
753 855 882 892 exemplo
903 856 972 892 Apo-

127 905 261 934 stolorum
290 904 469 933 contristatur
500 903 661 932 secunaum
691 903 799 936 Deum,
821 903 885 939 qui,
907 910 970 931 cum

127 951 227 988 cogitat
248 954 362 988 propter
383 958 464 979 suum
486 952 630 987 peccatum
654 950 740 978 Deum
755 949 913 983 offendisse,
936 949 973 977 ita

127 998 200 1027 dolet
221 998 316 1026 intime
337 1001 364 1026 et
386 997 576 1033 colaphizatur
597 996 668 1025 dure
699 996 833 1030 interius,
855 999 886 1024 ut
908 1004 972 1032 pro-

127 1047 240 1081 rumpat
261 1044 288 1072 in
311 1044 447 1080 lacrymas
461 1043 600 1077 exterius,
615 1043 743 1080 exemplo
759 1043 891 1080 principis
906 1043 972 1079 Apo-

128 1091 276 1125 stolorum,
300 1090 369 1119 Petri
382 1091 402 1124 2,
424 1090 486 1127 qui,
507 1098 570 1119 cum
592 1093 706 1127 negaret
726 1090 884 1124 Christum,
907 1097 973 1126 prae

127 1138 211 1166 nimia
236 1137 347 1170 tristitia
366 1136 443 1174 flevit
464 1145 585 1170 amare‚·
606 1139 633 1165 et
655 1137 716 1165 talis
737 1136 849 1165 tristitia
870 1145 973 1173 opera-

129 1188 178 1213 tur
195 1183 403 1221 poenitenciam
436 1183 466 1212 in
497 1183 622 1212 salutem
654 1186 810 1217 aeternam,
839 1191 871 1212 eo
900 1183 974 1220 quod

128 1235 252 1260 meretur
274 1231 381 1260 veniam
411 1231 535 1259 omnium
566 1233 759 1267 peccatorum,
781 1230 884 1267 quihus
906 1230 974 1259 obli-

128 1278 245 1315 gabatur
266 1278 300 1306 ad
322 1286 437 1314 poenam
459 1280 615 1312 aeternam;
638 1277 710 1306 unde
736 1278 874 1306 psalmus:
904 1278 975 1306 Tota

129 1325 174 1353 ilie
195 1325 386 1354 contristatus
408 1324 613 1362 in97·etliebar;
634 1324 763 1353 admonet
791 1324 881 1361 ipsum
910 1332 975 1353 con-

129 1371 205 1400 tinue
227 1371 424 1400 ruminandum
434 1394 441 1406 ,
456 1379 491 1400 ne
505 1371 617 1408 aliquod
632 1374 776 1408 peccatum
790 1371 818 1399 in
835 1371 975 1400 conscien-

129 1418 166 1446 tia
186 1418 283 1447 lateret
295 1418 314 1446 ³.
337 1418 412 1447 Unde
433 1418 613 1447 Bernardus4
635 1426 720 1455 super
741 1418 822 1446 illud:
852 1418 975 1455 Tempus

127 1464 291 1501 putationis
321 1465 459 1494 advenit:
496 1476 509 1490 «
526 1465 624 1493 Parum
657 1468 698 1494 est
729 1465 813 1493 semel
846 1468 973 1501 putasse,

130 1519 210 1548 saepe
232 1512 385 1549 putandum
407 1514 464 1546 est,
486 1512 583 1545 immo,
606 1512 627 1540 si
649 1511 708 1540 fieri
728 1515 833 1548 potest,
855 1520 975 1548 semper,

129 1559 195 1595 quia
215 1566 324 1596 semper
346 1559 420 1596 quod
440 1559 532 1596 putari
548 1561 686 1595 oporteat,
702 1559 724 1588 si
739 1567 793 1587 non
809 1559 976 1594 dissimulas,

129 1605 244 1634 invenis.
267 1605 475 1642 Quantumlibet
503 1606 530 1634 in
562 1606 614 1634 hoc
639 1613 756 1642 corpore
777 1614 891 1634 manens
912 1614 977 1642 pro-

130 1652 243 1686 feceris,
265 1660 357 1686 erras,
380 1653 401 1681 si
424 1652 490 1681 vitia
511 1655 592 1689 putas
613 1655 741 1681 emortua
762 1655 789 1681 et
810 1660 865 1681 non
890 1653 977 1689 magis

130 1706 287 1736 suppressa.
310 1699 398 1733 VeliS,
420 1699 506 1733 nolis,
528 1699 602 1728 intra
629 1699 698 1728 fines
729 1702 792 1728 tuos
813 1699 919 1728 habitat
941 1700 977 1728 le-

130 1746 266 1781 busaeus;
288 1746 430 1783 subiugari
460 1749 564 1783 potest,
587 1746 633 1775 sed
666 1755 720 1775 non
751 1747 975 1775 exterminari».

132 1792 206 1821 Unde
226 1792 376 1829 Gregorius
390 1792 400 1809 ὅ
424 1801 508 1830 super
529 1793 596 1821 illud
626 1793 686 1821 lob:
709 1793 827 1821 Parata
848 1794 888 1822 aa
913 1797 978 1821 tem-

127 1847 187 1876 pus
207 1842 367 1867 statutum.-
386 1840 520 1877 Tempore
534 1840 619 1877 igitur
633 1840 838 1869 misericordiae
853 1840 978 1869 deflenda

132 1888 173 1914 est
194 1885 336 1914 humiliter
358 1886 454 1923 culpa,
476 1894 510 1915 ne
538 1886 565 1914 in
598 1889 722 1923 tempore
754 1887 876 1916 iustitiae
897 1887 978 1916 mise-

131 1932 257 1963 rabiliter
278 1932 439 1973 deploretur
460 1933 596 1962 acerbitas
617 1941 729 1970 poenae.

211 1979 336 2008 Secundo
351 1979 512 2008 habuerunt
526 1980 665 2008 tristitiam
680 1980 832 2008 dolorosae
846 1989 978 2017 compas-

132 2026 224 2054 sionis
245 2026 272 2054 in
294 2026 446 2055 dominicae
478 2027 612 2063 passionis
640 2027 829 2061 meditatione3
856 2028 929 2056 unde
950 2027 978 2055 in

133 2072 276 2101 Psalmoss:
300 2074 434 2102 Fuerant
453 2072 528 2102 milti
549 2074 699 2111 lacrymae
720 2082 801 2102 meae
820 2082 912 2111 panes
933 2074 979 2102 (lie

133 2128 168 2148 ac
190 2123 284 2154 nocte,
306 2120 377 2149 (lum
399 2121 510 2149 dicitur
531 2120 605 2149 milti
619 2121 759 2159 quotidie:
780 2121 833 2150 Ubi
847 2125 887 2149 est
902 2122 979 2150 Deus

133 2166 222 2195 tuus?
246 2167 344 2203 Quare
366 2167 459 2196 tristis
480 2176 523 2202 es,
545 2168 649 2196 anima
670 2176 751 2202 mea,
766 2172 790 2196 et
805 2177 897 2206 quare
912 2177 979 2197 con-

133 2213 236 2242 turbas
256 2213 322 2242 me?
344 2214 375 2242 Et
396 2215 544 2251 respondet
566 2223 665 2251 parum
691 2215 823 2244 inferius:
846 2215 979 2253 Abyssus

133 2260 274 2298 abyssum
295 2261 411 2290 invocat
438 2261 470 2289 in
495 2270 560 2290 voce
588 2265 815 2290 cataractarum
844 2266 976 2290 tuarum.

135 2324 169 2327 —-
191 2307 312 2343 Quilibet
338 2315 421 2336 verus
451 2308 640 2342 Christianus,
663 2316 725 2337 cum
758 2308 860 2337 dicitur
888 2308 939 2337 sibi
964 2317 979 2337 a

133 2354 336 2390 praedicatore,
359 2354 433 2391 quod
463 2355 539 2382 Deus
565 2358 634 2383 tuus
664 2355 717 2383 fuit
748 2355 775 2383 in
807 2363 890 2384 cruce
919 2363 980 2383 cru-

133 2400 230 2429 deliter
262 2401 440 2435 vulneratus,
470 2402 588 2438 turpiter
620 2403 808 2439 exprobratus
830 2406 857 2431 et
888 2403 979 2431 viliter

134 2447 275 2482 abiectus,
297 2448 378 2477 debet
400 2448 427 2476 in
450 2450 556 2477 tantum
578 2457 689 2485 gemere
711 2449 754 2477 vel
775 2449 916 2486 geminare
933 2458 979 2478 vo-

134 2501 179 2522 ces
199 2494 302 2523 doloris
321 2498 348 2523 et
371 2494 452 2523 latius
474 2495 609 2524 inundare
631 2496 816 2532 lacrymarum
832 2499 978 2531 torrentes,

134 2544 166 2569 ut
187 2541 271 2577 possit
299 2541 391 2570 dicere
422 2550 486 2570 cum
515 2542 587 2570 fideli
620 2542 721 2571 David:
752 2543 886 2571 Fuerunt
907 2542 981 2572 minz·

135 2586 283 2625 lacrymae
305 2596 384 2617 meae
402 2597 496 2625 panes
517 2588 563 2617 (lie
591 2597 626 2617 ac
657 2592 750 2623 nocte,
776 2589 847 2617 (lum
869 2589 979 2618 (licitur

135 2633 208 2662 milti
227 2635 370 2671 quotidie:
397 2634 450 2663 Ubi
470 2638 510 2664 est
533 2636 608 2664 Deus
631 2635 721 2664 tuus?
736 2636 786 2664 Sed
810 2639 836 2665 et
858 2644 923 2673 prae
938 2636 979 2665 ni-

1808 187 1862 214 307

1027 252 1081 280 mia
1102 252 1283 282 admiratione
1314 254 1347 283 de
1379 256 1550 285 exhibitione
1581 261 1670 287 tantae
1692 260 1865 297 benignitatis

1026 297 1107 326 debet
1128 306 1157 327 se
1178 299 1269 335 ipsum
1300 301 1461 330 examinare
1489 305 1516 330 et
1546 303 1733 341 interrogare,
1758 306 1864 335 dicens:

1028 344 1127 379 Quare
1148 345 1242 373 tristis
1262 354 1308 380 es,
1330 347 1434 375 anima
1455 357 1535 382 mea„
1557 354 1581 377 et
1603 358 1695 387 quare
1709 353 1866 382 conturbas

1027 390 1091 418 me?
1112 394 1139 419 et
1170 394 1263 427 postea
1289 392 1423 421 rationem
1452 395 1567 424 reddere
1597 396 1648 425 sibi
1677 398 1727 434 ipsi
1753 400 1866 428 subiun-

1026 436 1129 473 gendo:
1153 437 1296 474 Abyssus,
1312 439 1446 475 passionis
1460 441 1571 475 Christi,
1587 442 1703 472 invocat
1716 444 1866 483 abyssum,

1027 484 1223 519 compassionis
1250 484 1413 520 Christiani,
1446 488 1511 523 quia
1542 496 1596 517 non
1627 490 1711 519 alium
1743 492 1867 521 habitum

1026 529 1108 558 debet
1135 531 1315 566 praetendere
1346 532 1533 568 Christianus,
1556 536 1606 564 nisi
1634 538 1741 573 qualem
1768 540 1868 568 veritas

1027 576 1203 612 professionis
1215 578 1356 614 exprifflit,
1368 588 1383 607 a
1394 579 1510 609 Christo.
1524 582 1559 609 In
1569 591 1634 611 voce
1645 587 1868 614 cataractarum

1028 625 1168 656 tuarum,
1191 623 1217 651 id
1248 627 1289 652 est
1320 625 1478 662 plagarum,
1501 629 1600 657 onmia
1630 631 1740 659 excelsa
1769 636 1820 660 tua
1844 636 1869 661 et

1027 667 1134 704 fluctus
1156 669 1216 703 tui,
1238 669 1265 698 id
1286 674 1327 699 est
1354 672 1517 708 opprobria,
1544 674 1652 704 dolores
1679 679 1707 704 et
1735 680 1869 706 tormenta

1028 715 1158 744 indicibili
1180 717 1368 753 compassione
1389 718 1416 746 in
1446 721 1585 756 propriam
1617 730 1762 758 personam
1784 728 1869 753 retor-

1028 769 1126 798 quens,
1147 763 1293 791 sentienclo
1314 764 1392 799 quoti
1422 769 1447 793 et
1468 766 1499 794 in
1526 766 1638 796 Cliristo
1661 769 1725 797 lesu
1738 770 1758 803 ⁷,
1780 779 1868 807 super

1028 817 1072 836 me
1093 809 1285 837 transierunt.
1319 811 1397 839 lstam
1428 811 1566 841 tristitiam
1598 814 1726 844 continue
1752 816 1869 845 habebat

1029 855 1142 889 Paulus,
1164 863 1228 884 cum
1260 856 1384 885 dicebat:
1407 858 1466 894 Eyo
1491 859 1630 895 stiymatu
1661 861 1776 890 Domini
1805 863 1871 891 lesu

1029 902 1060 930 in
1081 910 1202 938 corpore
1223 911 1284 931 meo
1303 907 1388 939 porto
1396 914 1406 936 ,·
1427 904 1465 932 sic
1487 908 1514 933 et
1538 913 1633 935 omnes
1653 907 1778 943 Apostoli.
1806 909 1872 938 Nam

1029 956 1095 985 prae
1116 948 1202 977 nimia
1234 949 1345 978 tristitia
1372 950 1515 980 dolorosae
1546 953 1741 989 compassionis
1766 954 1799 983 de
1820 956 1871 984 Do-

1030 995 1096 1023 mini
1117 996 1244 1032 passione
1266 997 1454 1026 transformati
1471 1001 1549 1027 erant
1564 999 1592 1027 in
1607 999 1739 1029 Crucifixi
1754 1002 1871 1039 effigiem

1030 1050 1079 1079 per
1100 1042 1329 1072 conformitatem.

1108 1089 1201 1118 Tertio
1222 1090 1383 1119 habuerunt
1405 1091 1543 1120 tristitiam
1565 1093 1692 1129 afflictae
1723 1095 1873 1124 desolatio-

1029 1135 1077 1163 nis
1099 1136 1126 1163 in
1148 1137 1319 1172 praesentiae
1340 1137 1440 1165 Christi
1464 1139 1614 1175 corporalis
1628 1140 1785 1176 amissione;
1802 1143 1874 1172 unde

1031 1182 1137 1211 Ioannis
1157 1182 1263 1211 decimo
1284 1186 1364 1212 sexto
1376 1184 1403 1212 ⁸:
1427 1185 1503 1212 Vatlo
1525 1186 1564 1214 act
1578 1195 1643 1214 eum
1658 1187 1709 1224 qui
1723 1188 1801 1216 misit
1815 1198 1872 1223 me,

1030 1232 1054 1257 et
1075 1238 1157 1258 nemo
1179 1238 1213 1258 esc
1234 1229 1314 1258 vobis
1339 1230 1503 1268 interrogat
1522 1240 1582 1260 me:
1606 1233 1667 1268 Quo
1694 1235 1798 1263 uadis?
1821 1236 1874 1264 Secl

1030 1276 1102 1313 quia
1123 1275 1193 1305 baec
1214 1276 1327 1305 locutus
1347 1286 1414 1305 sum
1434 1278 1527 1312 vobis,
1551 1279 1671 1308 tristitia
1685 1280 1810 1317 impleuit
1825 1291 1874 1311 cor

1032 1327 1168 1352 vestrum.
1184 1340 1222 1344 —
1243 1324 1378 1353 Dominus
1399 1327 1492 1353 noster
1509 1325 1582 1354 lesus
1597 1326 1723 1356 Christus
1744 1331 1873 1365 tanquam

1031 1369 1168 1406 benignus
1188 1371 1319 1407 magister
1338 1375 1459 1408 propter
1473 1372 1598 1400 nimiam
1613 1373 1799 1409 ditectionem,
1816 1384 1875 1413 qua

1032 1416 1132 1445 cttteaett
1153 1426 1215 1451 nos,
1237 1417 1387 1454 discipulos
1408 1426 1482 1452 suos,
1498 1422 1525 1447 et
1540 1420 1661 1449 maxime
1682 1421 1713 1449 in
1733 1421 1799 1457 fine,
1822 1430 1874 1450 non

1033 1464 1122 1492 solum
1151 1464 1309 1493 sollicitavit
1340 1473 1386 1493 eos
1418 1465 1451 1494 ad
1482 1466 1678 1503 inquirendum
1710 1468 1874 1497 beneficium

1033 1518 1099 1539 suae
1120 1511 1267 1548 passionis,
1289 1520 1372 1540 nemo
1394 1520 1428 1540 em
1450 1512 1529 1541 vobis
1550 1513 1712 1551 interrogat
1731 1523 1790 1543 me:
1814 1515 1876 1551 Quo

1033 1557 1139 1586 vadis?
1160 1558 1244 1586 immo
1275 1558 1333 1587 sine
1361 1558 1538 1596 inquisitione
1571 1561 1702 1597 praedicit
1729 1562 1768 1590 eis
1797 1570 1876 1590 suam

1034 1607 1168 1638 mortem,
1190 1613 1273 1641 quam
1297 1605 1452 1634 voluntarie
1474 1606 1500 1634 in
1522 1607 1650 1643 proximo
1671 1610 1730 1636 erat
1750 1612 1877 1645 receptu-

1033 1659 1083 1680 rus
1095 1659 1145 1688 pro
1156 1651 1345 1688 redemptione
1359 1652 1473 1681 humani
1488 1653 1605 1689 generis,
1618 1662 1680 1682 cmn
1692 1654 1780 1683 addit.-
1799 1655 1876 1683 Vatlo

1033 1698 1075 1726 acl
1094 1706 1159 1726 eum
1181 1699 1233 1736 qui
1253 1698 1335 1727 misit
1354 1707 1406 1727 me.
1429 1699 1480 1728 Sed
1501 1700 1566 1736 quia
1593 1700 1627 1729 de
1648 1704 1736 1729 morte
1756 1701 1816 1730 eius
1837 1702 1876 1730 di-

1034 1745 1131 1782 scipuli
1154 1745 1332 1774 vehementer
1354 1745 1559 1781 desolabantur,
1581 1747 1641 1776 ideo
1665 1748 1807 1784 sequitur:
1824 1748 1878 1777 Sed

1034 1792 1106 1830 quia
1127 1791 1197 1821 llaec
1220 1792 1333 1821 locutus
1353 1802 1419 1821 sum
1441 1793 1535 1828 vobis,
1550 1794 1672 1823 tristitia
1687 1795 1813 1831 implevit
1827 1803 1877 1823 cor

1033 1843 1172 1868 vestrum.
1195 1840 1221 1868 Si
1243 1847 1309 1877 ergo
1340 1840 1398 1869 sola
1430 1840 1586 1878 imaginatio
1607 1841 1641 1869 de
1662 1841 1814 1878 privatione
1839 1850 1878 1870 so-

1034 1886 1140 1915 cietatis
1161 1886 1262 1915 Christi
1285 1890 1391 1915 tantum
1414 1887 1537 1916 dolorem
1559 1888 1676 1922 inflixit,
1698 1892 1730 1917 ut
1758 1889 1878 1917 tristitia

1035 1932 1164 1969 impleret
1185 1941 1236 1961 cor
1257 1940 1371 1967 eorum,
1393 1941 1444 1970 pro
1466 1936 1542 1962 certo
1562 1934 1681 1963 multum
1702 1934 1812 1963 additur
1827 1942 1876 1963 ex-

1035 1979 1171 2016 perientia
1193 1979 1265 2008 facti.
1288 1980 1363 2009 Unde
1385 1981 1418 2009 de
1440 1980 1479 2009 eis
1500 1981 1663 2010 cantatur⁹z

1321 2060 1407 2081 Tristes
1425 2062 1488 2082 erant
1505 2060 1605 2087 Apostoli

1320 2098 1351 2120 De
1369 2104 1424 2121 nece
1441 2098 1476 2121 sui
1495 2099 1593 2121 Domini.

1115 2168 1154 2196 Ill.
1176 2169 1268 2197 Tertio
1289 2172 1402 2197 notatur
1430 2168 1538 2206 futura
1570 2169 1725 2197 consolatio
1753 2173 1880 2198 aeternae

1035 2215 1230 2250 iucunditatis,
1253 2223 1317 2244 cum
1338 2216 1490 2245 subinfert:
1505 2216 1554 2244 setl
1569 2216 1691 2245 tristitia
1705 2220 1801 2245 ‘uestra
1817 2225 1877 2244 oer-

1036 2265 1111 2290 tetur
1132 2262 1164 2291 in
1182 2262 1338 2299 quitatum.
1355 2263 1500 2299 Triplicem
1516 2263 1726 2291 consolationem
1742 2263 1799 2292 sive
1813 2272 1879 2300 gau-

1035 2308 1112 2338 dium
1134 2309 1294 2338 habuerunt
1314 2310 1433 2347 Apostoli
1455 2310 1607 2339 secundum
1639 2310 1803 2346 praedictam
1832 2311 1879 2339 tri-

1037 2356 1135 2392 plicem
1168 2356 1316 2385 tristitiam.
1348 2357 1413 2385 Nam
1447 2357 1535 2393 primo
1571 2357 1681 2385 tristitia
1713 2358 1880 2394 lacrymosae

1036 2403 1209 2431 contritionis
1230 2403 1263 2432 de
1285 2404 1413 2440 propriae
1447 2404 1670 2440 transgressionis
1692 2404 1879 2433 recordatione

1036 2452 1162 2478 vertetur
1183 2450 1210 2478 in
1233 2450 1365 2487 gaudium
1389 2451 1520 2479 internae
1541 2450 1736 2479 delectationis
1766 2455 1879 2487 propter

1036 2496 1192 2525 evasionem
1222 2497 1320 2526 mortis
1351 2500 1494 2531 aeternae;
1517 2497 1637 2526 secundo
1665 2498 1776 2526 tristitia
1806 2498 1880 2526 dolo-

1037 2550 1116 2572 rosae
1137 2544 1334 2580 compassionis
1361 2544 1395 2573 de
1422 2544 1574 2573 dominicae
1603 2544 1736 2581 passionis
1769 2545 1880 2573 medita-

1038 2590 1111 2619 tione
1133 2594 1256 2620 vertetur
1283 2592 1309 2620 in
1341 2592 1472 2629 gaudium
1504 2595 1624 2620 mutuae
1655 2592 1881 2629 conpratulatio-

1036 2637 1084 2665 nis
1105 2640 1218 2674 propter
1240 2638 1499 2667 cohereditationem
1521 2639 1644 2667 caelestis
1663 2639 1781 2675 patriae3
1802 2639 1881 2667 tertio

199 2805 206 2818 ¹
225 2807 291 2829 Vers.
313 2808 347 2830 10.
364 2811 386 2831 et
404 2809 425 2830 9.

199 2844 207 2858 ²
225 2846 300 2869 Alalth.
319 2847 360 2873 26,
377 2847 420 2874 75;
438 2848 542 2876 sequitur
560 2849 594 2870 Ps.
613 2849 655 2876 37,
672 2849 695 2871 7.

199 2883 207 2896 ὃ
225 2885 299 2907 Locus
316 2889 450 2914 corruptus3
475 2886 582 2909 Vaticana
610 2888 668 2910 male
692 2888 760 2915 legit:
778 2888 877 2912 Amovet
902 2888 980 2917 ipsum

137 2922 247 2946 continue
263 2923 450 2947 terminandum.

198 2960 207 2973 4
225 2962 298 2984 Serm.
315 2962 353 2984 58.
370 2963 392 2985 in
411 2963 474 2986 Cant.
492 2970 515 2986 n.
536 2965 569 2992 10,
588 2964 627 2987 ubi
644 2965 767 2993 respicitur
779 2965 842 2988 Cant.
857 2966 878 2994 2,
895 2966 917 2988 6.

1100 2810 1109 2822 ⁵
1126 2810 1187 2832 Libr.
1206 2811 1234 2833 Χ,
1254 2811 1330 2833 Moral.
1349 2816 1368 2832 e.
1387 2811 1423 2833 31.
1442 2818 1463 2832 n.
1481 2811 1519 2833 54.
1541 2811 1619 2839 (pioad
1643 2817 1749 2838 sensum,
1771 2811 1809 2833 ubi
1833 2811 1881 2833 alle-

1037 2853 1104 2877 gatur
1122 2849 1160 2871 lob
1183 2850 1219 2877 12,
1237 2850 1258 2871 5.
1594 2848 1603 2861 '³
1621 2850 1702 2872 Psalm.
1722 2850 1762 2877 tl,
1782 2850 1801 2871 1.
1820 2850 1841 2871 6.
1859 2851 1881 2871 R.

1100 2887 1108 2900 ⁷
1126 2888 1173 2909 Phil
1191 2889 1216 2915 2,
1236 2888 1263 2916 53
1280 2888 1385 2916 sequimi·
1402 2889 1450 2910 Gal.
1468 2889 1494 2916 5,
1517 2888 1549 2910 17.

1100 2926 1108 2939 '³
1127 2927 1192 2948 Vers.
1202 2927 1223 2948 5.
1233 2933 1293 2955 se(1.;
1304 2927 1408 2955 sequitur
1418 2928 1501 2954 Ephes.
1511 2928 1532 2954 2,
1544 2927 1564 2949 4.
1577 2930 1598 2949 et
1610 2928 1730 2955 respicitur
1741 2928 1800 2949 loun.
1816 2928 1849 2953 13,
1864 2927 1880 2948 l.

1099 2964 1108 2977 ⁰
1126 2966 1230 2992 Hymnus
1247 2966 1274 2987 ad
1295 2965 1390 2993 Vesper.
1408 2965 1530 2988 Commun.
1547 2966 1626 2993 apost.
1638 2967 1720 2993 Temp.
1741 2965 1849 2987 Paschali.

1910 1101 1978 1124 Tertio,
1992 1101 2016 1120 de

1890 1124 1967 1143 tristitia
1986 1125 2018 1144 de-

1891 1147 1992 1167 notationis.

1898 2174 1942 2193 Pars
1958 2175 1987 2193 111.

1897 2361 2009 2381 Snbdivisio.
2028 2375 2031 2378 Δ
