2243 3348
41 1405 121 1432 Quaiupr

7 1433 69 1448 inanius
86 1433 121 1447 vu·-

10 1454 52 1472 ntes.

7 2288 122 2308 introductio.

613 152 770 181 DOMINICA
792 153 831 181 III.
854 153 1037 182 ADVENTUS.
1060 154 1170 183 SERMO
1191 155 1243 183 XII.
1268 155 1307 183 ΕΤ
1330 156 1392 184 XIII.

133 232 198 269 ipsis
220 239 309 268 neque
337 231 371 260 ad
402 231 519 259 invicem
532 241 558 264 »;
584 230 631 267 qui
660 230 742 259 etiam
770 230 872 259 dicitur
896 239 977 267 pax,

133 279 197 316 quia
218 278 342 307 unitivus
362 278 485 306 omnium
502 280 528 306 et
543 277 750 306 suavificativus
764 280 791 305 et
810 277 979 313 quietativus

133 329 160 355 et
180 325 374 354 terminativus
404 324 622 358 desideriorum
645 331 676 351 ac
698 325 812 359 propter
834 323 886 351 hoc
917 330 977 351 eam

134 372 337 402 transcendere
351 379 462 399 omnem
476 378 611 403 sensum,
627 369 693 398 satis
708 377 857 406 possumus
872 372 899 398 et
915 377 979 398 vere

133 419 232 448 dicere.
254 418 330 446 Tunc
353 418 425 446 enim
447 417 474 445 in
489 417 567 456 'sacri
597 416 716 445 hominis
748 419 839 444 mente
860 418 902 444 est
923 424 978 452 pax

135 465 192 501 ipsa
212 464 259 492 Dei
289 466 316 492 et
346 463 464 497 Christi,
487 463 597 500 quando
628 470 706 491 mens
737 470 773 491 ex
795 462 881 490 nimio
902 465 979 490 motu

133 511 235 540 amoris
266 511 292 538 in
325 510 413 539 Deum
444 509 623 546 pacificatur,
649 509 718 538 nihil
739 516 877 545 quaerens
898 511 980 537 extra

133 558 219 587 illum.
241 557 316 586 Unde
332 557 501 594 Augustinus
513 558 538 584 ¹:
558 567 571 582 α
586 556 701 593 Quando
715 555 818 593 aliquid
834 558 979 584 aeternum

134 608 224 633 mente
255 604 392 640 capimus,
425 607 560 640 quantum
595 610 758 640 possumus,
781 611 834 631 non
868 602 894 630 in
928 603 979 630 hoc

133 651 236 680 mundo
266 658 402 679 sumus».
430 661 442 675 α
455 650 525 686 Quia
545 650 636 678 anima
658 650 751 678 verius
772 652 813 678 est
834 649 881 677 ubi
897 651 979 682 amat,

134 706 216 735 quam
238 697 284 726 ubi
307 697 448 725 animat».
475 697 525 725 Per
546 704 628 733 quem
646 696 756 724 modum
779 698 806 724 et
827 695 979 724 secundum

134 752 216 781 quem
237 744 339 773 dicitur
370 752 425 780 pax
457 743 614 772 huiusmodi
637 743 842 771 transcendere
867 751 979 771 omnem

133 799 261 825 sensum,
283 791 308 819 id
331 794 371 819 est
400 791 569 819 intellectum
598 793 624 819 et
652 790 780 818 affectum
814 790 979 826 Angelorum

134 841 161 867 et
182 838 335 866 hominum.

463 939 554 967 Sanno
575 938 620 966 XII
632 939 651 966 2.

205 1037 344 1072 Summaria
363 1037 469 1062 intentio
489 1037 620 1069 Evangelii
638 1037 712 1061 huius
730 1037 819 1061 tertiae
838 1036 981 1061 Dominicae

135 1081 273 1109 Adventus,
293 1088 365 1112 quem
384 1080 464 1105 frater
483 1080 660 1105 Bouaventura
680 1080 714 1104 sic
734 1080 764 1104 ad
784 1079 929 1110 petitionem
944 1086 982 1103 re-

136 1124 208 1156 ginae
227 1124 357 1148 Navarrae
376 1123 518 1154 explicavit.

214 1213 356 1241 Miserunt
377 1213 481 1241 Iudaei
501 1213 538 1241 ab
560 1212 746 1249 [erosolymis
772 1212 936 1240 sacerdotes
957 1215 983 1239 et

136 1259 236 1288 levitas
264 1259 304 1287 ad
329 1268 411 1293 eum,
434 1263 465 1287 ut
487 1260 705 1296 interroyarent
735 1267 817 1286 euin:
851 1259 894 1286 Tu
916 1258 982 1294 quis

136 1306 189 1335 es?
211 1306 317 1335 Ioannis
338 1306 429 1343 primo
439 1306 458 1334 ³.

216 1353 244 1381 In
265 1353 317 1382 isto
338 1353 483 1390 Evangelio
497 1353 530 1381 ad
547 1357 668 1381 nostram
683 1352 899 1381 aedificationem
915 1359 984 1388 qua-

137 1402 200 1428 tuor
221 1400 408 1434 continentur,
430 1400 533 1428 scilicet
554 1400 721 1428 venerabilis
749 1399 886 1436 Baptistae
918 1407 983 1436 erga

135 1446 275 1475 Christum
298 1454 396 1483 magna
417 1445 579 1480 humilitas,
602 1446 676 1483 quia,
699 1454 761 1474 cum
784 1446 946 1475 crederetur
968 1454 983 1473 a

136 1493 255 1526 Iudaeis,
287 1493 360 1530 quod
392 1493 450 1529 ipse
481 1497 553 1522 esset
581 1493 717 1526 Christus,
740 1493 928 1529 interrogatus
949 1492 983 1521 ab

134 1540 172 1568 eis
200 1540 340 1568 multoties
370 1548 455 1577 super
484 1540 552 1573 hoc,
583 1548 692 1576 semper
721 1539 878 1576 respondit,
908 1539 981 1576 quod

134 1595 197 1616 nou.
219 1603 256 1606 —
271 1587 367 1624 Magna
381 1587 521 1621 virilitas,
543 1587 621 1624 quia,
638 1595 701 1616 cum
724 1587 908 1624 impeteretur
923 1594 981 1615 ma-

135 1633 222 1663 litiose
242 1642 259 1662 a
279 1634 477 1667 sacerdotibus,
500 1634 590 1662 levitis
620 1637 648 1662 et
678 1634 840 1667 Pharisaeis,
874 1637 904 1662 ut
933 1633 984 1662 sal-

135 1683 188 1709 tem
211 1680 391 1709 confiteretur
413 1688 442 1709 se
470 1681 589 1717 aliquem
621 1681 654 1709 de
677 1681 829 1717 Prophetis,
851 1680 983 1709 audacter

134 1727 284 1764 repellebat
304 1736 350 1756 eos
381 1731 408 1756 et
438 1728 594 1765 propositas
624 1728 799 1765 quaestiones
819 1728 854 1757 ab
875 1728 914 1756 eis
936 1736 983 1757 ne-

134 1774 238 1812 gando,
260 1783 288 1803 se
310 1783 365 1803 non
397 1783 471 1809 esse,
503 1775 577 1812 quod
599 1775 635 1803 illi
659 1778 755 1804 contra
776 1775 917 1804 Christum
940 1784 983 1804 vo-

135 1822 234 1850 lebant.
256 1838 294 1842 —-
316 1823 411 1859 Magna
431 1822 573 1858 fidelitas,
595 1823 661 1859 quia
688 1823 849 1859 compulsus
871 1823 982 1851 omnino

135 1868 169 1897 ab
189 1869 237 1902 eis,
259 1872 290 1897 ut
312 1869 407 1898 saltem
429 1869 528 1903 officii,
560 1869 633 1906 quod
666 1869 799 1903 habebat,
821 1870 981 1906 dignitatem

137 1919 286 1952 promeret,
317 1916 404 1950 dixit,
426 1916 500 1953 quod
521 1924 575 1944 non
607 1920 667 1945 erat
689 1917 740 1945 nisi
762 1917 980 1945 instrumentum

135 1961 245 1990 Christi.
270 1978 305 1983 —
326 1963 421 1999 Magna
441 1963 534 1999 pietas
556 1963 613 1991 sive
644 1963 785 1997 sedulitas,
808 1963 871 1999 quia
895 1963 981 1992 conti-

135 2016 190 2037 nue
211 2012 270 2038 erat
291 2009 434 2046 baptizans
455 2013 481 2038 et
504 2010 672 2046 praedicans.

456 2104 547 2132 Suettio
568 2104 623 2131 XIII
638 2106 658 2131 ¹³.

217 2197 359 2225 Dominus
377 2206 469 2234 prope
490 2201 540 2231 est,
562 2197 595 2226 ad
619 2198 805 2234 Philippenses
826 2201 926 2235 quarto
941 2198 961 2226 ⁵.

214 2244 338 2272 Verbum
360 2244 433 2272 istud
455 2247 497 2273 est
518 2245 634 2273 verbum
657 2245 743 2273 mirae
771 2245 982 2280 consolationis,

135 2291 328 2319 inenarrabilis
358 2291 528 2320 fortitudinis
559 2292 773 2326 continentivus,
806 2300 869 2320 cum
902 2292 984 2321 divus

136 2337 280 2374 Apostolus
303 2337 384 2366 dicit:
416 2338 559 2366 Dominus
584 2346 676 2375 prope
703 2342 751 2367 est.
781 2339 882 2367 Sumus
910 2339 982 2367 enim

136 2384 276 2412 constituti
298 2384 327 2412 in
347 2384 527 2413 fluctuatione
549 2385 701 2421 praesentis
722 2385 857 2419 miseriae,
880 2385 907 2413 in
929 2386 985 2414 col-

137 2430 285 2459 luctatione
308 2431 414 2460 hostilis
435 2432 592 2460 inimicitiae
614 2434 640 2460 et
662 2432 687 2460 in
710 2433 916 2468 exspectatione
938 2441 985 2461 su-

137 2484 238 2513 pernae
259 2477 378 2513 gloriae;
400 2481 426 2506 et
452 2479 595 2506 Dominus
621 2487 711 2515 prope
738 2483 780 2506 eet
799 2479 832 2507 ad
859 2479 985 2508 liberan-

136 2523 207 2552 dum
228 2524 263 2552 ab
283 2524 429 2553 afflictione
451 2526 603 2561 praesentis
624 2526 766 2559 miseriae,
781 2526 814 2554 ad
834 2526 985 2554 auxilian-

1842 162 1875 189 71

1035 231 1107 260 ilum
1128 236 1254 268 respectu
1278 233 1384 261 hostilis
1405 233 1561 262 inimicitiae
1583 237 1610 263 et
1631 235 1662 263 ad
1686 244 1878 266 remuneran-

1035 278 1107 306 (lum
1135 286 1184 315 per
1215 279 1414 308 exhibitionem
1447 288 1583 316 supernae
1614 282 1734 318 gloriae;
1763 287 1789 311 et
1821 284 1880 313 ideo

1036 324 1138 360 optime
1159 324 1264 353 dictum
1280 327 1337 353 est:
1355 325 1497 354 Dominus
1508 335 1599 364 prope
1613 331 1661 356 est.
1678 328 1705 355 ln
1721 328 1773 357 isto
1787 332 1880 358 autem

1036 371 1122 399 verbo
1143 371 1325 400 confortativo
1346 380 1396 401 nec
1414 373 1506 402 minus
1520 374 1702 403 consolatorio
1724 375 1880 404 insinuatur

1036 464 1177 497 nobilitas,
1200 472 1263 492 cum
1284 465 1400 493 dicitur:
1425 466 1582 500 Domina&
1603 468 1723 496 secundo
1742 469 1879 498 sublimis-

1036 510 1106 538 sima
1127 518 1177 539 seu
1198 511 1368 540 nobilissima
1395 512 1534 549 dignatiVa
1555 513 1716 551 beniynitas
1745 515 1801 543 sive
1826 516 1878 544 hu-

1036 556 1150 590 militas,
1173 565 1235 585 cum
1253 558 1448 595 subiungitur:
1463 567 1552 596 prope
1566 564 1613 588 est.
1630 561 1661 588 Et
1683 569 1713 589 re
1729 569 1794 590 vera
1812 563 1879 590 nihil

1036 604 1184 632 amabilius
1205 612 1287 640 quam
1310 604 1472 642 benigynitas
1488 606 1514 634 in
1530 607 1713 641 sublimitate,
1729 607 1880 637 humilitas

1036 649 1064 677 in
1080 650 1238 683 nobilitate,
1260 654 1287 678 et
1307 651 1376 679 nihil
1397 652 1546 688 gratiosius
1567 662 1649 689 quam
1671 654 1837 683 sublimitas
1851 655 1878 683 in

1037 697 1218 733 benignitate,
1240 697 1376 726 nobilitas
1398 698 1423 726 iu
1447 699 1610 728 humilitate.

1116 743 1133 771 I.
1157 744 1247 772 Primo
1269 751 1335 780 ergo
1357 745 1479 781 tangitur
1508 746 1554 774 Dei
1584 747 1778 784 benignissima
1806 753 1880 785 pote-

1037 790 1136 819 stativa
1156 790 1323 819 sublimitas
1344 791 1401 820 sive
1422 792 1562 826 nobilitas,
1578 800 1641 821 cum
1656 793 1771 822 dicitur:
1790 795 1882 823 Domi-

1036 845 1102 865 nus.
1126 837 1178 865 Iste
1199 840 1291 866 autem
1315 838 1448 867 Dominus
1462 838 1690 868 sublimissimus
1704 849 1752 869 seu
1774 842 1881 870 nobilis-

1037 883 1124 912 simus
1145 884 1298 912 secundum
1316 885 1458 913 veritatem
1474 889 1515 914 est
1529 887 1720 922 peccatoribus
1738 886 1882 924 formida-

1038 929 1117 963 bili-5,
1140 930 1344 966 poenitentibus
1358 931 1527 968 placabili-5,
1544 933 1767 968 pervenientibus
1780 934 1882 961 suavis

1037 979 1064 1005 et
1078 976 1255 1011 delectabilis
1271 977 1317 1005 sed
1333 981 1460 1014 respectu
1472 979 1596 1007 omnium
1612 982 1652 1007 est
1667 979 1881 1016 insuperabilis.

1118 1023 1163 1052 Est
1174 1031 1240 1060 ergo
1250 1024 1436 1060 peccantibus
1447 1025 1563 1053 nimium
1575 1025 1790 1062 sbrmiclabilis;
1804 1027 1882 1063 primi

1038 1071 1142 1107 Regum
1171 1071 1291 1099 secundo
1307 1071 1333 1098 ⁶:
1365 1072 1521 1100 Dominum
1549 1071 1752 1109 formidabunt
1781 1074 1883 1101 adver-

1037 1117 1116 1146 sara·
1136 1118 1209 1151 etue,
1231 1121 1255 1146 et
1276 1127 1366 1155 super
1380 1119 1459 1155 ipsos
1474 1119 1504 1147 in
1526 1119 1612 1147 caelia¹
1634 1119 1750 1147 tonabit.
1768 1120 1803 1148 Re
1819 1127 1884 1148 vera

1041 1165 1199 1192 Dominum
1219 1163 1426 1201 formidabunt
1446 1166 1616 1194 adversarii
1636 1166 1698 1194 (iius
1725 1166 1750 1193 in
1778 1166 1821 1194 die
1842 1166 1884 1194 ul-

1041 1211 1120 1239 tionis
1142 1211 1327 1247 proferentem
1351 1212 1504 1240 tonitruum
1527 1213 1677 1241 sententiae
1702 1213 1884 1241 damnationis

1037 1261 1136 1298 contra
1167 1258 1397 1294 parvipendentes
1419 1259 1565 1295 imperium
1594 1268 1659 1288 suae
1680 1260 1884 1293 dominationis,

1040 1304 1150 1341 quando
1168 1305 1271 1333 scilicet
1290 1305 1436 1342 puynabit
1464 1314 1528 1334 cuni
1552 1306 1599 1334 illo
1628 1306 1707 1334 orbis
1735 1310 1884 1334 terrarum

1039 1355 1143 1380 contra
1156 1352 1165 1368 ⁷
1181 1360 1243 1385 e0s3
1259 1352 1369 1388 quando
1384 1352 1455 1380 dicet
1470 1356 1496 1381 et
1511 1352 1672 1381 terribiliter
1688 1353 1883 1389 proclamabit:

1046 1399 1149 1432 Terra,
1166 1402 1257 1432 terra,
1274 1403 1365 1432 terra,
1381 1408 1416 1427 ne
1430 1399 1547 1436 operias
1561 1400 1735 1437 sanguinein
1747 1408 1844 1428 ineuin
1855 1400 1884 1433 3;

1040 1446 1150 1483 quando
1172 1446 1303 1475 universa
1318 1450 1456 1479 creatura,
1478 1455 1548 1483 quae
1568 1447 1690 1475 censistit
1711 1447 1737 1475 in
1759 1447 1885 1475 mac-hina

1041 1493 1185 1526 mundiali,
1206 1493 1299 1529 exiget
1320 1494 1482 1530 sanguinem
1498 1494 1636 1522 Creatoris
1656 1494 1787 1522 demanii
1809 1502 1885 1523 crea-

1041 1542 1119 1567 turae
1141 1539 1267 1576 iniquae;
1290 1539 1400 1576 quando
1423 1539 1492 1576 ignis
1512 1539 1670 1573 ferocitatis,
1692 1540 1792 1568 electos
1819 1548 1884 1576 pur-

1039 1594 1115 1622 gans,
1128 1586 1253 1622 projiciet
1264 1594 1310 1615 eos
1325 1586 1351 1614 in
1368 1586 1534 1623 profundum
1552 1586 1659 1621 inferni,
1672 1590 1703 1615 ut
1717 1590 1885 1615 conteratur

1039 1641 1104 1661 euni
1127 1633 1306 1671 delinquente
1329 1633 1463 1662 delictum
1480 1633 1501 1667 ⁹,
1527 1633 1554 1661 id
1575 1636 1615 1662 est
1644 1633 1770 1662 ferocitas
1798 1633 1884 1662 intro-

1039 1679 1123 1708 ducta
1144 1680 1286 1709 occasione
1301 1680 1408 1713 delicti;
1431 1680 1541 1717 quando
1555 1681 1662 1709 dicetur
1678 1681 1818 1717 reprobis:
1836 1681 1884 1714 lte,

1039 1726 1195 1761 maledicti,
1217 1727 1248 1755 in
1270 1728 1364 1765 iynenz
1381 1732 1541 1761 aeternum,
1558 1728 1609 1765 qui
1620 1731 1822 1764 praeparatus
1845 1731 1884 1755 est

1038 1773 1153 1802 diabolo
1175 1779 1199 1802 et
1214 1774 1326 1812 angelis
1341 1774 1404 1803 eius
1420 1775 1460 1808 1⁰,·
1481 1774 1591 1811 quaudo
1606 1774 1737 1803 videbunt
1756 1774 1885 1811 superius

1038 1821 1143 1849 iustum
1172 1821 1305 1855 iudicem,
1328 1821 1443 1850 inferius
1465 1822 1554 1858 ignem
1581 1824 1741 1855 aeternum,
1769 1821 1884 1849 interius

1038 1868 1234 1897 conscientiam
1258 1869 1461 1897 remordentem
1490 1872 1516 1897 et
1538 1868 1664 1897 exterius
1693 1869 1798 1897 hostem
1820 1876 1885 1897 con-

1038 1916 1206 1944 stantissime
1228 1919 1418 1949 accusantem3
1437 1919 1501 1944 tunc
1519 1916 1615 1952 procul
1630 1915 1713 1944 dubio
1729 1915 1754 1943 in
1778 1918 1884 1944 tantum

1038 1962 1186 1990 Dominum
1209 1962 1399 1990 formidabunt
1420 1962 1569 1990 adversarii
1592 1962 1661 1994 eius,
1690 1961 1763 1998 quod
1791 1961 1886 1990 (licent

1038 2008 1199 2037 menaeus:
1224 2008 1324 2037 Caclite
1354 2017 1443 2045 super
1474 2017 1536 2042 nos,
1558 2012 1582 2036 el
1604 2008 1738 2037 collibus:
1774 2008 1886 2045 Operite

1038 2064 1091 2084 nos
1107 2057 1138 2084 ¹1.

1118 2103 1162 2131 Est
1177 2104 1259 2131 etiam
1273 2103 1485 2140 poenitentibus
1493 2103 1667 2140 plctectbilis‚-
1682 2103 1764 2131 Isaiae
1779 2102 1884 2131 decimo

1040 2158 1111 2179 nono
1127 2151 1165 2178 ¹2:
1187 2151 1376 2179 Reuertemur
1392 2152 1412 2178 A
1419 2150 1528 2188 eyyptii
1541 2150 1581 2178 aa
1602 2150 1767 2183 Dominum,
1783 2153 1809 2177 et
1820 2149 1884 2186 pla-

1039 2197 1156 2226 cabitur
1176 2198 1217 2226 eis
1238 2201 1263 2225 et
1282 2197 1400 2226 sanabit
1423 2206 1476 2225 eos.
1511 2214 1545 2217 —
1580 2197 1716 2235 Aeyyptii
1746 2196 1882 2225 tenebrosi

1039 2247 1105 2273 sunt
1126 2248 1284 2281 peccatores
1305 2244 1444 2281 qnondam
1468 2248 1643 2281 peccatorum
1666 2244 1787 2272 tenebris
1809 2243 1886 2271 invo-

1040 2292 1100 2325 luti,
1122 2291 1180 2328 qui,
1202 2299 1264 2320 cum
1290 2294 1471 2320 revertuntur
1487 2291 1520 2319 ad
1542 2291 1698 2324 Dominum,
1720 2291 1886 2319 invenerunt

1040 2346 1103 2366 eum
1122 2338 1297 2375 placabilem
1318 2338 1395 2371 adeo,
1417 2341 1448 2366 ut
1466 2337 1543 2366 nullo
1558 2337 1637 2365 modo
1652 2337 1794 2370 sustineat,
1810 2336 1885 2373 quod

1040 2389 1143 2414 centra
1176 2394 1222 2414 eos
1247 2389 1356 2422 pugynet
1385 2385 1463 2413 orbis
1492 2388 1661 2418 terrarum,
1690 2384 1762 2421 quod
1791 2383 1826 2411 ab
1847 2384 1885 2411 eis

1040 2433 1170 2469 exigatur
1196 2433 1309 2469 sanguis
1330 2432 1430 2460 Christi
1454 2432 1499 2460 Dei
1523 2435 1549 2460 et
1580 2431 1697 2460 hominis
1725 2430 1884 2463 innocentis,

1041 2479 1115 2516 quod
1137 2482 1317 2507 conterantur
1338 2478 1514 2507 aeternaliter
1529 2486 1591 2506 cum
1607 2477 1725 2510 dellens,
1742 2476 1814 2513 quod
1836 2484 1885 2504 au-

1041 2526 1116 2554 diant
1148 2526 1214 2554 illud
1244 2526 1360 2554 verbum
1390 2525 1590 2553 durissimum:
1615 2524 1753 2552 Diseeclite
1781 2532 1800 2551 a
1827 2531 1884 2556 nze,

202 2668 208 2680 ¹
227 2668 289 2691 Libr.
307 2669 344 2691 lV.
364 2669 393 2691 de
411 2669 475 2691 Trin.
493 2675 511 2691 c.
530 2670 567 2691 20.
590 2676 612 2691 n.
630 2671 672 2697 2&
698 2670 737 2692 sed
758 2671 836 2692 ultima
854 2671 981 2699 propositio

138 2711 172 2730 est
189 2708 306 2736 Bernardi,
324 2708 353 2730 de
372 2709 495 2736 Praecepto
513 2712 534 2731 et
551 2709 653 2737 dispens.
671 2715 690 2731 c.
708 2709 745 2731 20.
762 2716 784 2731 n.
801 2710 837 2731 60.

199 2746 208 2759 2
226 2748 256 2769 Ex
274 2747 353 2770 codice
371 2747 389 2769 A
407 2748 442 2769 sol.
462 2747 490 2769 40
508 2754 527 2769 r.

200 2785 208 2798 ⁵
227 2786 292 2808 Vers.
310 2786 346 2808 19.
365 2789 386 2808 et
403 2787 507 2815 sequitur
525 2787 676 2814 lix-angelium
696 2794 769 2816 usque
786 2788 815 2810 ad
833 2795 855 2810 v.
873 2788 911 2810 28.

199 2825 209 2837 ⁴
226 2825 320 2848 Sumtus
332 2831 359 2848 ex
373 2826 491 2848 Parisiensi
512 2826 592 2848 codice
610 2827 624 2847 S
642 2826 678 2848 sol.
696 2826 735 2848 331
756 2833 782 2854 r.,
795 2826 835 2849 ubi
851 2827 983 2855 assignatus

138 2866 173 2886 est
185 2864 316 2887 Dominicae
330 2865 366 2887 IV.
378 2865 437 2887 Λᾶν.
450 2865 508 2887 sicut
522 2867 544 2887 et
555 2871 605 2893 seq.
616 2871 700 2887 sermo.
713 2865 759 2888 Sed
772 2867 848 2888 thema
865 2866 934 2894 primi
947 2867 984 2888 ha-

139 2902 205 2925 betur
221 2903 244 2926 in
263 2904 360 2932 Epistola
380 2905 413 2926 lll.
431 2904 521 2926 Domin.
539 2906 560 2926 et
582 2904 678 2926 secundi
694 2904 716 2926 in
730 2905 853 2932 Evangelio
871 2905 984 2928 eiusdem.

139 2943 239 2971 Uterque
257 2949 333 2965 sermo
350 2943 372 2965 in
391 2944 405 2966 S
423 2943 531 2966 tribuitur
548 2943 734 2966 Bonaventurae.

1101 2671 1110 2683 ⁵
1129 2672 1192 2694 VerS.
1211 2671 1232 2693 5.
1740 2667 1749 2680 ⁶
1766 2668 1830 2689 Yers.
1852 2667 1883 2687 11).

1102 2709 1110 2722 ⁷
1128 2711 1182 2737 Sap.
1200 2710 1221 2736 5,
1240 2710 1280 2731 21.

1101 2747 1110 2760 ⁸
1128 2748 1167 2771 lob
1190 2749 1222 2777 16,
1246 2748 1283 2770 19:
1304 2748 1384 2772 Terra,
1398 2753 1426 2769 ne
1443 2750 1493 2773 cte.;
1512 2746 1592 2773 triplex
1610 2745 1714 2772 repetitio
1732 2744 1796 2765 vocis
1818 2744 1883 2765 terra

1040 2788 1138 2810 liabetur
1156 2789 1197 2810 ler.
1215 2789 1252 2814 ⁴22,
1270 2788 1308 2809 29.
1698 2782 1706 2794 ⁹
1725 2783 1791 2805 Eccli.
1811 2782 1847 2807 27,
1862 2782 1882 2803 3.

1103 2826 1122 2839 ¹⁰
1140 2828 1216 2849 Matth.
1234 2827 1271 2853 25,
1291 2826 1325 2848 11.
1345 2826 1377 2847 De
1394 2824 1544 2853 sequentibus
1565 2824 1605 2845 cfr.
1620 2822 1737 2848 Bernard„
1759 2821 1834 2843 Tract.
1853 2820 1883 2842 De

1041 2866 1140 2889 interiori
1159 2866 1229 2888 domo
1248 2866 1314 2893 (inter
1332 2870 1400 2892 opera
1416 2863 1541 2889 Bernardi),
1554 2868 1573 2884 C.
1586 2863 1622 2884 22.
1640 2868 1661 2883 n.
1680 2860 1720 2887 463
1739 2862 1760 2881 et
1774 2860 1883 2885 Ausoba,

1041 2906 1140 2928 Meditat.
1158 2906 1179 2927 ⁶2.

1104 2944 1122 2957 ²²
1142 2945 1195 2967 Luc.
1214 2945 1251 2970 23,
1269 2943 1310 2969 30;
1328 2944 1368 2965 ct'r.
1385 2944 1455 2969 Apoc.
1474 2941 1495 2969 6,
1517 2942 1549 2963 16.
1727 2938 1745 2951 ¹²
1764 2938 1829 2960 Vers.
1846 2939 1883 2959 -22,

1897 429 1973 448 Divisio.

1898 756 1943 774 Pars
1956 756 1969 774 I.

1902 895 2010 914 Sublimitas

1895 918 2017 942 quadruplex.

1909 1035 1935 1053 De
1948 1034 2014 1058 prima.

1902 2109 1928 2127 De
1941 2109 2028 2128 secunda.
