2243 3348
16 786 17 793 1
21 774 124 797 Rxeellentia

9 799 17 847 (¹
23 798 123 823 theologiae.

9 872 11 940 l

855 140 915 168 Ans
936 140 1167 171 CONCIONANDI.
1847 154 1880 181 21

141 217 217 242 habet
235 224 380 249 cognoscere
405 217 530 248 theologia
548 217 611 241 vitia.
639 217 663 241 et
692 217 799 241 virtutes
827 224 876 242 non
905 218 984 242 solum

143 260 275 285 secundum
304 260 431 289 effectum,
457 260 499 284 sed
527 260 601 284 etiam
625 260 758 284 secundum
781 260 912 291 principia.
937 260 985 285 Res

141 310 199 328 vero
224 303 353 327 naturales
378 303 399 327 ei
422 302 514 327 sufficit
538 309 684 334 cognoscere
713 303 846 327 secundum
874 304 986 334 proprie-

141 346 207 371 tates
226 346 403 377 consequentes
429 346 542 375 tantum,
568 353 596 370 ex
621 345 710 376 quibus
731 345 862 370 sumentur
887 346 985 377 aliquae

141 388 305 413 moralitates.
324 388 468 417 Praeterea,
489 388 553 413 sicut
570 388 746 419 grammatica,
760 396 822 419 quae
834 388 873 413 est
885 388 915 413 de
927 395 985 413 voce

141 431 256 456 litterata
267 430 284 460 ¹,
304 430 426 455 transfert
444 438 469 455 se
487 431 519 455 ad
537 431 709 462 philosophias
727 432 752 455 111
772 431 864 462 scripto
877 431 915 463 (l),
935 438 985 456 11011

141 474 198 506 quia
211 474 262 498 sint
275 473 304 498 de
323 474 455 504 principali
467 474 608 505 proposito,
628 474 670 498 sed
688 475 746 505 quia
765 474 825 498 sunt
843 481 985 505 repraesen-

141 517 221 541 tativa
237 517 400 548 quorundam,
411 517 504 541 scilicet
516 517 702 546 elementorum,
716 517 744 541 de
757 517 846 548 quibus
859 517 984 541 interdum

142 559 256 584 similiter
275 559 300 583 in
320 559 458 590 theologia;
477 559 531 590 ipsa
555 560 618 584 enim
644 559 785 584 considerat
813 559 985 590 principaliter

141 602 294 633 spiritualia,
314 602 339 626 et
357 602 460 633 propter
472 602 517 626 illa
530 601 652 626 transfert
670 609 695 626 se
715 602 746 626 ad
765 602 934 633 spiritualium
953 602 984 627 sl-

139 652 207 677 9na;
226 645 290 669 sicut
309 644 340 669 ad
360 645 527 674 Sacramenta,
547 652 609 676 quae
629 645 689 669 sunt
706 652 790 669 sacrae
804 645 837 669 rei
853 645 936 676 signa,
950 645 984 669 in-

140 687 245 712 visibilis
264 687 361 719 gratiae
380 687 485 712 visibilis
503 687 597 717 forma-3
616 695 665 712 non
685 688 764 712 solum
781 687 813 712 ad
832 688 904 719 signa
923 687 985 712 talia

140 730 271 759 instituta,
286 730 328 755 sed
343 730 418 754 etiam
431 730 461 754 ad
475 731 547 762 signa
559 731 609 755 alia
619 729 636 760 ²,
657 730 793 755 cuiusmodi
812 731 872 755 sunt
884 730 985 754 natura-

139 773 174 798 lia
186 773 319 797 secundum
333 773 469 798 accidentia
479 780 523 797 sua
534 773 669 798 sensibilia.
678 788 714 791 —
724 773 761 797 Ex
770 773 815 798 hoc
828 773 898 804 patet
911 773 985 797 excel—

139 816 216 840 lentia
235 816 373 847 theologiae
392 823 467 847 super
486 824 570 841 omnes
582 816 645 840 alias
659 815 806 845 facultates3
820 815 900 840 utitur
920 816 985 840 enim

139 858 265 890 theologia
284 859 402 890 tanquam
422 859 523 890 fiyaris,
542 859 571 883 de
590 859 680 890 quibus
698 859 722 883 in
742 859 799 883 aliis
818 858 928 883 scientiis
947 858 986 883 est

139 902 245 927 intentio
261 902 427 933 principalis.
447 902 478 927 In
497 902 621 934 theologia
634 909 674 927 res
687 901 813 933 significat
825 908 877 926 rem
886 900 907 931 ³⁴,
920 901 985 926 unde

139 944 220 970 utitur
239 945 312 969 rebus
331 945 450 976 tanquam
469 946 559 977 siquis,
575 953 630 969 cum
648 945 712 969 aliae
728 945 860 969 facultates
880 945 985 969 utantur

140 988 319 1019 principalibus
342 988 497 1019 significatis.
525 989 601 1020 Signa
629 995 686 1013 vero
711 988 735 1012 in
765 988 884 1019 quantum
910 988 986 1019 siqua

141 1031 233 1056 sufficit
252 1038 397 1062 cognoscere
422 1031 554 1056 secundum
582 1031 730 1062 sensibilia,
750 1039 799 1056 non
818 1031 985 1062 cognoscendo

203 1170 211 1183 ¹
230 1171 276 1194 Csr.
294 1172 409 1199 Priscian„
427 1171 478 1194 libr.
495 1173 510 1194 1.
531 1178 550 1194 c.
568 1173 589 1199 2,
608 1179 631 1194 n.
650 1172 674 1194 4:
693 1173 773 1195 Littera
793 1173 863 1201 igilur
881 1175 915 1195 est
932 1176 985 1198 nola

141 1203 245 1225 elementi
263 1206 285 1225 et
302 1203 365 1225 velut
381 1203 459 1231 imago
476 1204 592 1232 quaedam
609 1204 672 1227 vocis
685 1203 807 1227 mimatae.
821 1205 843 1226 El
857 1210 877 1227 c.
896 1205 916 1226 l.
930 1211 951 1226 n.
969 1205 986 1226 1.

142 1234 316 1262 distinguuntur
334 1237 433 1263 quatuor
458 1235 523 1257 vocis
543 1235 696 1257 differentiae:
714 1235 855 1263 articulata,
874 1235 986 1259 inarticu-

142 1265 202 1293 lata,
224 1264 328 1289 litterata.
346 1266 416 1294 (qnae
434 1266 503 1288 scribi
516 1267 612 1295 potest),
625 1266 749 1290 illitterata
767 1267 838 1296 (quae
854 1266 924 1289 scribi
941 1273 986 1289 non

141 1296 234 1326 potest).
251 1309 282 1314 —
300 1297 388 1319 Verba:
413 1297 446 1320 acl
466 1297 631 1327 philosophias
657 1298 681 1321 in
706 1298 793 1328 scripto
812 1299 919 1321 videnlur
937 1304 987 1321 esse

141 1330 257 1356 corrupta.

202 1358 211 1371 ²
229 1359 284 1382 Cod.
303 1360 321 1382 G
338 1360 402 1382 addit
420 1366 480 1390 quae
497 1359 609 1383 [licuntur
628 1360 792 1384 Sacramenta.

202 1391 211 1406 3
230 1391 320 1414 Scilicet
337 1397 386 1413 rem
404 1392 531 1420 superioris
548 1392 643 1415 ordinis.

1043 226 1126 244 eorum
1146 221 1281 252 principia,
1301 223 1417 253 quoniam
1436 224 1540 255 siquam
1557 226 1596 250 est
1614 227 1679 257 quod
1698 235 1723 252 se
1743 228 1814 253 offert
1834 237 1886 254 5011-

1044 262 1089 290 sui,
1103 262 1128 286 et
1141 262 1203 287 illud
1216 263 1283 287 aliud
1301 264 1455 296 derelinquet
1473 266 1639 292 intellectui⁴.
1658 268 1753 294 Sufficit
1771 270 1885 302 theologo

1043 311 1082 328 res
1101 304 1234 329 exteriores
1254 312 1398 337 cognoscere
1412 309 1544 333 secundum
1559 311 1725 341 proprietates
1738 318 1887 343 consequeu-

1043 344 1081 370 tes
1100 346 1243 375 sensibileS,
1262 354 1306 378 per
1325 347 1389 373 tales
1408 349 1437 373 ut
1450 350 1483 374 sit
1497 350 1628 376 instructio
1643 353 1774 383 sensibilis,
1794 354 1887 379 scilicet

1042 388 1169 417 laicorum,
1190 390 1279 420 quibus
1298 391 1385 415 utilem
1404 392 1471 417 Deus
1490 393 1557 418 dedit
1576 394 1676 424 librum,
1696 396 1788 420 scilicet
1806 397 1887 421 visibi-

1043 430 1091 455 lem
1111 431 1229 456 mundum
1248 433 1333 457 istum.
1352 434 1400 458 Res
1418 442 1476 460 vero
1496 437 1610 467 proprias
1622 437 1648 461 et
1660 438 1804 468 spirituales
1817 438 1887 464 theo-

1041 473 1116 504 logia,
1137 474 1201 498 sicut
1217 475 1342 505 quaelibet
1359 476 1409 500 alia
1435 478 1551 508 scientia,
1571 479 1646 504 habet
1673 487 1818 511 cognoscere
1837 488 1886 506 nou

1044 516 1123 540 solum
1143 517 1276 541 secundum
1293 519 1469 549 proprietates,
1490 521 1531 545 sed
1550 522 1624 546 etiam
1638 523 1771 547 secundum
1785 530 1886 548 causas.

1043 558 1151 590 Propter
1170 559 1215 584 hoc
1234 560 1365 585 moralium
1389 569 1471 587 rerum
1497 563 1644 589 tentandum
1669 565 1707 589 est
1725 573 1780 590 cum
1799 565 1887 590 effecti-

1042 601 1089 626 bus
1108 602 1134 626 et
1153 602 1349 633 proprietatibus
1378 605 1453 629 etiam
1481 606 1622 637 principia⁵
1646 615 1785 638 assumere,
1805 609 1833 632 ut
1852 609 1887 634 sic

1042 644 1225 675 cognoscantur
1258 646 1283 669 in
1312 646 1432 677 veritate;
1461 655 1564 679 quorum
1593 650 1711 681 quaedam
1745 651 1885 682 eligantur,

1044 687 1163 718 quaedam
1183 687 1313 719 fugiantur
1332 689 1384 713 sine
1403 690 1558 721 deceptione,
1578 692 1606 716 ut
1624 700 1672 717 non
1693 694 1771 718 solum
1799 694 1887 719 discer-

1042 730 1119 755 natur
1138 730 1210 761 lepra
1228 738 1243 755 a
1263 731 1343 762 lepra,
1365 732 1407 756 sed
1426 733 1500 757 etiam
1526 734 1597 765 lepor
1624 743 1639 759 a
1659 736 1749 767 lepore,
1768 736 1886 762 honestas

1042 773 1074 797 ab
1092 773 1236 803 honestate,
1251 774 1276 799 et
1289 774 1362 805 lepra
1374 783 1389 799 a
1403 775 1493 806 lepore.
1512 776 1569 802 Non
1589 778 1671 802 tamen
1687 786 1813 810 negamus,
1827 781 1887 811 quin

1045 823 1127 841 rerum
1146 816 1300 841 naturalium
1321 817 1419 847 possint
1436 825 1524 843 causae
1548 820 1686 850 assignari,
1706 822 1785 852 magis
1803 822 1886 847 autem

1045 858 1234 888 artificialium3
1264 859 1306 884 sed
1331 860 1435 884 maxime
1460 868 1548 885 causae
1576 862 1601 886 et
1635 862 1736 887 effectus
1764 865 1888 895 assignari

1044 901 1133 926 debent
1153 902 1323 933 spiritualium
1342 903 1492 933 veritatum,
1513 904 1605 929 scilicet
1623 904 1739 930 vitiorum
1752 906 1777 931 et
1795 914 1886 937 eorum⁷

1043 944 1071 969 de
1092 944 1182 976 quibus
1201 945 1240 969 est
1258 945 1374 969 meritum
1385 944 1404 969 ὃ.

1229 1030 1349 1055 EXPLICIT
1369 1038 1494 1056 DOCTRINA
1513 1039 1703 1058 SERMOCINANDI.

1106 1172 1115 1184 4
1133 1172 1176 1195 Csr.
1195 1173 1303 1200 August.‚
1321 1172 1336 1194 1.
1353 1173 1383 1195 (10
1400 1173 1506 1195 Doctrina
1530 1173 1646 1195 christian.
1666 1179 1684 1195 c.
1703 1175 1723 1196 2.
1741 1180 1764 1196 n.
1781 1175 1807 1202 2,
1825 1178 1847 1197 et
1864 1172 1888 1197 ll.

1043 1210 1062 1226 c.
1083 1205 1101 1225 «l.
1121 1210 1142 1225 n.
1161 1204 1181 1225 l.
1199 1210 1264 1232 seqq.
1529 1203 1538 1216 ⁵
1555 1204 1611 1227 Cod.
1628 1205 1646 1226 G
1660 1204 1813 1234 principalia.

1107 1234 1116 1247 θ
1133 1234 1311 1257 Observandum
1329 1241 1379 1257 esse
1397 1235 1496 1264 videtur,
1514 1236 1645 1263 complures
1662 1242 1688 1258 ex
1708 1237 1784 1259 multis
1802 1238 1889 1259 inema-

1044 1269 1092 1289 tum
1112 1266 1266 1289 divisionibus
1283 1266 1305 1288 in
1324 1267 1367 1289 boc
1384 1267 1496 1294 opusculo
1517 1267 1639 1295 descriplis
1662 1273 1673 1289 a
1696 1267 1763 1290 nobis
1786 1268 1889 1291 inventas

1045 1304 1095 1320 esse
1113 1298 1136 1320 in
1147 1298 1289 1327 quibusdam
1301 1298 1449 1320 sermonibus
1466 1298 1571 1321 eiusdem
1584 1298 1635 1321 aevi
1646 1299 1682 1320 vel
1699 1299 1826 1321 secundum
1839 1306 1888 1327 par-

1044 1332 1091 1356 tes,
1117 1330 1153 1351 vel
1179 1330 1287 1358 integras.
1314 1329 1417 1357 Exempli
1443 1330 1515 1357 gratia
1537 1330 1591 1352 illud
1618 1330 1694 1352 thema
1719 1336 1788 1358 supra
1811 1337 1832 1352 n.
1851 1331 1888 1353 27.

1045 1364 1180 1383 tractatum:
1198 1362 1249 1384 lam
1263 1362 1354 1390 parata
1370 1362 1427 1384 sunt
1443 1360 1537 1389 omnia,
1548 1376 1550 1378 »
1561 1362 1607 1383 fere
1629 1361 1659 1383 ad
1675 1361 1773 1384 verbum
1792 1361 1889 1384 habetur

1045 1393 1067 1414 in
1085 1392 1165 1415 codice
1183 1393 1310 1415 Tuder-tino
1328 1399 1350 1414 n.
1368 1393 1420 1414 182.
1439 1393 1475 1414 sol.
1493 1392 1546 1415 267.
1563 1399 1586 1414 v.
