2243 3348
224 345 336 369 Applicatio.

222 1371 249 1390 De
262 1373 335 1395 quarta.

255 2401 301 2420 Pars
316 2401 338 2419 ll.

234 2448 266 2467 Est
279 2453 337 2472 prope

209 2472 335 2496 quadruplici-

357 168 394 195 79
1017 161 1191 191 SERMONES
1212 161 1255 189 DE
1277 160 1441 189 TEMPORE.

359 244 521 277 maledieti;
553 243 600 272 sed
628 242 720 280 potius
742 242 808 270 illud
837 241 1027 269 dulcissimum
1042 241 1068 268 ¹:
1098 239 1201 273 Venite,

359 291 498 319 benedieti
520 290 621 319 Patris
641 289 714 322 mei,
733 288 875 325 possidete
895 290 1038 324 paratum
1059 286 1139 314 vobis
1157 294 1201 314 re-

357 345 449 375 ynum
470 340 521 365 etc.
551 352 587 357 ——
609 336 676 369 Sed,
698 342 749 371 pro
773 334 866 363 dolor!
890 341 952 362 cum
982 333 1055 361 Deus
1082 332 1203 360 voluerit

358 384 459 420 placari
489 386 516 412 et
544 381 715 411 reconciliari
748 380 906 409 hominibus
933 379 1087 412 universis,
1116 378 1200 415 aliqui

357 434 447 459 tamen
476 433 606 466 tanquam
636 427 812 464 ingratissimi
843 427 1006 463 impugnant
1037 433 1101 454 euin
1123 425 1201 462 gula,

356 477 400 505 alii
422 479 533 510 ventre,
555 475 599 503 alii
633 474 733 511 lingua,
755 473 800 501 alii
816 473 916 509 capite,
938 480 1002 501 eum
1024 475 1114 500 tamen
1134 471 1202 501 scri-

356 527 435 561 ptum
456 523 505 551 sit:
536 522 724 550 Reuertemur
753 520 891 557 Aegyptii
912 519 951 547 ad
979 518 1155 552 Dominum,
1177 522 1203 547 et

353 569 523 607 placabitur
545 568 593 596 eis.

434 616 480 644 Est
500 614 679 643 nihilominus
698 612 931 650 pervenientibus
951 611 1054 640 suavis
1082 614 1109 640 et
1129 611 1203 640 dele-

234 670 261 689 ne
276 671 337 690 terna.
356 662 477 695 ctabilis;
499 661 622 689 Psalmus
637 661 663 688 2;
687 660 783 695 Quam
812 667 924 696 mapna
950 658 1107 686 multitudo
1138 657 1202 686 dut-

357 708 465 738 eeclinis
487 712 564 742 tuae,
593 707 723 740 Domine,
752 714 841 744 quam
871 704 1096 742 pervenientibus
1117 703 1201 737 dabit,

356 755 466 793 quando
487 753 713 783 inebriabuntur
734 752 770 781 ab
792 752 922 780 ubertate
942 751 1046 780 (tonius
1073 751 1149 784 eius,
1178 754 1203 779 et

356 805 480 830 torrente
501 800 658 837 voluptatis
673 807 738 828 suae
751 799 864 836 potabit
878 807 942 831 eos;
964 797 1105 836 quoniam
1120 797 1203 834 apud

355 856 419 878 eum
440 852 479 876 est
500 847 567 885 fons
590 847 673 880 vitae,
695 846 742 883 qui
763 845 905 874 distillabit
920 845 946 873 in
968 844 1121 881 quamlibet
1143 852 1204 881 par-

356 900 411 924 tem
432 895 556 932 corporis
577 897 604 923 et
618 894 645 922 in
667 893 820 931 quamlibet
842 892 992 929 potentiam
1014 891 1121 920 animae
1139 899 1202 920 sua-

355 943 467 971 vitatem
500 945 527 971 et
560 941 768 970 delectationem
805 942 985 976 perpetuam,
1022 938 1201 967 excedentem

354 997 450 1018 omnes
467 989 616 1018 suavitates
637 991 664 1016 et
684 987 795 1016 delicias
810 986 984 1022 temporales,
1007 993 1076 1022 quas
1098 985 1202 1014 habue-

356 1039 422 1065 runt
446 1043 524 1072 reges
555 1038 581 1064 et
609 1034 747 1071 principes
775 1037 803 1061 et
831 1035 939 1061 ceterae
964 1036 1108 1061 creaturae
1137 1032 1202 1061 insi-

354 1083 413 1111 mul
433 1085 621 1119 congregatae,
644 1089 714 1118 quae
736 1088 789 1109 non
807 1082 917 1117 possent
932 1079 1086 1116 comparari
1109 1079 1202 1108 suavi-

354 1129 402 1158 tati
420 1129 533 1157 minoris
547 1128 621 1165 digiti
638 1127 762 1164 corporis
777 1126 897 1163 gloriosi.
915 1126 945 1154 Et
961 1130 1027 1155 tunc
1047 1125 1077 1154 in
1094 1125 1203 1154 lumine

355 1176 417 1205 eins
440 1175 573 1204 videbunt
587 1175 684 1203 ticinen
699 1174 719 1208 ³,
742 1173 852 1211 quando
880 1173 1013 1202 videbunt
1040 1173 1145 1201 Patrem
1174 1173 1202 1201 in

354 1223 419 1252 Filio
440 1226 467 1251 et
488 1222 583 1250 Filium
606 1222 632 1250 in
660 1222 737 1249 Patre
766 1228 814 1257 per
842 1220 1105 1257 comparabilitatem
1121 1220 1133 1236 ‘²
1155 1228 1202 1248 na-

355 1273 442 1299 turae.

434 1317 477 1345 Est
490 1317 569 1345 etiam
579 1320 708 1353 respecta
720 1315 851 1343 omnium
864 1314 1091 1352 insupei'abitis;
1104 1314 1202 1343 Esther

354 1364 459 1392 decimo
472 1363 552 1391 tertio
563 1363 589 1390 ⁵:
605 1363 733 1395 Domine,
749 1361 877 1395 Domine,
890 1370 942 1390 rex
961 1362 1155 1398 omnipotens,·
1171 1361 1202 1389 in

355 1411 462 1439 ditione
489 1411 564 1438 enim
587 1413 639 1438 tua
659 1413 765 1437 cuncta
793 1412 863 1437 saint
889 1408 1002 1446 posita,
1024 1412 1049 1436 et
1076 1416 1134 1436 non
1162 1411 1202 1436 est

353 1458 405 1496 qai
428 1457 522 1494 possit
550 1460 617 1485 tuae
645 1456 776 1484 resistere
805 1456 966 1489 voluntati,
988 1455 1016 1483 si
1040 1454 1200 1483 decreveris

352 1504 469 1533 salvare
492 1503 592 1532 lsrael.
624 1503 669 1531 Hic
691 1506 804 1531 notatur
833 1502 1032 1539 omnipotentia
1053 1502 1140 1539 ipsius
1168 1501 1201 1530 ad

353 1551 536 1580 resistendum
558 1550 684 1587 reprobis
706 1554 733 1578 et
754 1550 787 1578 ad
811 1550 984 1578 liberandum
1008 1549 1117 1578 electos.
1133 1549 1200 1577 Cum

352 1599 424 1627 enim
447 1598 537 1626 veniet
557 1597 591 1626 ad
613 1597 745 1626 iudicium
770 1605 840 1634 grex
863 1597 1047 1633 reproborum
1070 1604 1133 1625 cum
1160 1604 1202 1624 sa—

353 1645 485 1674 tellitibus
506 1645 579 1678 suis,
603 1644 727 1673 videlicet
750 1644 847 1672 lucifer
869 1651 932 1672 cum
954 1643 1132 1680 peccantibus
1154 1651 1201 1671 an-

352 1692 433 1729 gelis,
465 1692 530 1720 Cain
562 1699 625 1720 cum
654 1690 813 1725 homicidis,
840 1691 957 1719 Lamech
985 1698 1048 1718 cum
1071 1689 1200 1727 bigamis,

353 1739 423 1767 Esau
445 1746 507 1767 cum
530 1738 720 1767 venditoribus
742 1737 939 1766 benedictionis
967 1741 1110 1771 aeternae,
1134 1736 1201 1764 Plia-

353 1794 400 1814 rao
422 1794 485 1814 cum
502 1785 728 1822 persecutoribus
744 1784 911 1818 electorum,
934 1783 1041 1812 Balaam
1058 1791 1121 1812 cum
1137 1791 1201 1819 pro-

353 1833 443 1869 phetis
465 1833 583 1869 iniquis,
606 1832 746 1860 leroboam
768 1839 832 1860 cum
855 1831 1016 1865 idololatris,
1037 1831 1110 1859 Giezi
1138 1838 1201 1859 cum

353 1880 517 1913 simoniacis,
550 1879 629 1907 ludas
661 1886 724 1907 cum
755 1878 957 1915 proditoribus,
986 1878 1078 1906 Simon
1108 1878 1202 1914 Magus

353 1934 415 1955 cum
439 1926 598 1955 hominibus
620 1926 840 1959 simulatoribus,
859 1925 939 1954 Arius
960 1933 1023 1953 cum
1046 1924 1201 1957 haereticis,

353 1973 527 2001 Mahumetus
549 1981 611 2001 cum
634 1972 801 2005 infidelibus,
824 1971 1006 2000 antichristus
1034 1979 1097 1999 cum
1120 1978 1202 2007 pseu—

353 2019 518 2056 doapostolis
539 2023 565 2048 et
587 2020 748 2056 prophetis;
772 2019 846 2047 lesus
868 2022 938 2047 nutu
965 2018 1114 2046 voluntatis
1135 2025 1202 2046 suae

353 2074 400 2095 eos
421 2066 546 2103 proiiciet
578 2068 603 2094 in
638 2066 806 2103 profundum
837 2065 952 2099 inferni,
981 2065 1047 2101 quia
1075 2072 1127 2093 non
1160 2067 1202 2092 est

353 2114 399 2150 qui
422 2114 509 2150 ipsius
530 2114 615 2150 possit
636 2114 769 2141 resistere
783 2112 967 2145 voluntati⁵;
988 2115 1016 2141 et
1038 2115 1103 2140 tunc
1125 2111 1201 2148 plan-

353 2164 416 2197 gent
438 2168 466 2189 se
488 2168 572 2197 super
594 2168 622 2189 se
647 2168 757 2193 omnes,
786 2160 826 2188 uti
855 2158 989 2196 familiae
1016 2166 1148 2187 seorsum
1177 2161 1201 2185 et

352 2206 486 2244 familiae
506 2216 646 2236 seorsum.
678 2208 782 2236 Electos
813 2215 880 2235 vero
911 2206 1087 2235 aeternaliter
1116 2205 1201 2233 subli-

354 2254 439 2283 mabit
459 2255 493 2283 ab
508 2255 581 2283 omni
597 2254 707 2283 miseria
723 2253 879 2287 liberandO,
901 2253 982 2290 quia,
1004 2253 1024 2281 si
1047 2251 1201 2280 decreverit

354 2301 485 2335 Salvator,
508 2301 588 2330 Israel
611 2301 742 2329 continuo
763 2300 936 2329 liberabitur.

352 2395 453 2431 ynitas
480 2395 537 2423 sive
565 2395 721 2428 humilitas,
755 2402 818 2422 cum
851 2393 931 2422 dicit:
958 2401 1049 2430 prope
1076 2396 1124 2421 est.
1154 2392 1200 2420 Est

355 2444 446 2468 autem
464 2449 556 2477 prope
577 2441 603 2469 in
625 2449 715 2469 earne
735 2440 769 2468 ad
790 2440 994 2468 miserandum
1016 2439 1074 2468 sive
1095 2438 1127 2467 ad
1150 2438 1200 2467 sal-

356 2487 491 2521 vandum,
515 2487 541 2515 in
563 2491 654 2515 mente
668 2487 700 2515 acl
716 2486 888 2515 medendum
903 2487 961 2515 sive
974 2486 1008 2514 ad
1030 2485 1198 2519 curandum,

355 2534 382 2562 in
398 2534 583 2562 Sacramenti
597 2534 704 2562 attaris
725 2533 815 2570 specie
831 2533 863 2562 ad
886 2533 1093 2569 reficiendum,
1109 2532 1156 2561 sed
1171 2532 1198 2561 in

354 2580 463 2609 iudicio
485 2581 542 2609 sive
564 2581 591 2609 in
607 2581 726 2609 iudiciali
742 2580 816 2609 nube
831 2580 863 2609 ad
880 2580 1104 2609 discernendum
1119 2583 1146 2608 et
1165 2580 1198 2608 ad

355 2628 614 2656 remunerandum.

417 2760 423 2773 ¹
443 2761 518 2783 Mattli.
536 2761 574 2788 25,
592 2760 630 2783 34.

416 2799 424 2812 ²
443 2801 524 2822 Psalm.
544 2801 580 2827 30,
600 2801 641 2827 203
659 2800 711 2822 dein
731 2800 765 2822 ΡΞ.
783 2800 820 2828 35,
839 2801 861 2822 9.
883 2800 916 2822 10.

416 2838 425 2851 ³
444 2839 525 2861 Psalm.
543 2840 585 2867 35,
604 2840 625 2861 9.

415 2878 425 2890 ⁴¹
442 2878 519 2900 Lectio
538 2879 594 2901 {iaec
611 2878 740 2907 apographi
758 2885 802 2901 non
821 2879 937 2901 convenit.

416 2916 425 2928 ⁵
444 2918 508 2939 Vers.
527 2917 547 2939 9.

417 2955 426 2969 θ
444 2957 508 2979 Rom.
526 2957 548 2984 9,
570 2957 608 2984 ¹93
626 2957 730 2986 sequitur
748 2957 815 2979 Zacli.
838 2957 876 2984 12,
899 2957 931 2979 12.
1068 2956 1076 2969 ⁷
1094 2957 1160 2979 Vers.
1179 2957 1200 2979 9.

1338 238 1384 267 Est
1405 246 1471 275 ergo
1493 238 1519 266 in
1543 246 1633 266 earne
1651 246 1743 275 prope
1763 239 1803 267 act
1823 239 2025 267 miserandum
2048 239 2105 269 sive
2132 241 2204 285 ngiggeff

1259 285 1291 313 ad
1315 284 1476 313 salvandum
1499 287 1629 321 tanquam
1652 285 1827 322 propinquus
1847 285 1943 320 frater,
1965 286 2036 315 sicut
2069 287 2104 315 le-

1259 331 1334 368 gitur
1357 331 1428 359 Ruth
1460 331 1567 359 tertio⁷
1588 330 1640 359 sub
1672 331 1776 368 figura:
1810 332 1950 369 Expancte
1977 332 2104 369 pallium

1260 381 1344 406 tuum
1364 385 1454 414 super
1474 376 1622 414 famulam
1644 381 1736 411 tua-m,
1758 378 1830 416 quia
1852 379 2040 417 propinquus
2067 388 2103 408 es.

1261 425 1351 453 Potest
1372 424 1464 452 dicere
1485 424 1603 452 Ecclesia
1631 424 1722 453 Verbo
1743 424 1885 453 incarnato
1914 425 1970 454 sive
1996 425 2105 455 Christo

1262 471 1377 499 Domino
1392 473 1520 507 respectu
1541 470 1680 499 humanae
1696 473 1819 505 naturae,
1835 471 1906 509 quia
1918 472 2105 510 propinquus

1259 525 1295 545 es.
1314 517 1428 553 Propter
1444 517 1496 545 hoc
1510 517 1613 545 dicitur
1629 517 1833 546 Isaiae-decimo
1848 520 1948 554 quarto
1962 517 1990 546 ⁸:
2010 518 2105 555 Prope

1259 567 1308 596 est,
1331 567 1362 591 ut
1376 563 1472 592 veniat
1488 567 1600 600 tempus
1614 563 1686 596 eius,
1702 567 1726 591 et
1747 564 1807 592 dies
1828 564 1891 592 eius
1913 573 1970 593 non
1991 564 2105 601 elonga-

1260 610 1388 643 buntur,·
1403 610 1478 644 item,
1500 610 1624 639 Psalmus
1639 609 1664 638 ⁹:
1689 610 1784 647 Prope
1798 614 1839 639 est
1858 611 2000 640 Dominus
2014 611 2105 640 omni-

1260 656 1313 686 bus
1341 657 1544 685 invocantibus
1564 665 1640 691 eum,
1663 656 1796 685 omnibus
1818 657 2020 686 invocantibus
2040 666 2106 686 eum

1260 704 1291 732 in
1311 704 1439 732 veritate.

1339 751 1385 779 Est
1405 751 1487 779 etiam
1508 759 1598 787 prope
1619 751 1651 778 in
1670 754 1762 779 mente
1789 751 1830 778 ad
1849 751 2022 779 medendum
2049 751 2106 780 sive

1259 798 1292 826 ad
1314 797 1470 826 curandum
1491 798 1608 826 vulnera
1625 800 1812 834 peccatorum,
1835 797 1915 826 iuxta
1929 797 1996 826 illud
2019 798 2106 827 Lucae

1259 845 1366 880 decimo
1382 845 1419 873 ¹⁰:
1443 844 1656 873 Samaritanus
1677 844 1811 881 alligavit
1832 844 1957 873 vulnera
1977 844 2040 873 eius
2054 848 2105 874 etc.

1261 892 1336 925 Ecce,
1360 891 1430 919 mira
1451 891 1498 919 Dei
1520 891 1642 927 dignatio
1663 890 1787 919 curantis
1808 893 1835 919 et
1866 891 1987 919 sanantis
2007 898 2056 927 per
2078 899 2107 920 se

1259 938 1350 975 ipsum
1372 938 1472 967 foetida
1492 940 1519 966 et
1539 938 1759 966 immundissima
1784 938 1901 966 vulnera
1925 937 2105 966 delictorum!

1259 992 1322 1013 cum
1345 987 1435 1013 tamen
1458 984 1507 1013 vix
1522 984 1681 1012 inveniatur
1703 984 1770 1013 adeo
1786 992 1868 1013 carus
1889 987 1916 1013 et
1930 984 2018 1012 fidelis
2039 984 2106 1012 ami-

1259 1039 1318 1066 cus,
1333 1031 1381 1068 qui
1403 1039 1458 1060 non
1479 1031 1629 1060 abhorreat
1644 1039 1744 1060 curare
1767 1031 1883 1060 vulnera
1896 1031 2026 1060 foetentia
2047 1038 2107 1060 cor-

1260 1079 1342 1115 poris.
1366 1078 1440 1107 Unde
1461 1086 1527 1115 ergo
1543 1081 1618 1106 tanta
1632 1078 1810 1115 ingratitudo,
1834 1080 1908 1106 tanta
1926 1078 2106 1112 incurialitas,

1260 1134 1315 1162 qua
1337 1126 1419 1154 homo
1441 1125 1600 1154 huiusmodi
1624 1125 1740 1153 vulnera
1763 1132 1896 1154 renovare
1918 1125 1964 1153 vix
1987 1127 2096 1154 cesset?

1339 1173 1383 1201 Est
1404 1172 1584 1201 nihilominus
1612 1180 1703 1209 prope
1731 1172 1763 1200 in
1794 1172 1984 1200 Saeramento
2012 1171 2106 1200 altaris

1259 1220 1299 1248 aa
1314 1219 1502 1256 reficiendum
1523 1219 1581 1248 sive
1595 1219 1627 1247 ad
1644 1219 1799 1247 cibandum.
1820 1219 1895 1247 Unde
1916 1222 2051 1256 quantum
2072 1218 2105 1247 ad

1259 1266 1494 1303 propinquitatem
1517 1266 1662 1294 mentalem
1685 1268 1712 1294 et
1731 1265 1977 1294 sacramentalem
2004 1265 2106 1294 dicitur

1258 1313 1292 1341 ad
1314 1314 1448 1341 Romanos
1469 1313 1575 1341 decimo
1588 1314 1626 1340 ¹¹:
1644 1313 1739 1349 Prope
1753 1316 1793 1340 est
1807 1312 1927 1340 verbum
1943 1312 1974 1340 in
1995 1320 2044 1340 ore
2058 1315 2107 1340 tuo

1258 1364 1282 1388 et
1304 1360 1335 1388 in
1356 1360 1441 1388 corde
1463 1363 1529 1392 tuo,·
1544 1359 1570 1387 in
1593 1359 1679 1388 eorde
1699 1359 1731 1387 ad
1755 1358 1930 1392 medendum,
1952 1358 1979 1387 in
2004 1367 2053 1387 ore
2073 1358 2106 1386 ad

1259 1407 1448 1436 reficiendum.
1471 1407 1524 1435 Hoc
1545 1409 1587 1435 est
1601 1406 1668 1435 illud
1689 1406 1828 1439 Verbum,
1843 1405 1877 1434 de
1898 1413 1954 1442 quo
1975 1405 2107 1434 scribitur

1259 1454 1366 1483 loannis
1387 1454 1477 1491 primo
1492 1454 1531 1481 ¹2:
1560 1453 1683 1481 Verbum
1704 1461 1775 1481 caro
1797 1451 1911 1490 factum
1926 1455 1967 1480 est
1980 1455 2004 1480 et
2026 1450 2119 1480 ltabi-'

1259 1502 1332 1530 tavit
1353 1502 1383 1530 in
1404 1501 1495 1529 nobis.

1338 1548 1437 1577 Ultimo
1458 1556 1547 1585 prope
1562 1551 1601 1576 est
1617 1547 1648 1575 in
1663 1546 1771 1575 iudicio
1787 1546 1827 1574 ad
1841 1546 2064 1575 discernendum
2079 1548 2107 1574 et
2123 1544 2143 1563 ¹²¹
2155 1544 2220 1564 ¹⁰fl¹⁰i⁰

1259 1595 1514 1624 remunerandum
1535 1594 1687 1623 secundum
1712 1593 1809 1622 merita
1831 1593 2020 1630 singulorum;
2042 1593 2107 1629 Apo-

1259 1643 1377 1679 calypsis
1399 1642 1488 1678 primo
1505 1641 1543 1669 ¹³:
1567 1641 1685 1674 Beatus,
1708 1640 1759 1678 qui
1780 1639 1847 1677 tepit
1867 1643 1892 1668 et
1912 1639 1999 1668 audit
2017 1639 2107 1668 verba

1257 1688 1426 1726 prophetiae
1447 1687 1536 1716 liuius
1557 1691 1582 1716 et
1602 1691 1701 1716 servat
1721 1695 1756 1715 ea
1787 1695 1862 1724 qnae
1883 1686 1914 1715 in
1935 1694 1969 1715 ea
1994 1686 2107 1723 scripta

1259 1740 1346 1769 sunt,·
1368 1739 1480 1772 tempus
1500 1735 1578 1763 enim
1596 1742 1688 1771 prope
1709 1737 1757 1762 est.

1575 1829 1666 1857 Sannio
1687 1828 1743 1856 XIV
1760 1828 1790 1855 ¹4.

1339 1923 1404 1952 Non
1424 1931 1492 1951 suin
1512 1931 1563 1960 epo
1587 1921 1731 1956 Christus,
1754 1922 1862 1950 loannis
1883 1921 1973 1958 primo
1989 1921 2022 1949 ¹⁵.

1337 1971 1383 1999 llic
1405 1970 1574 2007 exprimitur
1596 1969 1684 1998 fidelis
1705 1973 1732 1997 et
1753 1969 1798 2006 pia
1819 1969 1953 1997 confessio
1975 1969 2107 1997 Praecur-

1259 2018 1329 2047 soris
1349 2017 1480 2046 dicentis:
1503 2016 1568 2045 Non
1588 2025 1655 2044 sum
1676 2025 1726 2053 epo
1751 2015 1893 2044 Christus.
1917 2015 1943 2044 ln
1970 2016 2022 2044 ista
2042 2023 2106 2044 con-

1257 2065 1375 2094 fessione
1397 2064 1486 2101 primo
1508 2063 1633 2092 excludit
1661 2071 1676 2091 a
1697 2071 1726 2092 se
1748 2063 1894 2091 entitatem
1925 2066 1950 2091 et
1972 2062 2106 2099 proprie-

1259 2115 1343 2140 tatem
1361 2111 1442 2148 primi
1459 2110 1601 2147 principii,
1625 2118 1686 2138 cum
1709 2109 1793 2138 dicit:
1810 2109 1874 2138 Non
1895 2118 1960 2138 sum
1983 2118 2051 2147 e90,·
2065 2117 2107 2138 se-

1258 2158 1357 2191 cundo,
1370 2157 1553 2195 parilitatem
1575 2162 1600 2186 et
1616 2157 1826 2186 virtuositatem
1842 2157 1952 2185 summi
1973 2156 2105 2191 remedii,

1258 2214 1322 2234 cum
1337 2205 1418 2233 dicit:
1437 2204 1587 2238 Christus,
1609 2204 1688 2241 quasi
1710 2204 1795 2232 dicat:
1811 2204 1883 2232 sicut
1904 2212 1953 2241 epo
1967 2211 2025 2232 non
2039 2211 2106 2232 sitm

1260 2260 1311 2289 per
1334 2260 1376 2280 me
1398 2260 1447 2280 nec
1469 2260 1484 2280 a
1506 2259 1565 2285 me,
1587 2251 1661 2288 quod
1683 2254 1724 2280 est
1746 2251 1901 2287 proprietas
1926 2250 2006 2287 primi
2031 2250 2106 2287 prin-

1258 2298 1330 2335 cipii,
1353 2298 1391 2326 sic
1413 2306 1465 2326 non
1489 2306 1550 2326 sum
1575 2297 1717 2326 Christus.
1741 2297 1869 2325 Christus
1890 2296 2002 2334 proprie
2016 2296 2106 2325 dictus

1257 2348 1299 2374 est
1320 2345 1457 2374 nobilitas
1477 2345 1588 2373 sumni-i
1602 2344 1733 2378 remedii,
1748 2344 1823 2381 quod
1838 2344 1890 2372 fuit
1905 2343 2032 2372 Christus
2046 2343 2106 2372 exi-

1257 2395 1331 2421 stens
1357 2393 1431 2421 Deus
1445 2396 1472 2421 et
1494 2393 1592 2426 homo,
1614 2392 1660 2428 qui
1684 2392 1885 2428 interpretatur
1914 2393 2033 2424 unctus,
2055 2398 2106 2419 sua

1256 2447 1335 2468 sacra
1356 2439 1485 2468 unctione
1508 2439 1660 2467 remedium
1682 2438 1800 2467 afferens
1822 2437 1958 2466 sauciatis.

1336 2487 1425 2515 Primo
1446 2494 1512 2523 ergo
1532 2486 1656 2515 excludit
1671 2494 1686 2514 a
1701 2494 1729 2514 se
1742 2485 1950 2522 proprietatem
1966 2486 1993 2514 et
2007 2484 2105 2513 entita-

1257 2537 1310 2562 tem
1325 2534 1404 2570 primi
1419 2533 1555 2570 principii,
1568 2541 1631 2561 cum
1644 2533 1721 2561 dicit:
1736 2532 1800 2561 Non
1811 2541 1878 2560 sum.
1889 2540 1947 2569 eqo.
1958 2532 2040 2565 Sum,
2053 2531 2104 2559 hoc

1256 2581 1327 2609 enim
1351 2581 1462 2617 proprie
1484 2584 1571 2617 potest
1593 2580 1684 2609 dicere
1705 2580 1781 2609 solus
1796 2580 1878 2613 Deus,
1894 2579 1974 2607 cuius
1987 2577 2105 2607 essentia

1256 2636 1309 2656 non
1327 2630 1466 2661 mutatur;
1483 2627 1630 2655 Malachiae
1646 2627 1727 2655 tertio
1740 2627 1778 2654 ¹⁶:
1796 2627 1854 2663 Eyo
1869 2626 1945 2654 enim
1963 2625 2105 2653 Dominus

1320 2760 1328 2773 ⁸
1348 2761 1411 2783 Vei-S.
1435 2761 1451 2782 Ι.
1871 2757 1880 2771 ⁹
1897 2759 1979 2781 Psalni.
1998 2757 2050 2785 ⁴44,
2068 2757 2105 2780 118.

1321 2799 1340 2812 ¹⁰
1358 2800 1423 2822 Vers.
1442 2800 1478 2822 33.
1498 2800 1533 2822 34.
1963 2796 1981 2810 ²¹
2001 2797 2065 2819 Vers.
2082 2797 2103 2818 8.

1321 2838 1340 2851 ¹2
1358 2839 1423 2861 x'ers.
1443 2839 1477 2861 lsi.
1527 2832 1529 2834 ’
1962 2836 1981 2849 ¹⁹
1999 2837 2064 2859 Vers.
2082 2835 2103 2857 3.

1320 2877 1339 2890 ¹⁴
1357 2878 1458 2900 Habetur
1476 2878 1499 2900 in
1516 2878 1599 2901 eodem
1626 2881 1650 2900 ut
1675 2877 1817 2906 praecedens
1834 2882 1911 2899 serino
1929 2876 2008 2899 codice
2034 2875 2049 2897 S
2067 2875 2104 2897 sol.

1258 2918 1301 2940 333
1321 2924 1338 2939 r.
1945 2915 1965 2928 ¹⁵
1982 2916 2047 2938 Vers.
2066 2914 2103 2936 20.

1321 2955 1340 2969 ¹⁰
1359 2957 1423 2979 Vers.
1441 2958 1467 2985 6;
1485 2957 1589 2986 sequitur
1607 2957 1675 2980 Exod.
1694 2957 1721 2984 3,
1739 2956 1776 2979 Μ.
1794 2958 1816 2979 et
1833 2956 1886 2978 dein
1904 2955 1977 2983 Apoc.
1997 2955 2019 2982 l,
2038 2955 2059 2976 8.

2123 751 2142 770 ln
2155 754 2214 771 mente>

2133 1170 2153 1189 lu
2165 1171 2219 1190 Sacra*

2146 1196 2212 1214 mento.
2219 1208 2220 1225 3

2123 2051 2200 2078 Divisio.

2121 2481 2166 2499 Pars
2178 2479 2191 2498 l.
2238 2490 2239 2494 =
