2243 3348
9 502 13 512 l

11 516 13 545 1

10 547 13 593 1

6 604 56 634 «ihi-s
66 612 80 631 1.
91 611 138 630 Cita-

6 644 9 662 ¹.
22 636 74 656 tionis
86 640 138 659 prae-

12 676 13 679 .
22 659 88 680 missio.

10 707 13 729 ⁴5
29 705 130 732 subdistin-

56 731 99 748 etio.

9 851 13 910 1

10 922 14 969 l

12 1074 14 1103 j.
24 1079 70 1099 einai
80 1078 136 1098 verbo

12 1106 13 1137 1
22 1101 140 1144 ρηεξίἱξῖῑιὶο-

17 1874 70 1896 item,
82 1873 137 1892 hone-

27 1897 67 1916 ficio
78 1896 136 1916 admi-

18 1920 140 1940 visitationis.

627 149 782 178 DOMlNlCA
804 149 867 176 Vlll.
890 148 972 176 POST
995 146 1235 175 PENTECOSTEN.
1258 145 1367 174 SERMO
1390 146 1405 172 1.

150 231 330 263 citationcm;
351 229 448 258 deinde
469 229 590 257 insinuat
611 227 839 260 incusationem;
854 229 993 263 postremo

150 277 235 313 exigit
256 274 496 313 satisfactionem.
519 274 608 302 Primo
631 274 657 302 in
680 274 765 302 verbo
785 273 924 310 proposito
945 280 993 300 no—

150 327 223 353 tatur
245 322 392 350 citationis
410 321 603 358 praemissio,
626 329 689 349 cuin
710 320 791 348 dicit:
819 319 936 348 Vocavit
962 319 994 347 il-

151 370 208 398 lum
231 373 254 397 et
276 369 320 397 ait
347 368 390 396 illi
398 379 407 401 ;
435 367 571 401 secundo,
593 366 786 395 incusationis
815 366 993 399 insinuatio,

150 424 212 445 cum
235 415 342 443 subdit:
367 414 444 450 Quid
465 412 517 441 lzoc
538 414 628 441 studio
650 413 683 440 de
705 412 749 440 te?
766 412 855 446 tertio,
876 411 994 449 satisfa-

150 462 253 491 ctionis
273 460 447 498 postulatio,
469 468 532 488 cum
555 459 706 488 subinfert:
731 459 823 488 Redde
851 459 994 487 rationem

152 508 336 537 villicationis
358 511 433 536 tuac.

230 555 246 582 l.
269 554 339 583 Dicit
360 562 441 591 ergo:
466 554 579 582 Vocavit
593 553 676 581 illuni
691 557 716 581 et
731 553 773 581 ait
788 552 839 585 illi,
855 552 901 580 ubi
918 559 994 588 prae-

152 602 235 631 mittit
255 601 429 630 citationem.
451 600 521 629 Citat
543 601 599 628 sive
622 603 700 628 vocat
721 607 770 627 nos
794 599 881 632 Deus,
910 601 941 626 ut
961 598 994 625 ad

151 656 228 678 suam
250 648 355 676 curIani
376 647 500 676 caelestis
522 647 625 683 patriae
646 647 687 674 ire
707 646 866 678 debeamus,
881 645 994 681 triplici-

152 699 209 724 ter:
232 695 329 731 primo,
351 694 435 722 verbo
451 697 560 722 sanctae
574 692 818 730 praedicationis,
835 692 993 719 rationalem

152 741 337 773 informantis;
355 740 484 773 secundo,
500 739 632 773 beneficio
647 738 793 767 continuae
805 737 996 765 administra-

152 789 248 822 tionis,
270 787 511 824 concupiscibilem
526 786 684 819 allicientis;
701 785 791 818 terti0‚
805 784 918 820 flayello
933 792 995 812 cor-

152 835 290 872 reptionis
312 834 493 871 poenitentiae
515 833 678 861 irascibilem
700 831 874 864 deterrentis,
896 834 927 858 ut
948 831 995 864 sic,

152 882 198 919 qui
221 881 392 910 insensibiles
413 886 477 909 sunt
492 883 519 908 et
532 880 631 908 nolunt
645 878 749 907 erudiri
768 886 817 914 per
831 878 996 905 documenta

152 936 202 957 nec
222 928 292 956 allici
316 935 364 964 per
387 926 530 960 beneficia,
553 925 624 954 sieut
645 924 787 953 sensibiles
801 924 995 952 deterreantur

152 983 201 1012 per
222 975 337 1011 flagella.

231 1021 322 1049 Primo
344 1023 422 1049 vocat
442 1020 499 1048 sive
520 1019 585 1047 citat
606 1026 656 1047 nos
677 1018 750 1046 Deus
770 1017 855 1045 verbo
876 1025 996 1054 811111196-

153 1067 225 1097 licite
244 1067 484 1104 praedicationis,
506 1069 537 1094 ut
559 1065 710 1098 illuminem
726 1064 799 1093 unde
814 1064 939 1092 Matthaei
958 1064 996 1091 vi-

152 1115 255 1152 gesimo
277 1113 435 1143 secundol:
459 1113 496 1141 lte
518 1113 557 1141 ad
578 1112 673 1140 exitus
701 1112 838 1144 viarum,
867 1114 890 1138 et
912 1119 996 1148 quos-

154 1170 275 1200 cumque
306 1161 489 1194 inveneritis,
521 1164 618 1188 vocate
649 1159 689 1187 acl
708 1159 837 1196 nuptias.
862 1158 910 1187 Per
932 1158 997 1186 istas

154 1209 273 1246 nuptias
294 1208 445 1237 sec-undum
467 1207 588 1235 Glossam
618 1206 788 1243 significatur
813 1217 826 1229 α
841 1213 996 1234 sacramen-

154 1260 212 1285 tum
235 1255 429 1284 incarnationis
444 1266 471 1287 n,
497 1265 509 1278 «
525 1261 574 1290 per
596 1253 669 1290 quod
686 1253 758 1281 Deus
775 1253 851 1281 Pater
867 1252 932 1280 Filio
946 1260 997 1280 suo

156 1303 300 1332 Ecclesiam
333 1305 464 1338 tanquam
496 1308 623 1337 sponsam
656 1300 842 1337 copulavit»;
874 1299 906 1327 ad
928 1306 998 1335 quas

155 1357 204 1378 1105
225 1352 323 1381 vocat,
344 1348 409 1376 dum
432 1355 497 1376 suos
525 1347 728 1384 praedicatores
759 1346 857 1380 mittit,
889 1346 996 1374 dicens:

154 1398 203 1430 lte,
227 1400 356 1433 tanquam
378 1395 525 1432 evangelici
549 1394 760 1431 praedicatores,
776 1394 815 1422 ad
830 1394 924 1422 exitus
940 1393 998 1421 uia-

155 1452 239 1477 rum,
271 1443 314 1471 ubi
348 1446 412 1471 sunt
448 1453 461 1467 «
476 1449 587 1470 errores
617 1441 769 1478 gentium»
795 1444 822 1469 et
847 1452 859 1465 «
875 1440 998 1469 defectus

153 1491 291 1519 actionum
306 1502 334 1523 »‚
355 1489 506 1518 secundum
529 1488 602 1525 quod
628 1488 693 1516 dicit
714 1487 846 1522 Glossa23
868 1492 892 1515 et
914 1496 998 1525 quos-

153 1546 275 1575 cumque
295 1536 474 1569 inveneritiS,
496 1535 521 1563 id
544 1538 584 1564 est
606 1535 808 1571 cuiuscumque
827 1534 998 1567 conditionis,

154 1585 219 1622 quia
240 1584 316 1612 nulla
336 1587 376 1612 est
397 1583 523 1619 acceptio
542 1591 741 1619 personarum
762 1582 844 1619 apud
874 1582 965 1610 Deum
976 1581 998 1614 ³,

153 1632 201 1660 sect
223 1631 255 1659 in
275 1631 356 1659 omni
373 1633 454 1667 pente
475 1633 502 1658 et
523 1630 550 1658 in
578 1629 651 1658 omni
685 1629 787 1666 populo
812 1632 839 1657 et
867 1629 893 1657 in
923 1629 997 1657 omni

154 1678 307 1707 conditione
328 1677 530 1713 beneplacitum
552 1680 593 1705 est
614 1676 668 1710 illi;
690 1679 800 1710 vocate,
822 1676 889 1704 tuba
916 1684 999 1704 evan-

155 1725 257 1763 gelicae
277 1723 497 1761 praedicationis,
519 1724 559 1752 aa
580 1723 711 1760 nuptias,
734 1723 758 1751 id
782 1726 822 1752 est
843 1723 877 1751 ad
898 1725 999 1759 myste-

155 1772 227 1800 rium
250 1771 321 1800 fidei.

233 1818 358 1847 Secundo
379 1821 458 1847 vocat
480 1826 528 1846 nos
544 1818 617 1846 Deus
633 1816 765 1854 beneficio
781 1817 936 1845 continuae
951 1817 1000 1845 ad·

155 1865 391 1898 ministrationis,
414 1868 445 1893 ut
460 1864 575 1898 alliciat;
592 1864 665 1892 unde
680 1864 726 1892 lob
740 1864 845 1892 decimo
860 1867 960 1901 quarto
971 1864 998 1891 4:

162 1912 280 1941 Vocabis
301 1920 355 1945 nte,
377 1915 401 1939 et
422 1920 472 1948 eqo
487 1911 661 1948 respondebo
677 1910 745 1943 tibi,-
760 1910 841 1948 operi
854 1919 997 1939 manuum

157 1963 278 1988 tuarum
298 1959 434 1996 porriyes
456 1959 614 1986 dexteram.
637 1974 672 1979 —
700 1969 711 1982 «
734 1958 820 1986 Vocat
840 1958 921 1991 Deus,
936 1965 999 1986 cum

157 2006 320 2035 muneribus
340 2006 497 2042 praevenit,
529 2013 591 2034 cum
621 2005 726 2033 collatis
754 2005 894 2033 beneficiis
921 2005 999 2042 quasi

157 2053 263 2082 emissis
296 2053 408 2081 vocibus
436 2052 469 2080 ad
500 2060 529 2080 se
550 2052 653 2081 ducere
674 2052 774 2080 studet.
800 2051 955 2089 Respondet
976 2052 999 2080 ei

157 2101 254 2134 homo,
277 2099 386 2137 quando
407 2099 487 2136 digna
509 2106 593 2135 opera
622 2099 701 2127 iuxta
728 2101 858 2135 percepta
886 2097 1006 2127 munera*

157 2146 272 2175 reddere
292 2146 444 2179 festinat»,
466 2154 498 2174 eo
523 2145 596 2182 quod
629 2146 786 2174 misericors
818 2146 890 2174 Deus
922 2145 1003 2182 operi

157 2202 300 2222 manuum
321 2202 460 2227 suarum,
482 2193 507 2221 id
529 2197 570 2222 est
585 2193 687 2221 homini
704 2193 820 2221 formato
836 2201 919 2221 manu
935 2200 1001 2221 suae

156 2241 308 2278 potentiae,
329 2241 456 2278 porrigit
478 2241 640 2274 (leaeteram,
657 2248 771 2269 suorum
794 2240 1001 2268 beneficiorum.

157 2288 221 2316 Nam
244 2289 349 2316 caelum
373 2288 436 2316 fecit
457 2287 488 2316 ad
512 2287 629 2316 dandam
651 2287 673 2315 ei
697 2287 785 2315 lucem
808 2287 834 2315 in
851 2287 903 2320 die,
920 2290 950 2315 ut
965 2286 1000 2315 ibi

157 2338 335 2371 operaretur;
358 2334 485 2363 tenebras
506 2335 533 2362 in
554 2337 649 2367 nocte,
671 2337 703 2362 ut
723 2334 890 2370 quiesceret3
907 2337 934 2362 et
947 2334 1002 2361 uti-

158 2382 210 2410 lem
232 2381 446 2410 vicissitudinem
470 2385 636 2418 temporum.
659 2381 754 2409 Aerem
777 2380 848 2413 fecit,
872 2383 902 2408 ut
922 2388 1001 2416 prae-

158 2428 235 2457 beret
256 2429 278 2457 ei
303 2429 396 2456 utilem
419 2428 537 2456 calorem
560 2431 587 2456 et
617 2435 699 2456 omne
730 2435 817 2464 genus
847 2427 939 2455 avium
967 2427 1000 2455 ad

158 2484 238 2505 suum
261 2476 403 2504 servitium
427 2475 605 2503 ministraret.
628 2476 731 2511 Aquam
753 2474 831 2508 fecit,
853 2477 884 2502 ut
906 2478 1001 2510 potum

159 2523 208 2551 sibi
231 2523 366 2551 tribueret
387 2525 414 2551 et
435 2522 529 2550 sordes
551 2521 600 2550 sibi
624 2524 765 2558 purgaret,
786 2521 892 2550 arentia
908 2521 1002 2557 irriga-

159 2573 201 2598 ret
221 2573 247 2598 et
267 2569 453 2598 diversitatem
477 2569 591 2605 piscium
614 2568 645 2596 ad
669 2576 750 2597 suum
772 2576 849 2597 esum
872 2568 1000 2596 nutriret.

221 2750 229 2762 ¹
247 2750 312 2772 Vers.
330 2751 356 2777 9,
374 2750 434 2772 duae
451 2753 573 2778 sequentes
589 2751 683 2772 Glossae
694 2753 747 2772 sunt
758 2749 896 2773 ordinariae
908 2750 930 2772 in
943 2756 965 2771 v.
979 2750 1000 2772 9.

159 2793 181 2811 et
198 2789 356 2812 interlinearis
374 2789 396 2811 iu
414 2796 437 2811 v.
454 2791 476 2811 2.

221 2828 230 2840 ²
248 2829 337 2850 Scilicet
353 2828 513 2851 interlinearis·
530 2833 552 2851 et
569 2828 695 2851 ordinaria
713 2829 735 2850 in
753 2829 813 2850 hunc
831 2829 915 2851 locum.

222 2867 230 2879 ³
247 2868 313 2889 Rom.
331 2868 356 2895 2,
374 2868 415 2895 ·11;
433 2867 517 2889 deinde
534 2867 655 2895 respicitur
672 2867 719 2889 Act.
743 2867 780 2894 10,
799 2867 836 2889 35.

222 2905 230 2918 ⁹
248 2906 314 2928 Vei-s.
335 2906 372 2932 l53
395 2912 495 2934 sequens
511 2907 575 2928 loeus
592 2909 626 2928 est
642 2907 750 2934 Gregor.‚
768 2906 826 2928 le.
845 2907 921 2928 llloral.
934 2912 953 2928 c.
967 2906 1002 2927 42.

159 2953 181 2968 n.
199 2946 236 2968 50.
667 2945 676 2957 5
692 2945 821 2973 flespicitur
839 2946 873 2968 Ρ5.
891 2945 947 2972 103,
969 2945 1002 2967 15.

254 2992 278 3015 S.
299 2992 387 3015 Bonae.
404 3005 434 3008 —
452 2992 519 3014 Tom.
536 2993 574 3014 lx.

1835 143 1889 171 :385

1050 225 1163 253 Terram
1186 224 1257 258 feeit,
1279 226 1310 252 ut
1331 231 1394 252 eum
1418 226 1550 259 portaret,
1568 231 1646 260 pane
1667 221 1846 259 confortaret
1867 225 1892 249 et

1050 272 1117 300 vino
1138 271 1306 308 laetificaret
1318 271 1337 298 ⁵.
1361 272 1445 299 Totus
1461 270 1580 298 mundus
1596 269 1680 298 servit
1696 269 1811 302 homini,
1828 269 1892 306 quia

1050 318 1138 346 sactus
1159 321 1199 346 est
1222 326 1271 354 pro
1292 317 1417 350 homine,
1440 320 1471 345 ut
1492 316 1550 353 ipse
1570 317 1672 345 serviat
1699 315 1721 344 ei
1751 315 1797 352 qui
1830 315 1892 344 t'ecit

1051 364 1184 393 mundum
1200 368 1227 393 et
1243 365 1389 393 hominem.
1407 364 1475 401 Ergo
1490 364 1536 398 (si)
1552 363 1635 392 sentis
1651 363 1812 392 beneficium
1829 371 1892 391 con—

1051 411 1143 439 tinuae
1164 410 1421 444 administrationis,
1443 410 1526 439 redde
1544 410 1665 439 debitum
1689 410 1775 438 bonae
1796 417 1892 446 opera-

1052 458 1147 491 tionis,
1169 458 1290 494 alioquin
1313 457 1345 485 de
1367 457 1563 494 ingratitudine
1585 457 1655 485 iuste
1678 457 1779 493 poteris
1804 456 1892 493 argui.

1130 504 1221 532 Tertio
1243 508 1319 532 vocat
1340 503 1452 541 flayello
1470 504 1670 541 poenitentiae,
1685 503 1892 540 correptioni&

1052 554 1084 579 ut
1104 551 1256 585 deterreat;
1278 551 1351 579 unde
1372 552 1460 579 Lucae
1488 551 1593 579 decimo
1621 554 1720 587 quarto
1736 551 1762 578 6;
1788 550 1843 578 Exi
1863 559 1894 578 tn

1052 598 1117 626 ¹uias
1137 602 1161 625 et
1182 606 1259 635 sepes
1280 602 1305 626 et
1326 598 1457 634 compelle
1479 598 1605 631 intrare,
1628 601 1659 625 ut
1673 597 1830 634 impleatur
1845 598 1894 625 do-

1052 653 1119 672 mus
1138 653 1211 672 mea.
1237 645 1304 672 Dico
1326 648 1422 672 autem
1446 644 1538 677 uobis,
1561 645 1637 682 quod
1658 653 1738 673 nemo
1761 645 1894 673 virorum

1052 691 1180 724 illorum,
1196 691 1247 728 qui
1260 692 1355 719 vocati
1368 695 1447 724 sunt,
1460 691 1590 728 yztstttbz't
1605 700 1722 719 coenam
1738 700 1840 720 meam.
1858 709 1894 712 —

1057 738 1111 765 Exi
1131 738 1161 765 in
1182 739 1258 771 vias,
1280 738 1325 765 ubi
1348 741 1413 765 sunt
1439 738 1560 766 «diaboli
1579 741 1782 771 teiitziiiientzi»,
1797 746 1894 767 secun-

1053 784 1119 812 dum
1140 784 1275 817 Glossam,
1297 788 1320 812 et
1341 785 1429 821 sepes,
1451 785 1497 812 ubi
1521 788 1584 813 sunt
1600 785 1706 813 inutilia
1720 785 1894 814 incitamenta

1054 831 1200 863 vitiorum;
1222 835 1247 859 et
1268 831 1400 867 compelle
1420 831 1550 864 intrare,
1573 831 1779 860 infirmitatibus
1804 836 1830 860 et
1852 840 1894 861 ca-

1055 877 1222 905 lamitatibus
1244 878 1396 913 praesentis
1418 878 1496 905 vitae.
1521 878 1551 905 Et
1583 878 1634 905 hoc
1662 882 1703 906 est
1730 879 1802 915 quod
1831 879 1895 907 dicit

1054 922 1147 950 Glossa
1159 923 1185 950 ⁷:
1213 935 1225 947 «
1240 923 1291 959 Qui
1314 923 1385 951 enini
1407 924 1490 952 huius
1506 924 1598 951 mundi
1615 924 1826 953 adversitatibus
1842 925 1894 953 1111-

1054 969 1089 997 cti
1111 970 1144 997 ad
1165 977 1287 998 amorem
1310 970 1355 998 Dei
1380 970 1496 998 redeunt
1517 974 1600 1007 atque
1621 979 1637 999 a
1659 972 1810 1007 praesentis
1825 972 1896 1000 vitae

1054 1016 1196 1044 desideriis
1217 1017 1406 1053 corriguntur,
1428 1017 1493 1053 quid
1515 1017 1576 1051 isti,
1600 1018 1648 1045 nisi
1679 1018 1896 1054 compelluntur,

1054 1066 1085 1091 ut
1107 1064 1262 1091 intrent»‘?
1289 1063 1323 1091 Ut
1343 1063 1500 1100 impleatur
1527 1064 1631 1092 doinus
1661 1073 1741 1098 mea,
1774 1066 1897 1094 caelestis

1054 1111 1167 1146 patriae.
1192 1110 1261 1138 Dico
1283 1114 1379 1138 autem
1400 1110 1493 1143 vobis,
1516 1111 1592 1148 quod
1612 1120 1693 1139 nemo
1715 1112 1896 1140 1110ιί11111]-

1055 1156 1167 1191 10111111,
1189 1157 1241 1195 qui
1260 1158 1356 1185 vocati
1376 1161 1460 1191 sunt,
1481 1157 1610 1194 (ju-stabit
1638 1166 1753 1186 coenam
1785 1167 1896 1192 meam,·

1054 1204 1149 1232 Glossa
1160 1204 1186 1232 S:
1213 1216 1226 1229 «
1242 1204 1356 1240 Quidam
1379 1208 1513 1232 vocantur
1528 1208 1554 1233 et
1569 1207 1756 1239 contemnunt,
1772 1206 1836 1242 quia
1850 1206 1897 1234 do—

1055 1259 1120 1279 num
1144 1251 1298 1280 intellectus
1320 1251 1466 1288 accipiunt,
1489 1251 1534 1279 sed
1556 1260 1639 1288 opere
1661 1260 1713 1280 non
1736 1253 1848 1288 implent
1863 1264 1896 1286 »ς

1055 1301 1081 1327 et
1104 1298 1211 1332 talibus,
1233 1299 1279 1334 qui
1303 1298 1473 1326 insensibiles
1494 1302 1558 1326 sunt
1579 1299 1611 1326 ad
1634 1299 1797 1327 documenta
1811 1303 1837 1327 et
1852 1300 1897 1328 be-

1055 1345 1160 1378 neficia,
1182 1345 1284 1373 bonum
1306 1348 1356 1378 est⁷
1378 1348 1409 1373 111
1430 1345 1594 1381 frangantur
1616 1345 1830 1379 infirmitatiljnis,
1852 1346 1898 1374 ad-

1056 1392 1233 1421 versitatibus
1255 1395 1281 1420 et
1303 1392 1477 1425 huiusmodi,
1504 1404 1517 1416 «
1532 1395 1563 1420 ut
1585 1400 1654 1428 quos
1677 1400 1806 1429 praesens
1829 1393 1897 1427 vita,

1055 1440 1112 1468 sive
1133 1440 1279 1476 Aegyptus,
1301 1439 1452 1467 secundum
1474 1439 1647 1475 Gregorium,
1668 1440 1805 1476 oppressit
1826 1440 1899 1468 blan-

1055 1487 1147 1519 diens,
1169 1486 1280 1515 adiuvet
1300 1494 1444 1522 premens,
1466 1490 1492 1514 et
1513 1486 1578 1514 dum
1600 1487 1671 1515 Deus
1686 1490 1776 1520 vocat,
1792 1487 1817 1515 in
1835 1495 1898 1515 cru-

1056 1534 1144 1562 ciatus
1168 1533 1294 1569 impellit,
1316 1533 1392 1569 qnia,
1408 1533 1473 1561 dum
1489 1533 1596 1569 affligit,
1615 1533 1734 1569 expedit.
1751 1534 1816 1561 Nam
1832 1533 1897 1561 dum

1056 1580 1212 1609 violentiam
1236 1580 1350 1616 ingerit,
1376 1579 1503 1608 festinare
1535 1580 1567 1607 ad
1599 1588 1719 1616 superna
1750 1581 1897 1616 compellit.

1056 1627 1131 1656 Unde
1159 1627 1224 1655 dum
1257 1627 1376 1663 populus
1399 1626 1562 1654 lsraeliticus
1582 1634 1597 1654 a.
1622 1627 1711 1662 Moyse
1740 1627 1898 1661 vocabatur,

1056 1682 1072 1702 a
1094 1674 1233 1702 Pharaone
1255 1673 1438 1709 affligebatur,
1460 1676 1491 1700 ut
1519 1673 1588 1701 alter
1611 1673 1730 1701 vocando
1759 1674 1897 1707 traheret,

1056 1721 1127 1749 alius
1148 1720 1293 1749 saeviendo
1314 1720 1467 1756 impelleret
1483 1732 1507 1747 n.
1535 1720 1653 1753 «Felix,
1682 1720 1809 1756 inquam,
1841 1721 1899 1748 talis

1056 1768 1220 1801 necessitas,
1242 1775 1313 1804 quae
1334 1767 1367 1795 ad
1396 1767 1511 1795 meliora
1540 1767 1718 1803 compellit»,
1747 1767 1898 1795 secundum

1057 1816 1167 1844 beatum
1189 1814 1381 1851 Augustinum.

1137 1862 1164 1890 ll.
1181 1861 1306 1890 Secundo
1321 1861 1347 1889 in
1364 1861 1447 1889 verbo
1462 1861 1601 1897 proposito
1616 1863 1727 1888 notatur
1742 1860 1900 1888 incusatio-

1057 1910 1104 1938 nis
1125 1909 1298 1941 insinuatio,
1320 1916 1382 1936 cum
1405 1908 1513 1936 subdit:
1537 1907 1614 1943 Quid
1635 1906 1686 1935 ltoe
1701 1907 1791 1935 (tiulio
1806 1907 1839 1935 de
1855 1907 1899 1935 te?

1058 1956 1135 1993 quasi
1158 1956 1245 1984 dicat:
1268 1955 1346 1983 valde
1368 1955 1489 1991 graviter
1512 1955 1652 1982 incusatus
1674 1962 1702 1982 es
1730 1954 1805 1981 mihi.
1834 1954 1898 1981 Nam

1058 2004 1149 2032 audio
1171 2003 1204 2031 (Ie
1226 2006 1263 2036 te,
1286 2003 1376 2038 primo
1398 2001 1603 2038 arroyantiani
1621 2001 1787 2029 detestabilis
1809 2000 1901 2028 inobe-

1058 2051 1189 2084 dientiae,
1212 2049 1412 2078 contemnentis
1433 2048 1621 2077 celsitudinem
1644 2049 1792 2076 immensae
1808 2051 1900 2084 poten-

1059 2098 1128 2131 tiae;
1150 2097 1286 2130 secundo,
1308 2095 1538 2124 malevolentiam
1560 2095 1706 2131 impietatis
1732 2097 1758 2122 et
1786 2094 1900 2122 invidiae

1059 2144 1224 2172 effundentis
1246 2143 1405 2180 sanguinem
1430 2143 1566 2170 humanae
1588 2145 1717 2175 naturat·;
1742 2141 1833 2173 tertio,
1856 2141 1900 2168 de-

1061 2191 1244 2220 mulcentium
1268 2191 1385 2219 carnalis
1401 2190 1539 2223 lasciviae,
1555 2189 1740 2217 subvertentis
1756 2189 1900 2225 imaginem

1059 2238 1166 2267 divinae
1187 2238 1329 2266 essentiae.

1139 2285 1229 2313 Primo
1251 2285 1334 2321 igitur
1356 2283 1446 2312 awlio
1467 2283 1501 2311 de
1516 2287 1539 2311 te
1554 2282 1758 2319 arroyantiam
1782 2282 1900 2309 detesta-

1060 2332 1125 2361 bilis
1139 2332 1355 2364 inobedientiae,
1372 2330 1571 2359 contemnentis
1585 2329 1773 2358 celsitudinem
1790 2329 1901 2357 immen-

1059 2387 1104 2408 sae
1126 2379 1277 2416 potentiae3
1300 2378 1372 2406 unde
1401 2377 1426 2405 in
1458 2377 1561 2405 Psalmo
1576 2377 1602 2404 ⁹:
1626 2377 1800 2404 Anerterunt
1821 2384 1849 2403 se
1877 2379 1902 2403 et

1058 2435 1116 2454 non
1143 2429 1335 2453 servaverunt
1360 2428 1498 2461 pactum,
1527 2423 1769 2461 quemadmodum
1800 2426 1901 2458 patres

1058 2481 1159 2501 eorum
1181 2472 1313 2500 conversi
1339 2474 1407 2499 sunt
1429 2471 1460 2499 in
1480 2479 1586 2499 mcum
1607 2478 1743 2507 prauum.
1768 2470 1801 2497 ln
1822 2469 1901 2497 iram

1058 2520 1276 2549 concitaverunt
1297 2528 1362 2547 cum
1384 2519 1414 2547 in
1436 2518 1555 2546 collibus
1582 2517 1645 2545 suis
1673 2521 1697 2545 et
1726 2517 1754 2544 in
1783 2516 1901 2552 sculpti-

1059 2567 1134 2595 libus
1155 2567 1218 2594 suis
1240 2566 1280 2593 ad
1311 2565 1533 2594 aemulationem
1564 2572 1627 2592 eum
1659 2566 1899 2600 provocaverant.

1122 2747 1131 2760 ¹³
1150 2748 1214 2770 Vers.
1233 2748 1270 2769 23.
1287 2753 1334 2775 seq.
1355 2759 1382 2762 —
1400 2747 1478 2768 Glossa
1496 2748 1530 2767 est
1547 2743 1671 2767 ordinaria
1690 2744 1711 2764 in
1731 2749 1752 2764 v.
1771 2743 1808 2764 21.

1123 2786 1130 2799 ⁷
1149 2787 1178 2808 Ex
1196 2787 1269 2813 Beda,
1287 2786 1323 2808 lV.
1341 2791 1360 2807 c.
1379 2786 1416 2806 60.
1434 2785 1457 2806 in
1474 2785 1529 2806 Luc.
1551 2783 1589 2810 lsi,
1607 2784 1643 2805 23.

1121 2825 1130 2837 Β
1148 2826 1236 2848 Scilicet
1253 2824 1377 2847 ordinaria
1395 2824 1419 2845 in
1436 2824 1495 2845 hunc
1513 2824 1596 2844 locum.
1620 2834 1650 2837 —
1673 2821 1781 2849 Sequitur
1798 2820 1902 2846 Gregor..

1060 2866 1141 2888 XXVI.
1160 2865 1236 2886 Moral.
1254 2870 1272 2885 c.
1292 2864 1328 2885 13.
1347 2870 1368 2885 11.
1387 2863 1427 2889 21,
1445 2862 1523 2890 quoad
1541 2861 1694 2888 Augustinnm
1718 2861 1757 2882 cfr.
1776 2860 1803 2881 V.
1821 2858 1902 2886 tiperis

1060 2904 1185 2932 imperfecti
1203 2906 1280 2925 contra
1300 2903 1377 2924 lulian.
1395 2908 1413 2923 e.
1432 2902 1469 2923 (32.

1122 2942 1131 2954 ⁹
1150 2943 1229 2964 Psalm.
1247 2942 1284 2969 77,
1303 2942 1338 2963 57.
1357 2947 1434 2969 seqq.;
1453 2941 1555 2968 sequitur
1573 2940 1606 2961 l‘s.
1627 2939 1662 2967 lli,
1684 2938 1703 2960 l„

1784 2985 1808 3006 ia

1905 508 1958 531 Item,
1966 509 2038 532 flagello

1870 550 1874 554 ,
1906 533 2036 556 correptionis.

1918 1865 1963 1883 Pars
1975 1865 1996 1892 ll.
2009 1866 2037 1892 ln-

1922 1891 2026 1916 *cusauon-is

1921 1915 2028 1931 lnsmuatio.

1918 2006 2030 2025 subdivisio.

1921 2287 1947 2305 De
1959 2292 2046 2310 arrogan-

1932 2311 1957 2329 tia
1969 2311 2034 2329 inobe-

1936 2334 2025 2352 dienliae.
