2308 3358
812 536 1258 595 PRAEFATIO.

251 1122 404 1158 Nonum
430 1123 502 1158 1100
528 1128 676 1158 nostrae
703 1123 881 1159 editionis
900 1124 1079 1159 volumen
1106 1123 1247 1159 multos
1266 1124 1423 1158 exhibet
1448 1136 1639 1159 sermones
1661 1123 1696 1160 S.
1715 1124 1915 1159 Bonaven-

158 1188 272 1229 turae,
291 1183 331 1217 id
350 1187 406 1218 est
423 1183 541 1218 totius
567 1182 806 1218 collectionis
823 1183 994 1218 omnium
1013 1196 1170 1230 operum
1189 1183 1358 1218 eiusdem
1378 1184 1551 1230 quintam
1571 1188 1608 1218 et
1624 1183 1799 1218 ultimam
1818 1183 1915 1218 clas-

157 1242 319 1289 sen1;·de
341 1255 416 1289 qua
433 1242 620 1277 divisione
639 1247 768 1277 actum
786 1247 843 1278 est
860 1243 900 1277 in
918 1242 1152 1289 praefatione
1174 1242 1343 1289 generali
1368 1242 1416 1278 ad
1441 1247 1532 1278 tom.
1550 1242 1580 1278 I.
1599 1255 1687 1289 pag.
1706 1241 1913 1278 XXXVII.

156 1301 243 1337 Non
269 1314 400 1337 omnes
426 1301 460 1337 S.
488 1301 663 1336 Doctoris
689 1314 879 1337 sermones
904 1302 967 1336 hic
994 1301 1194 1348 habentur,
1214 1315 1301 1337 cum
1325 1301 1511 1349 opuscula
1536 1303 1630 1337 tomi
1655 1301 1700 1348 V,
1729 1314 1824 1349 quae
1851 1315 1914 1336 vo-

158 1366 291 1396 cantur
319 1361 530 1397 Collatimzes
553 1361 592 1396 in
617 1360 868 1407 Heoea'essmerooz,
895 1361 986 1396 item
1017 1361 1227 1397 Collatiowes
1252 1361 1292 1396 de
1316 1361 1434 1397 Donis
1465 1360 1625 1408 Spiritus
1650 1361 1687 1397 S.
1715 1366 1752 1396 et
1777 1361 1818 1397 de
1842 1361 1914 1396 De-

158 1433 223 1456 cem
240 1420 455 1467 Praeceptis,
471 1425 647 1455 constent
665 1420 763 1455 veris
780 1420 826 1454 de
844 1420 1024 1455 indicatis
1042 1421 1209 1455 materiis
1227 1420 1475 1467 sermonibus,
1495 1427 1532 1455 et
1550 1421 1704 1467 quidem
1724 1420 1772 1456 ab
1789 1421 1913 1456 aliena

159 1492 274 1515 manu
291 1480 501 1526 reportatis,
521 1479 663 1526 quibus
680 1479 802 1514 additi
820 1484 909 1514 sunt
926 1480 1039 1525 pauci
1064 1479 1130 1513 alii
1157 1492 1347 1514 sermones
1369 1479 1587 1525 theologici.
1606 1479 1731 1515 Etiam
1752 1481 1792 1514 in
1810 1485 1913 1515 tomo

158 1544 264 1574 sexto
289 1539 378 1573 illae
407 1538 618 1574 Collationes
641 1538 680 1573 in
704 1538 873 1574 Ioannem
904 1551 979 1573 non
1015 1543 1104 1573 sunt
1137 1539 1211 1573 nisi
1244 1539 1438 1573 schemata
1471 1539 1658 1585 quaedam
1684 1552 1911 1575 sermonum.

158 1599 214 1634 De
240 1598 395 1644 ratione,
423 1610 536 1644 quare
564 1610 641 1643 nos,
669 1597 886 1644 exemplum
913 1598 1220 1644 praecedentium
1248 1598 1459 1633 editionum
1477 1598 1607 1644 secuti,
1627 1598 1749 1633 dictos
1775 1611 1912 1633 sermo-

157 1670 225 1693 nes
250 1657 551 1704 separaverimus
576 1656 624 1691 ab
651 1657 729 1692 illis
755 1657 820 1703 qui
847 1657 893 1691 de
928 1657 1084 1703 speciali
1118 1657 1284 1691 themate
1318 1661 1492 1703 tracta-nt,
1520 1657 1647 1703 agitur
1671 1658 1709 1691 in
1739 1657 1913 1704 [11010ςο-

158 1718 280 1752 menis
305 1717 353 1751 ad
371 1715 548 1762 *praefata
574 1716 780 1751 volumina.

252 1775 378 1811 Huius
404 1775 494 1809 noni
521 1775 729 1810 voluminis
755 1787 956 1821 sermones»,
985 1775 1154 1821 exceptis
1180 1776 1323 1822 paucis,
1350 1775 1548 1822 hucusque
1566 1776 1701 1810 inediti
1728 1782 1765 1810 et
1790 1776 1913 1821 ignoti

159 1840 264 1871 erant
289 1847 504 1881 magnoque
531 1834 671 1869 laboris
696 1839 734 1868 et
760 1835 943 1881 temporis
969 1834 1168 1881 dispendio
1187 1847 1232 1869 ex
1251 1834 1427 1881 pluribus
1452 1835 1650 1870 codicibus
1674 1848 1696 1869 a
1721 1834 1831 1870 1101115
1857 1847 1913 1869 50-

158 1895 249 1930 lecti
275 1899 312 1928 et
337 1894 494 1929 correcti
529 1898 627 1928 sunt.
663 1893 816 1928 Nemini
851 1894 971 1940 igitur
1005 1893 1197 1928 videbitur
1230 1894 1379 1940 mirum,
1407 1906 1475 1929 nos
1501 1894 1578 1929 fere
1604 1899 1767 1941 quatuor
1795 1906 1913 1929 annos

158 1954 389 1999 insumsisse,
416 1958 459 1988 ut
484 1953 586 1988 hunc
612 1953 792 1988 ultimum
811 1953 1064 1999 genuinorum
1084 1953 1118 1989 S.
1137 1952 1427 1988 Bonaventurae
1444 1966 1601 2000 operum
1619 1959 1766 1988 tomum
1791 1952 1914 1988 absol-

159 2025 343 2048 veremus.
369 2011 519 2048 Laudes
546 2018 583 2047 et
608 2013 751 2058 gratiae
777 2013 854 2047 sint
879 2025 1027 2047 summo
1054 2013 1225 2047 omnium
1249 2012 1434 2047 bonorum
1452 2012 1652 2059 Lai-gitori,
1672 2013 1736 2059 qui
1754 2013 1913 2048 arduum

159 2073 261 2107 hunc
288 2073 365 2107 fere
391 2073 550 2118 triginta
575 2084 761 2107 annorum
787 2072 955 2106 laborem
983 2071 1147 2106 feliciter
1171 2072 1218 2106 ad
1250 2072 1366 2106 finem
1400 2072 1605 2118 perducere
1632 2072 1812 2118 dignatus
1838 2073 1911 2107 est!

254 2132 385 2167 Restat
409 2132 564 2178 quidem
591 2131 715 2166 adhuc
741 2131 887 2178 aliquid
915 2131 1071 2166 minoris
1097 2131 1278 2166 momenti
1306 2131 1536 2166 faciendum.
1563 2130 1660 2166 Nam
1687 2136 1834 2178 praeter
1858 2132 1914 2166 in-

160 2192 282 2227 dicem
310 2204 434 2226 rerum
460 2192 496 2226 in
525 2191 584 2225 his
611 2190 848 2226 sermonibus
866 2195 1140 2237 contentarum,
1161 2191 1408 2237 exponendus
1435 2196 1491 2226 est
1515 2196 1741 2237 conspectus
1760 2191 1914 2237 synthe-

159 2252 258 2286 ticus
284 2263 438 2297 operum
466 2251 583 2285 totius
609 2249 846 2285 collectionis
871 2263 959 2284 cum
986 2250 1126 2284 iudicio
1152 2250 1285 2285 critico
1317 2250 1363 2284 (10
1399 2250 1574 2296 pluribus
1599 2250 1777 2297 operibus
1803 2251 1914 2285 editis

160 2315 198 2345 et
223 2310 425 2357 praecipue
452 2309 497 2343 (10
525 2309 656 2344 multis
682 2310 962 2355 manuscriptis,
990 2309 1037 2343 de
1063 2309 1203 2356 quibus
1223 2309 1283 2344 vel
1301 2309 1407 2344 nulla
1427 2309 1485 2343 vel
1505 2310 1620 2344 nimis
1638 2309 1763 2344 brevis
1783 2310 1913 2344 critica

160 2370 198 2403 in
234 2368 549 2416 praecedentibus
580 2368 861 2415 prolegomenis
894 2369 996 2404 facta
1030 2374 1103 2415 est,
1138 2369 1294 2415 insuper
1328 2369 1517 2413 convenit,
1547 2370 1659 2403 etiam
1693 2369 1738 2403 de
1772 2369 1850 2403 vita
1877 2375 1914 2403 et

161 2428 313 2474 scriptis
338 2428 502 2462 auctoris
527 2427 637 2474 plura
662 2428 787 2463 adhuc
814 2428 852 2462 in
880 2428 1047 2463 medium
1074 2428 1251 2474 proferre.

255 2486 359 2521 Haec
386 2487 513 2521 omnia
538 2487 577 2521 in
603 2487 731 2533 alium,
760 2487 907 2522 scilicet
932 2488 1124 2522 decimum
1147 2493 1302 2533 tomum,
1322 2488 1405 2523 aliis
1427 2487 1688 2522 voluminibus
1707 2488 1827 2522 multo
1846 2488 1913 2521 mi-

161 2560 289 2582 norem
316 2546 524 2591 reiecimus,
551 2559 599 2580 ne
624 2546 687 2581 hic
714 2559 836 2581 nonus
861 2547 935 2581 iam
962 2548 1053 2581 satis
1079 2547 1230 2593 amplus
1255 2548 1369 2582 nimis
1396 2547 1494 2582 mole
1521 2552 1722 2581 excrescat.

257 2605 430 2651 Denique
457 2604 642 2639 benevolo
667 2605 797 2640 lectori
830 2606 1191 2641 communicandum
1218 2619 1297 2641 0550
1323 2619 1531 2652 censemus,
1559 2619 1581 2640 a
1606 2606 1781 2652 pluribus
1813 2606 1910 2647 viris,

162 2677 322 2712 quorum
350 2676 489 2709 magna
514 2668 571 2699 cst
596 2664 698 2710 apud
723 2676 792 2699 1105
829 2666 1044 2711 auctoritas,
1072 2665 1312 2700 observatum
1345 2678 1435 2712 esse,
1463 2666 1561 2700 inter
1594 2665 1777 2712 opuscula
1811 2670 1911 2699 certo

163 2724 290 2770 spuria
316 2728 353 2757 et
378 2736 399 2757 a
425 2722 535 2757 nobis
560 2735 636 2757 non
663 2729 814 2770 recepta
840 2724 1025 2759 nonnulla
1050 2725 1214 2759 inveniri
1240 2725 1415 2771 primitus
1433 2725 1583 2770 saepius
1610 2724 1720 2768 edita,
1747 2724 1911 2758 studiose
1938 2737 1940 2740 ·

162 2783 262 2817 lecta
287 2788 324 2817 et
351 2782 568 2829 frequenter
593 2782 718 2828 citata,
738 2795 833 2829 quae
860 2789 960 2818 certe
978 2784 1095 2828 digna
1113 2788 1247 2829 essent,
1267 2789 1310 2818 ut
1327 2796 1455 2818 eorum
1475 2784 1655 2818 memoria
1680 2796 1754 2817 non
1773 2787 1911 2829 pereat.

165 2841 401 2888 Quapropter
420 2841 457 2875 in
477 2841 603 2875 animo
626 2841 736 2876 nobis
753 2847 819 2888 est,
840 2847 882 2877 ut
899 2842 991 2877 haec
1009 2855 1030 2877 a
1049 2842 1158 2877 1101115
1177 2844 1299 2889 magis
1325 2844 1562 2888 corrigantur
1578 2847 1692 2888 atque
1710 2842 1912 2888 separatim

163 2906 200 2935 et
226 2901 264 2935 in
291 2900 413 2935 forma
438 2901 584 2945 minori,
612 2900 658 2934 ad
686 2913 794 2936 usum
822 2902 944 2947 magis
968 2902 1214 2937 accomodata
1238 2903 1374 2936 iterum
1401 2901 1656 2948 publicentur.
1691 2900 1795 2935 Inter
1820 2900 1911 2935 hacc

164 2960 346 3005 opuscula
372 2959 603 2994 nominanda
629 2965 718 2994 sunt
742 2961 960 3006 praesertim
982 2960 1154 2996 Stimulae
1171 2961 1312 3006 amoris,
1330 2962 1437 2996 0111115
1455 2965 1585 2994 auctor
1602 2960 1806 2994 maximam
1830 2972 1910 2993 sen-

163 3019 366 3053 tentiarum
392 3023 537 3065 partem
564 3019 699 3054 sumsit
725 3032 770 3053 ex
795 3020 878 3065 ipso
896 3019 1178 3065 Bonaventura;
1199 3020 1334 3054 deinde
1352 3019 1599 3054 Medv'fatr'owes
1616 3019 1656 3054 de
1673 3019 1743 3054 m'z‘a
1765 3016 1909 3063 Cla-issi,
