2243 3348
214 516 258 536 Alia
270 516 326 535 ratio.

244 2102 323 2120 Divisio.

197 2460 224 2479 De
237 2460 255 2479 t.
268 2464 325 2478 mem-

195 2483 230 2502 bro
239 2483 328 2507 quinque.

347 155 400 182 110

342 235 414 260 esset
435 231 533 268 figura,
556 231 743 260 universitatis
765 231 836 259 linea
857 233 972 259 curvata
986 233 1027 259 est
1049 230 1075 258 in
1097 230 1186 258 eircu-

342 278 417 311 lum;
440 278 547 315 primus
568 277 641 306 enim
663 277 823 314 simpliciter
842 277 925 310 Deus,
948 276 1063 305 ultimus
1084 276 1112 304 in
1126 284 1188 312 ope-

342 324 421 353 ribus
443 324 536 352 mundi
561 324 650 352 homo.
673 324 742 352 Cum
756 331 823 360 ergo
838 323 911 351 Deus
930 323 1018 351 factus
1039 325 1080 351 est
1095 323 1186 356 homo,

343 371 395 399 Dei
411 370 542 408 perfecta
562 374 632 398 sant
651 378 741 407 opera
755 371 774 397 ¹.
799 369 858 398 Ideo
873 369 931 405 ipse
945 369 1085 402 Christus,
1101 369 1187 397 Deus-

342 417 425 446 homo
446 419 561 445 vocatur
582 415 672 452 alplta
693 420 717 444 et
738 423 857 452 omega,
879 415 906 443 id
934 418 976 443 est
1003 414 1187 451 principiam

342 468 366 491 et
388 463 472 500 sinis,
495 466 521 491 et
543 462 611 495 ideo,
634 462 699 498 qnia
719 462 847 495 audistis,
869 461 943 498 quod
965 461 1027 489 finis
1048 461 1186 495 omnium,

343 510 434 543 homo,
455 509 557 538 dieitur
579 509 660 537 etiam
679 508 799 545 primas
820 511 845 536 et
865 508 1051 536 novissimas.
1080 525 1120 528 —
1142 508 1186 536 Est

343 556 423 585 etiam
440 556 533 592 aliquo
548 555 628 584 modo
643 555 795 591 intelligere
810 556 834 591 <⁸2
847 555 928 589 hane)
944 554 1139 591 perfectionem
1160 554 1187 582 in

343 602 462 630 naturali
474 601 652 638 dispositione
660 601 679 628 2.
693 601 727 629 Ut
741 601 909 630 nobilissima
919 601 1042 629 omnium
1057 601 1188 637 potentia-

342 656 405 677 rum
428 648 639 684 reeeptimrum,
655 655 726 684 quae
740 651 800 676 erat
815 648 842 676 in
859 648 980 676 humana
995 651 1095 676 natura
1110 648 1187 684 plan-

342 697 406 727 tata,
428 694 531 723 seilicet
552 694 692 722 unibilitas
713 701 777 722 eum
797 693 891 722 divina
912 694 939 722 in
962 693 1066 722 unitate
1094 701 1187 730 perso-

342 749 408 774 nae,
429 749 484 769 non
505 744 577 769 esset
597 740 700 774 otiosa,
728 744 769 770 est
797 741 824 769 in
856 743 947 769 actum
980 740 1110 774 reducta;
1139 748 1188 777 per

342 789 394 817 hoe
415 791 518 820 antem,
540 788 607 816 dum
630 788 655 816 in
677 791 769 816 aetum
794 788 946 821 reducitur,
968 787 1058 816 omnis
1079 790 1187 816 creatu-

342 843 389 864 rae
412 834 542 871 perfectio
563 834 717 867 ultimatur,
729 838 756 863 et
771 835 797 862 in
812 834 859 863 illo
876 842 930 863 nno
946 837 1001 863 tota
1023 835 1113 863 unitas
1128 843 1189 863 con-

342 885 514 914 summatum
547 881 629 909 Isaiae
660 880 863 909 duodecimo-³:
895 880 1015 909 cantate
1050 881 1187 915 Domino,

342 927 481 965 qnoniam
503 927 658 964 mafflzifiee
678 926 758 964 feeit,
781 927 871 964 quoad
900 927 1111 963 completionem
1133 927 1188 963 pri-

342 982 430 1008 mam;
452 974 567 1002 exsulta
588 978 612 1002 et
634 974 743 1008 laada,
765 973 906 1002 habitatio
924 974 1011 1007 Sion,
1033 974 1060 1002 id
1074 977 1115 1003 est
1137 974 1189 1002 hu-

342 1029 423 1049 mana
451 1024 567 1054 mitura,
589 1021 660 1059 qaia
681 1029 808 1058 magyaas
830 1021 861 1049 ia
883 1021 975 1049 medio
1004 1021 1049 1049 tui
1068 1024 1189 1049 sanetas

345 1067 446 1101 lsrael,
467 1068 557 1104 quoad
580 1068 728 1096 secundam
750 1075 816 1096 suae
838 1067 974 1104 potentiae
993 1067 1188 1104 receptionem.

342 1114 512 1150 Augustinus
527 1115 553 1142 4:
580 1125 593 1139 «
608 1114 763 1147 Carissime‚
786 1114 837 1142 ista
857 1114 976 1150 potentia
998 1117 1024 1142 te
1045 1114 1190 1143 confirmet

342 1161 369 1189 in
397 1160 505 1189 actibus
535 1161 576 1189 vel
599 1161 666 1194 fide,
695 1161 761 1197 quia
794 1160 954 1189 universum
987 1161 1121 1197 eomplet;
1145 1161 1189 1189 illa

343 1207 475 1243 sapientia
498 1210 523 1236 te
545 1210 731 1243 contemperet
754 1207 780 1235 in
802 1207 943 1240 moribus;
966 1207 1012 1235 illa
1026 1207 1190 1235 excellentia

342 1257 368 1282 te
384 1253 511 1281 humiliet
526 1253 553 1281 in
568 1253 720 1287 aflectibus,
734 1253 775 1281 vel
788 1253 882 1281 eadem
894 1254 931 1288 (2)
947 1256 973 1281 te
989 1256 1126 1282 restauret
1141 1261 1190 1289 per

342 1300 560 1328 misericordiam
582 1300 609 1328 in
632 1300 778 1336 praesenti,
801 1300 846 1328 illa
865 1300 1066 1336 magnificentia
1083 1303 1107 1328 te
1129 1308 1191 1328 cou-

343 1350 461 1375 summet
485 1346 510 1374 in
535 1346 663 1382 praemiis
685 1354 733 1382 per
755 1346 869 1382 gloriam
899 1346 926 1374 in
948 1346 1043 1374 futuro
1058 1358 1071 1370 υ
1097 1346 1189 1374 Amen.

513 1432 650 1460 Senatows
672 1439 876 1459 PRAECEDENTIS
897 1438 1014 1459 SCHEMA.

411 1514 488 1543 Item,
516 1522 595 1539 sermo
614 1514 701 1538 fratris
720 1514 910 1538 Bouaventurae
935 1513 1016 1538 editus
1035 1513 1147 1537 Parisius
1166 1513 1191 1537 iu

341 1556 411 1581 domo
430 1556 548 1581 Fratrum
568 1564 649 1581 eoram
676 1556 846 1581 Universitate
871 1556 896 1580 in
921 1556 958 1581 die
978 1555 1142 1585 Nativitatis,
1162 1555 1191 1580 de

341 1607 421 1624 mane.

428 1673 550 1702 Verbam
572 1682 642 1702 earo
657 1673 772 1710 saetam
787 1676 826 1701 est
847 1676 872 1701 et
893 1672 1036 1701 habitavit
1050 1673 1082 1701 in
1096 1672 1188 1706 nobis,

341 1720 448 1749 Ioannis
469 1720 559 1757 primo
574 1720 594 1748 ⁵.
1051 1745 1054 1748 .

421 1767 448 1795 ln
471 1767 522 1796 hoe
538 1767 614 1796 brevi
631 1767 716 1795 verbo
732 1775 781 1803 per
796 1770 922 1795 sanctum
937 1770 964 1796 et
980 1767 1190 1801 sanctificatum,

341 1814 527 1842 illuminatum
547 1817 575 1843 et
603 1814 804 1842 inflammatum
835 1814 960 1842 loannem
991 1813 1188 1850 Evangelistam

341 1860 508 1889 describitur
531 1860 609 1889 nobis
632 1860 698 1889 illud
720 1860 836 1889 caeleste
858 1860 1034 1896 mysterium,
1056 1868 1190 1889 arcanum

341 1910 368 1936 et
389 1907 549 1936 admirabile
577 1910 797 1941 sacramentum,
826 1907 894 1935 illud
915 1915 985 1943 opus
1014 1906 1189 1943 magnifieum

342 1958 368 1983 et
390 1954 553 1983 beneficium
576 1954 727 1988 infinitum,
750 1962 806 1990 quo
823 1954 894 1982 Deus
915 1957 1058 1987 aeternus,
1081 1956 1190 1982 nostrae

341 2009 370 2030 se
392 2001 539 2029 humilitati
563 2001 699 2037 prohmda
720 2001 833 2029 caritate
852 2001 1001 2032 inclinans,
1024 2001 1119 2029 limum
1143 2008 1190 2028 no-

342 2052 415 2077 strae
437 2048 613 2076 mortalitatis
634 2048 661 2075 in
684 2048 785 2076 unione
807 2055 873 2076 snae
895 2055 1029 2084 personae
1050 2047 1188 2076 assumsit.

342 2096 505 2131 Tanguntur
529 2103 595 2123 vero
617 2095 661 2123 hio
682 2098 812 2131 quatuor,
835 2095 937 2123 scilicet
957 2103 1085 2131 persona
1106 2102 1190 2122 assa-

341 2150 431 2175 men-5,
452 2146 566 2170 oza-tara
587 2146 732 2175 aasabim,
755 2141 821 2178 ipsa
843 2142 984 2169 ciss'amtio
1004 2141 1061 2169 sive
1083 2141 1190 2178 copula,

342 2191 368 2217 et
391 2188 484 2225 ipsias
505 2192 633 2216 initurae
666 2188 774 2216 divinae
796 2191 823 2216 et
844 2188 981 2216 humanae
1003 2187 1104 2215 unitae
1125 2196 1190 2215 eon-

343 2235 466 2263 oersatio
488 2235 560 2263 iuter
590 2235 715 2263 homines
743 2234 893 2263 benedicta.
925 2234 1045 2263 Primum
1072 2237 1133 2262 nota
1163 2234 1189 2262 in

341 2282 451 2310 nornine
480 2281 602 2310 Verbum
610 2292 620 2314 ,·
642 2281 794 2310 seeundum
817 2281 844 2309 in
866 2281 976 2310 nomine
997 2281 1116 2314 earnis;
1135 2284 1189 2310 ter-

342 2329 410 2357 tium
432 2329 459 2356 in
482 2328 591 2357 nomine
612 2328 769 2365 factioni&
792 2331 924 2365 quartum
957 2328 983 2356 in
1006 2328 1116 2357 nomine
1138 2327 1189 2356 lia-

342 2375 490 2403 bitationis
513 2376 543 2403 m
564 2375 655 2403 nobis.

420 2422 517 2450 Factus
538 2426 579 2451 est
600 2426 691 2451 auten]
715 2422 762 2450 Dei
791 2422 874 2450 Filius
903 2422 985 2450 homo
1007 2422 1032 2449 'm
1062 2425 1187 2450 nostrum

342 2471 485 2497 aeternum
508 2469 724 2502 commercium,
747 2471 778 2497 ut
799 2468 901 2497 scilicet
916 2472 1038 2496 nostram
1061 2472 1188 2496 naturam

998 152 1171 181 SERMONES
1192 152 1235 180 DE
1257 152 1420 181 TEMPORE.

1244 230 1416 263 nobilitaret;
1439 230 1465 258 in
1488 229 1577 266 figura
1592 230 1672 258 ouius
1694 230 1732 258 rei
1747 230 1848 258 dieitur
1862 230 1974 259 Genesis
1995 238 2089 259 secun-

1243 275 1278 304 do
1292 275 1319 303 ⁶:
1343 275 1402 304 Hoc
1416 284 1496 304 ntiae
1510 284 1541 303 os
1555 276 1589 303 (le
1603 275 1716 304 ossibus
1731 276 1810 310 meis,
1825 280 1850 304 et
1865 285 1935 304 earo
1949 276 1983 304 cle
2001 285 2090 305 earne

1245 330 1324 356 mea,
1346 322 1417 350 dixit
1431 322 1513 350 Adam
1529 330 1672 359 regressus
1686 323 1721 351 ab
1741 323 1838 351 extasi.
1861 340 1899 343 —
1921 323 1947 351 ln
1964 326 2089 352 nostrum

1244 372 1386 397 aeternum
1408 369 1623 403 (incantantum,
1646 372 1676 397 ut
1697 369 1799 398 seilicet
1817 372 1939 398 nostram
1961 373 2089 398 naturam

1244 415 1368 444 erudiret
1388 419 1415 444 et
1436 418 1544 443 cautam
1574 415 1608 444 ab
1634 415 1783 444 immundis
1812 416 1955 450 redderem
1977 416 2090 444 secundi

1246 462 1348 498 Regum
1369 461 1475 490 decimo
1497 470 1583 490 nono:
1607 462 1728 490 Fratres
1749 462 1805 490 mei
1819 471 1879 495 vos,
1901 470 1933 490 os
1953 471 2048 490 meam
2065 466 2091 491 et

1244 516 1315 536 earo
1335 517 1400 536 mea
1421 516 1479 536 vos.
1503 525 1540 528 —
1561 508 1588 536 ln
1618 511 1744 537 nostrum
1766 512 1910 537 aeternum
1929 508 2089 546 pabutum,

1246 557 1275 582 ut
1296 555 1399 583 scilieet
1421 558 1542 583 nostram
1565 557 1693 583 naturam
1710 555 1851 588 reficeret3
1873 555 1980 584 loannis
1995 558 2090 584 sexto:

1246 601 1323 630 Caro
1343 610 1408 630 mea
1429 610 1493 630 vere
1514 605 1554 629 est
1574 601 1665 635 cibas,
1686 605 1711 629 et
1726 602 1850 639 sanquis
1871 611 1953 631 meas
1972 611 2037 631 vere
2051 605 2091 631 est

1242 651 1336 685 potas.
1359 665 1397 668 —-
1419 648 1445 676 ln
1470 651 1594 676 nostrum
1616 651 1759 676 aeternum
1780 649 1965 685 praemium,
1987 653 2019 677 ut
2040 649 2091 677 sci-

1245 695 1307 724 licet
1329 697 1450 723 nostram
1473 698 1600 723 naturam
1616 695 1778 729 redimeret;
1802 695 1906 731 primae
1922 695 1992 724 Petri
2008 703 2091 732 quar—

1246 745 1272 770 to
1288 742 1314 769 ⁷:
1338 740 1453 770 Cla-isto
1476 741 1568 779 igitar
1589 750 1677 778 passo
1699 741 1730 769 in
1752 750 1855 775 earne,
1877 745 1903 770 et
1921 750 1971 770 vos
1992 742 2091 771 eadem

1245 788 1416 825 cogitatione
1436 788 1608 816 armamini.
1629 804 1666 808 —
1683 788 1709 815 ln
1731 791 1856 816 nostrum
1872 790 2017 817 aeternum
2030 796 2092 825 spe-

1245 834 1360 868 culam,
1384 837 1415 863 ut
1436 835 1539 863 scilieet
1559 837 1681 862 nostram
1698 837 1825 863 naturam
1847 834 2031 867 beatificaret;
2047 834 2092 863 lob

1245 881 1350 909 decimo
1371 889 1458 909 nono:
1483 881 1516 909 1η
1537 889 1626 909 earne
1647 889 1711 909 mea
1734 880 1831 909 uidebo
1855 881 1945 909 Deam
1966 889 2071 909 meam.

1576 975 1667 1002 Sanno
1689 974 1719 1002 111
1732 974 1751 1001 3.

1326 1067 1502 1104 annyelizo
1534 1068 1613 1096 vobis
1643 1068 1789 1105 yaztcliam
1818 1076 1982 1105 magnam,
2015 1068 2091 1106 qaod

1246 1115 1302 1143 erit
1322 1114 1402 1142 omni
1420 1115 1542 1151 populo,
1565 1115 1636 1152 qaia
1657 1118 1747 1142 natas
1768 1118 1809 1142 est
1829 1114 1909 1143 vobis
1924 1113 2007 1143 hodie
2028 1115 2092 1144 Sal-

1247 1164 1347 1194 vator,
1370 1161 1458 1189 Lucae
1479 1161 1600 1189 secundo
1612 1161 1631 1188 ⁹.

1326 1207 1447 1236 Verbum
1462 1207 1634 1243 propositum
1648 1210 1689 1236 est
1704 1207 1896 1236 inenarrabilis
1910 1207 2016 1244 gaudii3
2030 1215 2092 1244 per-

1248 1253 1327 1282 l'ectio
1341 1256 1433 1282 autem
1449 1254 1528 1282 istius
1549 1254 1640 1290 gaudii
1659 1254 1811 1283 attenditur
1825 1257 1961 1291 quantum
1977 1254 2009 1283 ad
2026 1254 2091 1288 tria;

1247 1303 1383 1336 quantum
1414 1300 1447 1328 ad
1478 1300 1570 1336 gaudii
1602 1301 1851 1338 iiiaynitzalinem,
1883 1309 1946 1330 eum
1974 1301 2091 1330 dicitur:

1249 1347 1426 1384 aniiyelizo
1449 1346 1526 1375 nobis
1552 1347 1698 1384 yaitsliitm
1720 1356 1881 1384 mayolum,-
1902 1351 2038 1385 quantum
2059 1348 2093 1377 ad

1247 1393 1338 1430 gaudii
1369 1393 1568 1427 latitudinem,
1591 1402 1654 1422 eum
1683 1394 1800 1422 dicitur:
1823 1395 1900 1432 qaod
1930 1395 1986 1423 erit
2014 1395 2094 1423 omni

1245 1440 1370 1477 βωμοῖο,-
1392 1444 1527 1477 quantum
1559 1441 1592 1468 ad
1623 1441 1714 1477 gaudii
1745 1440 1904 1478 perfectam
1932 1441 2092 1476 rationem,

1248 1487 1275 1515 in
1298 1487 1349 1515 hoe
1371 1487 1444 1524 quod
1465 1487 1583 1515 dicitur:
1606 1487 1677 1525 qaia
1698 1491 1787 1515 natas
1809 1493 1848 1516 est
1869 1490 1921 1516 ete.

1329 1534 1344 1561 l.
1367 1534 1506 1570 Quantum
1529 1533 1562 1562 ad
1584 1534 1705 1570 primum
1727 1534 1878 1562 notandum
1900 1538 1951 1568 est,
1973 1534 2047 1572 quod
2063 1534 2094 1563 il-

1249 1581 1295 1610 lud
1316 1581 1447 1618 gaudium
1475 1581 1556 1610 debet
1584 1589 1643 1610 esse
1663 1589 1806 1618 magnam
1828 1581 1855 1609 in
1880 1582 2010 1610 cordibus
2030 1581 2094 1610 fide-

1248 1628 1328 1661 lium,
1351 1628 1417 1664 qnia
1439 1627 1571 1656 hodierna
1585 1627 1629 1656 die
1649 1627 1702 1656 fuit
1723 1626 1861 1656 inchoata
1883 1627 2006 1662 laetitia,
2028 1628 2094 1665 quia

1250 1674 1328 1703 hodie
1350 1674 1508 1702 terminata
1530 1674 1667 1708 tristitia,
1690 1674 1755 1711 quia
1787 1674 1868 1703 hodie
1889 1678 2093 1703 consummata

1247 1714 1378 1755 iitstitia,
1401 1721 1466 1758 quia
1487 1721 1568 1749 hodie
1590 1724 1730 1749 renovata
1753 1721 1824 1750 inter
1847 1722 1933 1750 Deum
1956 1725 1983 1750 et
2004 1722 2093 1750 homi-

1247 1776 1310 1796 nem
1329 1768 1458 1805 pristina
1481 1768 1623 1796 amicitia.
1646 1768 1715 1797 Haeo
1736 1771 1857 1805 quatuor
1880 1772 2030 1797 sumuntur
2052 1776 2094 1797 se-

1247 1815 1369 1844 cundum
1392 1818 1528 1852 quatuor,
1550 1823 1621 1851 quae
1642 1814 1756 1844 deerant
1776 1815 1899 1844 humano
1920 1815 2014 1852 generi
2030 1818 2093 1845 ante

1247 1862 1394 1890 adventum
1417 1861 1473 1889 Filii
1493 1861 1549 1890 Dei.
1565 1862 1665 1890 Deerat
1685 1862 1757 1890 enim
1780 1862 1803 1890 ei
1826 1862 1936 1890 laetitia
1958 1864 2092 1899 quantum

1247 1908 1281 1937 ad
1301 1908 1444 1942 affectum,
1467 1907 1606 1937 hilaritas
1627 1911 1762 1945 quantum
1777 1908 1811 1937 ad
1826 1912 1984 1945 aspectum,
1999 1907 2093 1946 perfe-

1248 1955 1302 1983 ctio
1324 1954 1452 1983 iustitiae
1473 1958 1609 1991 quantum
1625 1955 1657 1983 ad
1673 1955 1818 1988 effectum,
1836 1955 2032 1983 reconciliatio
2052 1955 2093 1983 di-

1248 2001 1325 2029 vinae
1347 2001 1483 2029 amicitiae
1505 2005 1640 2038 quantum
1662 2002 1695 2030 ad
1717 2002 1887 2038 amplexum.

2109 1214 2185 1234 Divisio.

2151 1541 2195 1560 Pars
2205 1541 2221 1560 1.

2108 1633 2223 1654 subdivisio.»

1327 2048 1446 2076 Primum
1471 2048 1555 2084 igitur
1576 2048 1628 2076 fuit
1650 2048 1770 2076 Verbum
1787 2048 1959 2077 incarnatum
1975 2047 2092 2077 ineltoa-
2103 2054 2228 2077 Primmdoim

2107 2078 2173 2097 choata
2179 2077 2227 2097 laeu-

1248 2095 1340 2123 tivum
1362 2094 1504 2127 laetitiae,·
1526 2095 1654 2123 Ieremiae
1669 2095 1774 2123 decimo
1796 2095 1893 2131 quinto
1905 2096 1944 2123 l⁰:
1968 2096 2091 2124 Factam
2108 2101 2140 2120 tia-

1247 2145 1286 2170 est
1307 2140 1380 2170 mila·
1393 2141 1512 2169 verbam
1529 2145 1612 2170 taam
1628 2142 1658 2170 ia
1672 2142 1817 2179 ya'talittiiz
1833 2146 1856 2170 et
1872 2142 2010 2171 laetitiam
2027 2145 2091 2177 eto.;

1248 2188 1299 2216 hoo
1310 2192 1351 2216 est
1366 2188 1503 2221 Verbum,
1519 2188 1552 2217 de
1567 2197 1622 2225 quo
1639 2189 1744 2217 loannis
1760 2189 1864 2226 primo:
1887 2189 2010 2218 Verbum
2021 2198 2092 2218 caro

1246 2233 1359 2271 laetitia
1381 2238 1421 2263 ext
1442 2239 1509 2268 ete.;
1533 2235 1615 2264 Isaiae
1639 2236 1778 2272 trigesimo
1799 2237 1912 2272 quinto:
1938 2236 2091 2265 Gaudium

1247 2286 1271 2309 et
1294 2281 1433 2310 laetitiam
1455 2282 1630 2316 obtinebant,
1652 2287 1677 2310 et
1697 2281 1789 2320 fitqiet
1808 2283 1889 2311 dolor
1904 2288 1928 2311 et
1948 2284 2090 2320 neminis,-

1248 2328 1375 2357 leremiae
1398 2328 1538 2364 trigesimo
1555 2330 1659 2365 primo:
1678 2329 1851 2358 Convertam
1866 2330 1975 2358 laetam
1990 2339 2091 2359 eoram

1247 2374 1277 2402 in
1296 2374 1452 2410 octacliam.
1475 2375 1642 2403 Laetifieavit
1668 2383 1716 2404 uos
1741 2376 1864 2404 Salvator
1887 2379 1979 2405 noster
2002 2376 2090 2411 hodie,

1246 2421 1356 2458 quando
1379 2421 1502 2458 vagiebat
1524 2422 1550 2450 in
1573 2422 1732 2459 praesepio,
1755 2426 1786 2451 ut
1804 2431 1854 2451 sua
1870 2423 1979 2451 tristitia
2001 2423 2027 2451 in
2043 2431 2091 2452 no-

1246 2468 1288 2496 bis
1311 2468 1439 2496 laetitiam
1470 2469 1619 2497 inchoaret.
1649 2469 1805 2498 Bernardus
1822 2470 1863 2497 ¹1:
1893 2481 1906 2494 «
1921 2469 1943 2497 O
1965 2470 2091 2499 nativitas

406 2620 413 2632 ¹
432 2621 496 2642 Dent.
516 2621 552 2647 32,
571 2620 596 2647 i,
614 2623 743 2648 sequuntur
765 2622 836 2648 Apoc.
858 2621 875 2648 l,
894 2621 913 2641 8.
932 2623 954 2642 et
976 2621 1013 2647 22,
1037 2621 1068 2642 13.
1095 2633 1124 2636 --
1150 2621 1189 2643 Hic

341 2660 427 2688 aliquid
445 2660 559 2682 excidisse
577 2660 676 2687 videtur,
695 2662 750 2682 utet
767 2660 790 2681 in
802 2659 965 2688 sequentibus,
983 2660 1071 2682 meliori
1091 2666 1137 2689 quo
1150 2666 1189 2688 po-

342 2698 428 2720 tuimus
445 2699 516 2721 modo
534 2699 669 2721 sententiam
688 2698 864 2720 insinuavimus.

405 2736 414 2749 ²
432 2738 454 2759 ln
473 2740 533 2759 textu
552 2738 678 2765 incongrue
703 2736 799 2759 habetur
823 2736 1000 2765 incarnatione,
1024 2741 1045 2759 et
1062 2737 1119 2759 infra
1137 2741 1189 2759 ante

342 2778 400 2800 esset
416 2776 490 2799 otiosa
508 2777 670 2805 supplevimus
687 2782 742 2799 non.
991 2774 1000 2787 ⁸
1018 2777 1083 2799 Vers.
1101 2777 1122 2798 ὅ.
1140 2782 1187 2805 seq.

404 2815 414 2827 ⁴
432 2817 474 2838 lste
491 2816 555 2838 loeus
572 2817 654 2838 frustra
672 2816 790 2844 quaesitus
807 2818 848 2837 est.

405 2853 414 2866 ⁶
432 2855 496 2877 Vers.
519 2855 551 2876 lt.

404 2892 413 2905 θ
433 2894 495 2916 Vers.
515 2894 556 2922 33;
573 2897 702 2922 sequuntur
720 2895 743 2916 11.
760 2895 817 2922 Reg.
836 2894 872 2921 ta,
895 2894 927 2915 12.
946 2896 967 2916 et
985 2894 1045 2916 toan.
1064 2894 1085 2922 6,
1103 2893 1139 2915 56.

406 2931 413 2943 ⁷
431 2932 496 2955 Yers.
519 2934 541 2960 l,
560 2933 663 2961 sequitui·
682 2932 719 2955 lob
741 2933 774 2959 19,
793 2933 829 2955 26.

1310 2620 1318 2633 ³
1335 2621 1437 2643 llabctur
1456 2621 1476 2642 in
1493 2621 1547 2653 eod.
1564 2621 1693 2643 Florentino
1712 2621 1728 2643 U
1747 2622 1782 2643 sol.
1796 2621 1825 2643 77
1839 2627 1856 2642 r.
1874 2624 1896 2643 et
1912 2621 1934 2643 in
1953 2621 2059 2643 Trecensi
2072 2622 2090 2650 Q

1247 2660 1282 2682 t'ol.
1302 2660 1330 2682 99
1348 2666 1367 2682 r.
1384 2664 1406 2682 et
1423 2661 1491 2688 paulo
1509 2660 1614 2682 diffusius
1631 2661 1653 2682 iu
1671 2660 1723 2682 cod.
1741 2660 1867 2682 Tudertino
1886 2666 1907 2682 n.
1927 2660 1976 2682 140.
1988 2661 2025 2682 sol.
2039 2660 2090 2683 Ἰ153.

1246 2699 1275 2721 Ex
1294 2702 1359 2726 parte
1376 2699 1516 2721 conveniunt
1533 2699 1601 2721 codd.
1620 2698 1738 2721 Tudertini
1755 2705 1777 2720 n.
1791 2698 1828 2720 64.
1840 2699 1875 2720 l‘ol.
1895 2698 1970 2725 57‚n.
1992 2698 2040 2720 115.
2053 2699 2091 2721 sol.

1246 2738 1274 2759 36
1297 2744 1314 2759 r.
1332 2741 1354 2759 et
1372 2744 1392 2759 u.
1415 2738 1463 2759 tot.
1481 2738 1515 2759 sol.
1535 2738 1572 2759 36.
1589 2750 1619 2754 —
1637 2738 1733 2760 Schema
1758 2738 1828 2765 pariis
1849 2737 1916 2760 huius
1934 2737 2047 2760 sermonis
2063 2743 2090 2760 ex

1246 2778 1262 2798 A
1282 2777 1319 2798 l'ol.
1336 2776 1364 2798 61»
1383 2783 1401 2798 r.
1418 2777 1522 2804 sequitur
1540 2777 1605 2798 intra.
1876 2775 1886 2788 ⁰
1903 2777 1969 2798 Vers.
1992 2777 2025 2798 10.
2041 2782 2090 2805 seq.

1309 2814 1327 2827 ¹⁰
1346 2816 1410 2837 Vers.
1433 2816 1471 2842 16;
1489 2819 1617 2844 sequuntur
1635 2816 1695 2838 ioan.
1718 2817 1739 2842 Ι,
1762 2815 1800 2842 11;
1819 2816 1867 2837 lsai.
1891 2816 1928 2843 35,
1950 2816 1983 2838 10,
2008 2818 2030 2837 et
2047 2816 2088 2837 ler.

1245 2854 1285 2881 31,
1307 2854 1339 2875 13.

1308 2891 1326 2905 u
1345 2893 1418 2915 Serm.
1438 2894 1452 2915 l.
1471 2893 1492 2915 in
1513 2893 1595 2921 Vigilia
1618 2893 1708 2916 Nativit.
1727 2900 1747 2915 n.
1770 2894 1787 2915 1.
1805 2896 1827 2916 et
1848 2899 1917 2921 super
1936 2892 2022 2916 Missas
2044 2894 2087 2921 est,

1245 2932 1322 2954 homil.
1341 2933 1361 2953 2.
1380 2938 1400 2953 n.
1420 2932 1440 2954 9.
