2243 3348
204 559 285 578 Trinitas
298 560 326 577 est

211 582 324 606 principium

228 605 302 629 triplex.

200 978 248 996 Hinc
262 977 282 996 12
295 982 327 1000 ap·

199 1001 295 1025 propriata
305 1005 332 1019 se-

199 1007 282 1043 cundum
295 1026 331 1042 ter-

200 1048 273 1066 narium
288 1052 333 1070 qua-

209 1071 319 1095 druplicetu.

221 1210 321 1237 Termi-ius

231 1239 309 1258 primus.

227 1864 331 1883 Secundus.

251 2004 332 2023 Tertius.

245 2052 332 2075 Quartus.

210 2285 257 2304 Pars
269 2285 283 2303 1.
297 2285 334 2303 Ma-

227 2309 322 2327 nisestatio

215 2332 337 2355 quadruplex.

227 2378 330 2397 Duodecim

233 2402 326 2425 acceptio·

228 2429 261 2443 nes
274 2425 328 2443 caeli.

342 195 398 224 352

343 271 535 301 testimonium
551 271 622 299 dant
637 269 667 297 in
682 267 759 296 caelo
773 269 838 298 etc.;
857 263 987 297 secundo,
1002 265 1137 299 quantum
1153 260 1186 289 ad

343 318 506 348 testimonia
527 318 663 346 deorsum
684 312 849 351 firmantia,
872 319 920 347 per
941 317 1013 347 quae
1033 308 1188 336 manifesta-

342 370 389 395 tur
411 365 488 393 nobis
509 363 624 396 utiliter,
647 361 698 390 ibi:
722 361 757 388 Et
777 363 834 387 tres
864 361 949 390 sunt,
981 355 1032 393 qui
1063 354 1186 383 testimo-

342 413 426 441 nium
448 412 520 440 dant
540 410 571 438 in
592 414 672 437 terra
694 410 744 436 etc.
779 406 809 434 Et
840 412 888 441 per
911 403 1000 440 prima
1032 401 1187 431 testimonia

342 457 488 487 innotescit
508 455 586 484 nobis
608 458 737 490 tanquam
771 452 797 480 in
823 450 1017 488 speculatione
1040 447 1186 480 uei·itatis;

343 513 392 542 per
414 503 533 532 secunda
556 509 630 534 vero,
646 504 775 536 tanquam
792 498 818 526 in
834 496 1038 526 exercitatione
1060 494 1186 523 virtutis,

342 568 379 572 —
388 551 434 579 Est
444 553 536 578 autem
549 549 615 576 baec
623 546 743 575 Trinitas
754 545 833 573 beata
841 543 1007 581 principium
1019 542 1187 575 effectivum,

343 596 558 633 exemplativum
580 598 606 623 et
629 592 835 622 terminativum
858 590 981 620 omnium
996 590 1053 618 sive
1067 588 1187 625 comple-

343 645 441 677 tivum,
463 643 543 671 iuxta
564 641 630 669 illud
653 640 686 669 ad
708 640 845 668 Romanos
865 637 1049 667 undecimo1:
1066 636 1110 664 Εατ
1125 635 1188 672 ipso

343 694 367 720 et
387 699 439 727 per
460 690 555 726 ipsum
579 692 604 716 et
625 688 656 716 in
678 687 740 724 ipso
761 689 831 714 sunt
852 684 960 713 onznia.
978 684 1008 711 Et
1022 685 1063 711 cst
1077 689 1187 711 summe

342 746 446 770 iniunt,
468 739 495 765 et
516 735 576 764 ideo
596 734 735 763 infinitum
758 732 887 770 potentia,
909 731 975 768 quia
1000 730 1117 758 «omnis
1132 729 1188 757 vir-

342 789 388 814 tus
408 784 487 813 unita
508 783 569 820 plus
591 786 632 810 est
652 781 767 814 infinita,
790 779 942 808 secundum
959 777 1155 815 philosophum
1167 776 1187 810 2,

343 839 426 869 quam
451 830 540 858 virtus
555 828 735 865 multiplicata
750 838 780 861 ”3
796 830 824 855 et
838 833 945 855 summe
959 832 1071 858 verum,
1087 826 1114 852 et
1128 823 1188 852 ideo

344 878 528 907 clarissimum
551 876 698 913 sapientia;
721 882 828 903 summe
849 873 970 906 bonum,
992 876 1019 901 et
1040 871 1100 900 ideo
1115 878 1189 899 com—

344 925 526 963 pletissimum
559 923 705 955 finalitate,
734 921 799 958 quia
832 932 845 946 «
860 920 963 949 bonum
985 922 1012 947 et
1033 919 1096 947 finis
1117 917 1189 946 idem

345 975 410 1001 sunt
421 983 448 1005 »‚
463 974 495 999 ut
509 970 574 999 dicit
588 968 798 1005 Pliilosopliiis³.
810 984 849 987 —-
860 967 891 995 Et
905 965 1057 995 secundum
1074 965 1125 993 lioc
1141 965 1189 993 ha-

345 1019 446 1047 bentur
461 1017 604 1046 duodecim
626 1015 803 1052 appropriata
822 1018 951 1050 tanquam
967 1012 1111 1041 duodecim
1127 1012 1190 1040 fun-

346 1065 487 1097 damenta,
510 1071 594 1099 super
615 1070 686 1099 qnae
707 1061 839 1090 fundatur
861 1063 917 1089 tota
938 1059 1062 1088 caelestis
1084 1059 1191 1087 lerusa-

346 1111 415 1143 lem,
438 1113 469 1138 ut
490 1109 590 1138 dicitur
612 1108 786 1145 Apocalypsis
815 1107 945 1143 vigesimo
973 1106 1063 1143 primo
1074 1105 1095 1139 4,
1116 1104 1190 1142 quod

346 1157 442 1185 civitas
462 1156 508 1184 illa
531 1155 613 1183 babet
634 1154 785 1183 duodecim
813 1152 1008 1190 fundamenta
1036 1151 1188 1180 secundum

347 1202 556 1240 quadruplicem
580 1201 741 1230 ternarium.
764 1200 871 1228 Primus
892 1202 933 1227 est
954 1199 1061 1232 unitas,
1090 1206 1191 1234 aequa-

346 1249 408 1278 litas
429 1253 455 1277 et
476 1249 612 1277 connexio
634 1248 675 1276 vel
704 1246 864 1279 concordia3
894 1245 966 1274 unde
998 1245 1024 1273 in
1056 1245 1127 1273 libro
1157 1244 1190 1273 de

347 1296 456 1333 Regulis
478 1295 675 1332 tlieologicis⁵z
703 1306 715 1318 «
732 1294 758 1322 ln
781 1294 860 1321 Patre
882 1293 988 1326 unitas,
1010 1292 1037 1320 in
1060 1292 1125 1320 Filio
1146 1299 1191 1320 ae-

347 1344 480 1381 qualitas,
502 1343 528 1371 in
557 1343 660 1379 Spiritu
693 1344 787 1370 sancto
819 1340 931 1368 unitatis
962 1339 1191 1376 aequalitatisque

347 1389 511 1418 connexio»
536 1389 593 1417 sive
621 1387 775 1416 concordia.
799 1386 870 1414 Patri
899 1386 1063 1414 attribuitur
1083 1385 1190 1418 unitas,

346 1436 412 1473 quia
437 1448 450 1461 «
465 1436 554 1464 omnis
575 1434 765 1471 multiplicatio
786 1437 827 1462 est
847 1433 882 1462 ab
903 1433 1008 1461 unitate
1023 1444 1050 1466 n,
1066 1432 1137 1461 sicut
1151 1432 1192 1460 di-

347 1483 383 1511 cit
404 1482 609 1519 Augustinus⁶;
632 1482 670 1510 sic
692 1489 706 1509 a
729 1481 807 1509 Patre
828 1483 893 1509 sunt
914 1480 1014 1508 omnia.
1036 1479 1192 1516 Aequalitas

346 1529 509 1557 attribuitur
530 1529 611 1562 Filio,
626 1528 704 1565 quia,
720 1536 783 1556 cum
805 1527 901 1555 ordine
923 1529 1039 1555 naturae
1060 1526 1136 1562 prior
1158 1525 1193 1554 sit

346 1576 423 1613 origo
443 1576 499 1604 Filii
522 1584 537 1603 a
552 1575 630 1603 Patre
651 1582 734 1611 quam
758 1573 952 1611 productiones
972 1573 1054 1606 aliae,
1069 1576 1095 1601 et
1110 1572 1193 1601 Filius

347 1622 572 1662 producaturbde
595 1622 688 1653 Patre,
710 1620 848 1658 oportuit,
870 1620 944 1657 quod
972 1620 1114 1657 aequalem
1142 1619 1192 1648 sibi

346 1670 471 1706 gigneret
484 1669 597 1702 Filium;
624 1680 637 1694 α
653 1668 741 1697 omnis
761 1671 853 1696 autem
876 1667 1057 1704 inaequalitas
1073 1675 1127 1703 per
1149 1674 1194 1695 ae-

347 1717 507 1753 qualitatem
530 1715 743 1752 cognoscitur»,
766 1718 796 1743 ut
817 1714 882 1743 dicit
903 1714 1033 1743 Boethius
1061 1714 1131 1742 libro
1152 1721 1194 1742 se-

348 1764 438 1792 cundo
459 1762 652 1791 Aritbmeticae
664 1762 683 1790 ⁷.
707 1762 733 1790 ln
756 1762 860 1798 Spiritu
882 1769 948 1789 vero
967 1764 1061 1789 sancto
1075 1764 1116 1789 est
1131 1768 1193 1793 con-

348 1811 432 1840 nexio
453 1810 566 1839 unitatis
587 1813 614 1838 et
634 1809 824 1846 aequalitatis,
850 1808 915 1845 quia
941 1811 982 1837 est
1009 1816 1086 1836 amor
1108 1807 1195 1836 Patris

350 1861 376 1887 et
397 1857 470 1891 Filii,
499 1864 589 1885 nexus
621 1856 723 1885 scilicet
755 1856 909 1884 amborum.
933 1871 968 1876 —
991 1855 1134 1884 Secundus
1155 1857 1196 1883 est

350 1904 486 1941 potentia,
508 1903 642 1940 sapientia
663 1906 689 1931 et
710 1903 833 1937 bonitas3
855 1906 882 1931 et
904 1902 1024 1939 potentia
1046 1902 1131 1935 Patri,
1153 1909 1195 1930 sa-

350 1951 451 1988 pientia
471 1951 546 1984 Filio,
567 1950 675 1978 bonitas
696 1949 809 1986 Spiritui
832 1953 925 1978 sancto
939 1949 1142 1977 attribuuntur.
1158 1964 1197 1968 —

350 1998 460 2026 Tertius
481 2000 522 2026 est
543 1997 685 2030 maiestas,
708 1996 837 2025 sanctitas
858 1999 885 2024 et
913 1996 1041 2032 largitas;
1070 1995 1197 2023 maiestas

351 2045 432 2077 Patri,
449 2044 560 2080 largitas
574 2044 649 2077 Filio,
664 2043 793 2072 sanctitas
808 2043 921 2079 Spiritui
937 2045 1039 2071 sancto.
1056 2059 1093 2063 -
1108 2043 1196 2079 Quar-

351 2094 396 2119 tus
417 2094 458 2119 est
479 2091 639 2124 aeternitas,
661 2090 816 2118 formositas
838 2092 864 2118 et
885 2089 1057 2124 iucunditas;
1079 2089 1197 2118 aeterni-

351 2141 392 2166 tas
413 2137 501 2171 Patri,
523 2145 538 2165 a
560 2145 615 2174 quo
636 2137 740 2171 omnia,
763 2137 834 2165 sicut
854 2137 888 2165 ab
910 2136 1071 2165 aeternitate
1085 2136 1197 2165 descen-

351 2184 420 2213 dunt
441 2192 539 2213 aevum
561 2187 588 2212 et
609 2187 718 2220 tempus
739 2187 765 2212 et
787 2183 928 2212 aeviterna
949 2186 976 2212 et
997 2183 1165 2219 temporalia.

430 2232 447 2259 l.
470 2231 539 2259 Haec
560 2231 639 2259 beata
660 2230 779 2259 Trinitas
800 2238 829 2259 se
854 2230 1009 2259 manifestat
1036 2230 1198 2267 quadrupli-

352 2278 419 2307 citer
442 2278 469 2306 in
490 2278 565 2307 caelo
586 2277 739 2306 secundum
761 2277 883 2305 diversas
911 2276 985 2305 caeli
1011 2277 1197 2313 acceptiones,

352 2325 455 2354 scilicet
476 2325 547 2353 sicut
569 2325 596 2353 in
617 2324 746 2361 'uestiyim
769 2324 841 2353 sicut
862 2324 888 2352 in
911 2323 1054 2361 imagine,
1077 2323 1148 2352 sicut
1168 2323 1196 2351 in

352 2372 519 2409 signaculo,
542 2372 613 2400 sicut
635 2371 660 2399 in
674 2370 802 2408 propria
816 2370 916 2407 specie.
933 2370 964 2398 Et
978 2370 1131 2399 secundum
1146 2370 1198 2398 boc

353 2418 463 2446 caelant
492 2418 573 2446 babet
603 2417 747 2446 duodecim
780 2418 959 2454 acceptiones.
992 2416 1098 2445 Dicitur
1126 2416 1198 2444 enim

1004 183 1177 213 SERMONES
1198 182 1240 211 DE
1263 181 1426 210 TEMPORE.

1243 259 1349 288 caelum
1371 262 1485 286 natura
1506 257 1668 289 luminosa,
1691 259 1749 284 tota
1763 254 1926 284 mundialis
1939 254 2089 289 nmcltina,

1242 305 1381 343 formatis
1401 304 1590 341 speciositas:
1611 306 1639 331 et
1660 303 1686 331 in
1709 302 1752 331 bis
1774 302 1864 331 tribus
1886 302 1991 331 relucet
2013 302 2091 331 beata

1243 352 1362 381 Trinitas
1383 351 1455 379 sicut
1475 351 1502 379 in
1529 350 1657 387 vestiyio.
1680 365 1716 370 —
1740 349 1845 378 Dicitur
1874 349 1955 378 etiam
1984 349 2089 378 caelum

1245 399 1287 427 cis
1309 397 1515 435 copiioscitivcu
1536 405 1617 425 niens
1630 400 1790 433 praeventa
1802 396 1905 433 gratia
1919 399 1946 424 et
1960 396 2092 424 militans

1245 445 1390 477 Eectem‘m
1412 447 1438 473 et
1460 444 1487 472 in
1511 444 1553 472 liis
1574 443 1750 480 cognoscitur
1772 443 1843 472 sicut
1858 443 1884 471 in
1900 443 2037 480 iniayine.
2056 459 2090 462 —

1243 492 1350 520 Dic-itur
1372 491 1454 519 etiam
1476 491 1583 519 caeluni
1604 498 1695 518 sacra
1717 490 1892 527 Scriptura,
1921 488 2093 518 hierarchia
2242 521 2243 538 χ

1244 538 1395 576 angelica,
1417 536 1551 566 ltmnana
1572 540 1685 565 natura
1706 540 1841 565 assumta
1849 547 1858 570 ;
1880 540 1907 565 et
1928 537 1954 564 in
1983 537 2025 565 liis
2045 544 2092 573 ap·
2223 542 2243 578 ri]

1246 589 1323 622 paret
1345 585 1416 613 sicut
1445 585 1470 612 in
1498 584 1662 621 siynacuto.
1685 600 1722 604 -
1744 583 1850 612 Dicitur
1872 583 1953 612 etiam
1986 583 2091 612 caelum

1245 636 1364 661 aeterna
1380 632 1546 669 Sapientia,
1568 631 1723 668 originans
1738 631 1868 659 oninium
1884 639 1978 659 causa
1992 634 2019 659 et
2034 634 2093 658 tota
2241 650 2243 670 Ζ

1251 680 1383 708 Trinitas
1404 679 1488 716 ipsa;
1510 681 1536 707 et
1558 678 1584 706 in
1607 678 1651 707 bis
1671 680 1787 715 apparet
1817 678 1889 706 sicut
1920 678 1946 706 iu
1968 677 2094 715 propria
2239 681 2243 707 t

1243 727 1343 764 specie.
2215 710 2243 752 vl

1323 772 1471 801 Videamus
1493 772 1576 809 igitur
1598 772 1687 809 primo
1709 771 1742 800 de
1765 771 2016 808 repraesentatione
2031 771 2093 800 bea·
2105 775 2233 820 R5rrssesentffi

1246 823 1288 849 tae
1309 820 1451 848 Trinitatis
1473 819 1499 847 in
1528 820 1603 848 caelo
1637 822 1765 856 tanquam
1798 819 1825 847 in
1857 819 2007 856 vesttyz'oss.
2040 819 2094 847 Hoc
2111 801 2232 847 sssstripvffis

1246 867 1318 896 enini
1342 867 1372 895 lit
1401 866 1561 903 tripliciter:
1591 870 1618 895 et
1650 866 1739 903 primo
1770 866 1816 894 dat
1848 865 2034 894 testimonium
2067 865 2092 894 in
2238 857 2243 889 l

1246 914 1337 947 caelo,
1359 913 1511 942 secundum
1535 913 1609 950 quod
1631 916 1672 941 est
1692 917 1806 941 natuia
1830 913 1992 946 luminosa,
2014 913 2095 941 iuxta
2126 915 2217 959 ggissatflt
2239 906 2243 934 1

1246 961 1313 989 illud
1345 960 1457 989 Genesis
1488 960 1594 989 decimo
1626 960 1762 997 qutni00:
1786 960 1906 997 Suspice
1936 959 2049 988 eaelum
2070 943 2243 1003 eta‘imroprffi-ii

1246 1016 1372 1036 numera
1393 1007 1499 1041 stellas,
1521 1008 1549 1036 si
1566 1011 1654 1044 potes.
1671 1007 1736 1035 Vult
1754 1007 1896 1041 Dominus,
1912 1007 1986 1044 quod
2008 1007 2096 1036 tidelis

1247 1063 1315 1083 suus
1336 1055 1450 1091 aspiciat
1471 1054 1593 1088 caelum,
1617 1058 1647 1083 ut
1669 1054 1759 1083 videat
1789 1054 1816 1082 in
1839 1062 1871 1083 eo
1903 1054 2095 1092 refulgentiam

1247 1102 1396 1135 Creatoris‚
1419 1101 1522 1130 scilicet
1545 1102 1638 1130 beatae
1660 1101 1817 1135 Trinitatis,
1839 1105 1865 1130 ct
1887 1102 1939 1130 boc
1960 1105 2096 1138 quantum

1247 1149 1281 1177 ad
1302 1149 1364 1182 tria,
1386 1149 1489 1177 scilicet
1510 1149 1738 1182 consistentiam,
1759 1148 1944 1185 influentiam
1960 1152 1987 1177 et
2001 1148 2096 1187 effica—

1248 1196 1333 1225 ciam.
1356 1196 1537 1224 Consistentia
1559 1196 1629 1224 Patri
1652 1198 1809 1229 attestatur,
1831 1196 1976 1225 influentia
1989 1196 2055 1224 Filio
2069 1198 2097 1225 et

1248 1243 1369 1272 efficacia
1390 1243 1503 1279 Spiritui
1520 1246 1624 1276 sancto,
1639 1246 1666 1271 et
1682 1245 1773 1271 tamen
1789 1243 1816 1271 in
1831 1251 2003 1280 unoquoque
2017 1243 2097 1272 beata

1247 1290 1367 1318 Trinitas
1388 1290 1557 1327 designatur.
1581 1290 1646 1318 Nam
1670 1290 1697 1318 in
1719 1290 1906 1318 consistentia
1921 1293 1962 1318 est
1977 1290 2031 1318 tria
2051 1297 2095 1319 re-

1248 1337 1355 1374 perire,
1378 1337 1481 1366 scilicet
1502 1337 1735 1374 inaynituclinein
1757 1341 1892 1374 quantuni
1916 1337 1950 1365 ad
1973 1338 2097 1371 Patrem,

1245 1384 1475 1421 pulcritudinem
1498 1387 1634 1420 quantum
1656 1384 1690 1412 ad
1712 1384 1808 1412 Filium
1834 1387 1862 1413 et
1890 1384 1989 1421 copiae
2010 1383 2098 1422 diffu-

1248 1431 1356 1459 sionem
1379 1434 1514 1467 quantum
1537 1431 1569 1459 ad
1592 1430 1724 1467 Spiritum
1748 1434 1882 1459 sanctum.
1905 1431 1970 1460 Nam
1993 1431 2098 1468 magni-

1250 1478 1316 1506 tudo
1337 1478 1403 1506 caeli
1427 1477 1564 1514 potentiae
1586 1477 1673 1506 Patris
1694 1480 1856 1511 attestatum
1879 1478 2032 1514 Sapientiae
2052 1477 2099 1506 de-

1249 1525 1320 1553 cimo
1342 1525 1424 1553 tertio
1436 1524 1474 1553 ¹⁰:
1499 1525 1520 1552 A
1546 1524 1749 1562 nzaynitudine
1769 1525 1874 1561 speciei
1900 1529 1926 1553 et
1946 1529 2100 1553 creaturae

1250 1571 1480 1609 009=nosctbtttter
1499 1572 1604 1609 poterit
1628 1571 1750 1600 Creator
1778 1570 1884 1600 horum
1912 1571 2014 1600 videri.
2037 1572 2100 1600 Pul-

1251 1618 1360 1647 critudo
1381 1618 1441 1647 eius
1462 1620 1609 1647 attestatur
1641 1618 1789 1654 sapientiae
1817 1618 1890 1652 Filii;
1921 1618 2099 1647 EcclesiastIci

1251 1665 1462 1703 quadragesimo
1484 1665 1581 1694 tertio:
1605 1665 1777 1694 Allitudinis
1794 1664 2015 1701 firmamentum
2036 1665 2100 1702 pul-

1252 1713 1367 1741 critudo
1388 1712 1450 1740 eius
1472 1716 1528 1745 est,
1550 1713 1657 1749 species
1678 1712 1752 1741 caeti
1777 1712 1809 1741 in
1839 1712 1949 1741 visione
1978 1712 2099 1750 ctoriae.

1252 1760 1334 1796 Copia
1355 1759 1522 1793 diffusionis,
1544 1759 1658 1788 bonitati
1681 1759 1801 1796 Spiritus
1822 1759 1921 1793 sancti,
1937 1760 1984 1796 qui
2000 1759 2101 1788 diffun-

1252 1807 1291 1835 dit
1313 1806 1509 1835 abundantiam
1533 1807 1731 1835 charismatum
1762 1807 1924 1843 gratiarum.
1947 1823 1982 1828 —
2006 1807 2034 1836 In
2056 1807 2102 1836 in-

1252 1853 1375 1890 fluentia
1396 1857 1437 1881 est
1458 1853 1584 1882 similiter
1606 1853 1660 1881 tria
1681 1853 1865 1887 considerare,
1881 1853 1984 1882 scilicet
1998 1853 2100 1888 lucent,

1253 1909 1268 1929 a
1289 1909 1344 1938 qua
1359 1903 1400 1929 est
1414 1900 1561 1937 splendor,
1577 1903 1604 1929 et
1618 1900 1709 1934 calor,
1732 1900 1779 1937 qui
1803 1904 1844 1929 est
1864 1908 1912 1937 per
1927 1901 2100 1930 diffusionem

1253 1956 1269 1976 a
1289 1947 1435 1985 splendore
1456 1951 1483 1976 et
1505 1948 1581 1982 luce;
1603 1951 1630 1976 et
1651 1948 1689 1976 sic
1711 1948 1738 1976 in
1762 1948 1823 1976 luce
1845 1948 1933 1982 Pater,
1955 1948 1983 1976 in
2011 1948 2102 1985 splen—

1253 1994 1320 2023 dore
1341 1994 1424 2023 Filius
1445 2002 1461 2022 a
1483 1994 1562 2023 Patre
1583 1994 1693 2031 genitus
1713 1998 1740 2023 et
1762 1994 1787 2022 in
1804 1994 1895 2023 calore
1910 1995 2029 2031 Spiritus
2043 2002 2102 2024 san-

1254 2045 1315 2070 ctus
1336 2042 1370 2070 ab
1392 2042 1519 2078 utrisque
1541 2042 1692 2078 procedens
1713 2042 1946 2079 intelligitu1.—
1966 2042 1993 2070 ln
2008 2041 2102 2080 effica-
2119 2043 2231 2086 9ἱοῖξὸἑῆ-

1254 2089 1301 2117 cia
1322 2088 1448 2117 similiter
1470 2089 1497 2117 iu
1519 2091 1611 2117 terrae
1632 2089 1809 2117 nascentibus
1830 2092 1871 2118 est
1898 2089 1952 2117 tria
1980 2088 2102 2118 conside-

1254 2144 1331 2170 rare,
1353 2135 1455 2164 scilicet
1477 2139 1585 2169 ortum,
1600 2139 1778 2164 venustatem.
1794 2139 1821 2164 et
1834 2135 1966 2173 fructum
1975 2147 1986 2170 ;
2001 2139 2027 2164 et
2041 2135 2103 2173 qui-

1254 2183 1316 2211 dem
1339 2183 1413 2220 quod
1435 2183 1526 2211 oritur
1547 2183 1711 2212 attribuitur
1735 2184 1822 2217 Patri;
1838 2183 1912 2220 quod
1927 2185 2102 2218 venustatur,

1254 2230 1335 2263 Filio;
1358 2230 1431 2267 quod
1452 2230 1617 2263 fumificat,
1640 2230 1753 2267 Spiritui
1776 2233 1878 2259 sancto.

1334 2276 1459 2305 Secundo
1470 2276 1516 2305 dat
1528 2277 1717 2306 testimonium
1729 2277 1756 2305 in
1768 2278 1852 2312 caelo,
1865 2277 2017 2306 secundum
2029 2277 2104 2314 quod
2120 2277 2236 2329 {ffiffidffl

1256 2323 1362 2352 caelum
1380 2322 1482 2351 dicitur
1498 2326 1557 2351 tota
1571 2323 1734 2352 mundialis
1748 2323 1904 2355 machina,
1920 2326 1951 2352 ut
1972 2323 2104 2352 Ecclesia·
2115 2325 2235 2350 appropriata

1256 2370 1315 2398 stici
1332 2370 1463 2407 vigesimo
1478 2373 1578 2407 quarto
1594 2372 1632 2398 11:
1658 2371 1774 2409 Gyruni
1795 2371 1868 2400 caeti
1889 2371 2014 2400 circuivi
2030 2371 2102 2399 sota.

1256 2416 1310 2444 Hoc
1326 2424 1377 2444 non
1394 2416 1504 2450 dicitur,
1526 2417 1592 2453 quia
1606 2417 1694 2446 solum
1711 2418 1849 2446 contineat
1870 2418 2014 2446 caelestem
2029 2417 2103 2446 illam

2133 1292 2208 1315 lterum,

2114 1315 2176 1340 quoad
2187 1321 2227 1335 cou-

2116 1339 2225 1359 sistentiam.

2140 1808 2188 1828 uoad
2200 1808 2225 1827 in·
2242 1802 2243 1806 ¹

2137 1832 2224 1852 ucutiam.

418 2587 424 2600 ¹
444 2587 509 2609 Vers.
527 2587 564 2608 36.

417 2625 425 2638 ²
443 2626 533 2648 Scilicet
549 2628 666 2648 auctorem
684 2625 734 2648 libri
753 2626 782 2648 tle
799 2626 889 2655 causis,
907 2632 1001 2654 propos.
1020 2627 1056 2648 ie.

417 2664 425 2677 ³
443 2665 505 2688 Libr.
522 2666 536 2687 l.
554 2666 646 2687 Rlietor.
665 2672 685 2687 c.
702 2664 729 2688 de
746 2666 810 2688 Bono
827 2667 849 2688 et
860 2665 914 2688 mitt
929 2666 958 2694 (c.
971 2666 1011 2693 6.),
1028 2666 1043 2687 l.
1060 2665 1130 2687 Etliic.
1146 2671 1165 2687 c.
1180 2666 1199 2687 l.

354 2707 375 2726 et
394 2704 420 2726 V.
437 2705 534 2732 Metapli.
552 2706 604 2727 text.
622 2705 644 2727 3.
661 2704 706 2731 (tV.
724 2710 743 2727 c.
762 2704 802 2733 2.).

416 2743 425 2755 4
443 2744 508 2766 Vers.
530 2743 562 2765 14.
581 2743 624 2766 Csr.
644 2744 736 2770 Bonam,
755 2744 768 2765 Ι.
786 2744 846 2765 Sciit.
864 2744 886 2766 d.
905 2744 940 2765 31.
954 2750 974 2765 a.
992 2745 1014 2766 2,
1031 2750 1053 2772 q.
1069 2744 1090 2766 3.
1107 2746 1129 2765 et
1144 2746 1199 2766 tom.

354 2783 381 2805 V.
400 2782 477 2805 Collat.
496 2783 517 2805 in
535 2782 641 2805 Hexa‘e'm.
659 2783 731 2805 collat.
754 2783 775 2804 9.
798 2789 820 2804 n.
839 2783 858 2804 S.
881 2795 912 2799 —
935 2783 967 2804 De
989 2783 1093 2810 plurimis
1115 2789 1199 2810 appro-

354 2821 513 2850 priadonibus,
525 2821 611 2850 quibus
622 2821 725 2844 abundat
737 2822 773 2844 bic
784 2828 869 2849 sermo,
880 2822 921 2844 csr.
933 2822 1028 2847 Bonav.v
1040 2823 1054 2843 l.
1068 2822 1130 2844 Sent.
1142 2822 1164 2844 d.
1178 2822 1198 2844 3.

355 2867 378 2888 p.
396 2861 418 2883 lt.
436 2861 492 2883 dub.
511 2862 530 2883 3.
549 2863 571 2883 ct
588 2860 713 2888 praecipue
729 2863 785 2883 tom.
802 2860 829 2883 V.
848 2860 926 2883 Collat.
949 2860 972 2882 in
995 2860 1102 2883 Hexaem.
1124 2860 1199 2883 collat.

355 2901 392 2922 21.
410 2906 432 2927 p.
451 2901 466 2926 l,
483 2900 522 2922 ubi
541 2900 554 2921 9
572 2900 778 2928 appropriationes.

418 2938 427 2951 ὖ
445 2939 534 2961 Scilicet
555 2939 619 2961 Alani
641 2939 669 2961 de
692 2939 782 2966 insulis,
804 2945 853 2967 reg.
878 2939 897 2961 t..

356 2978 432 3000 Doctr.
449 2978 527 3000 christ.
544 2984 564 3000 c.
582 2978 603 3000 5Δ
621 2984 642 3000 n.
660 2978 681 3000 5.

921 2942 942 2961 et
960 2943 993 2961 est
1012 2940 1117 2967 August„
1138 2939 1152 2961 l.
1170 2939 1198 2961 de

1320 2586 1329 2599 ⁶
1346 2586 1391 2609 Csr.
1409 2587 1460 2609 libr.
1478 2588 1568 2615 impert.
1587 2587 1615 2609 de
1636 2588 1692 2610 Gen.
1715 2587 1744 2609 ad
1767 2587 1807 2609 litt.
1830 2593 1850 2609 c.
1875 2587 1911 2609 iO.
1934 2593 1956 2609 n.
1978 2587 2020 2609 32:
2040 2587 2104 2610 «Vis

1258 2626 1307 2653 ipsa
1325 2627 1411 2648 formae
1429 2626 1606 2648 commendatur
1622 2627 1717 2649 nomine
1734 2626 1832 2649 unitatis.
1850 2627 1899 2649 Hoc
1916 2629 1949 2649 est
1966 2626 2027 2649 enim
2049 2632 2104 2649 vere

1257 2665 1349 2686 [ormari
1372 2665 1484 2687 inunum
1507 2665 1595 2694 aliquid
1618 2665 1706 2693 redigi;
1727 2665 1838 2694 quoniam
1860 2671 1952 2688 summe
1975 2672 2046 2688 unum
2070 2668 2104 2688 est

1256 2704 1332 2726 omnis
1350 2705 1436 2726 formae
1448 2704 1589 2732 principium
1601 2712 1611 2725 »
1623 2713 1628 2731 3
1641 2704 1726 2726 Alanus
1743 2703 1772 2726 ab
1785 2704 1875 2733 insulis,
1894 2704 1923 2726 de
1940 2704 2020 2732 Regul.
2041 2705 2105 2726 tlieo-

1256 2743 1301 2770 log.
1319 2749 1368 2771 reg.
1389 2744 1411 2765 t:
1433 2744 1534 2766 «Uuitas
1555 2750 1567 2765 a
1586 2744 1658 2766 multo
1681 2744 1811 2770 deseendit3
1835 2744 1911 2766 omnis
1935 2744 2052 2771 pluralitas
2074 2743 2103 2765 ab

1257 2782 1341 2804 unitate
1358 2782 1438 2805 defluit
1449 2790 1474 2811 »3
1494 2786 1515 2805 et
1532 2783 1619 2810 Boctb„
1637 2784 1651 2804 l.
1670 2783 1838 2810 Aritbmeiicae,
1856 2789 1875 2805 c.
1893 2782 1916 2805 7.

1319 2820 1327 2833 ⁷
1345 2821 1401 2849 Cap.
1422 2823 1439 2843 l.

1318 2858 1326 2872 ⁸
1345 2861 1377 2882 De
1400 2861 1503 2888 vestigiis
1521 2861 1560 2883 Dei
1583 2862 1605 2883 in
1629 2862 1739 2884 creaturis
1760 2862 1801 2884 cfr.

1255 2905 1278 2926 p.
1296 2899 1310 2921 l.
1328 2906 1351 2928 q.
1369 2900 1390 2921 ἒ.
1408 2900 1429 2921 in
1446 2900 1499 2922 fine..

1318 2938 1338 2950 ¹⁰
1356 2939 1421 2961 Vers.
1439 2939 1465 2965 5;
1483 2940 1587 2968 sequitur
1605 2940 1672 2962 Eccli.
1690 2940 1727 2968 43,
1745 2941 1765 2962 «t.

1318 2977 1336 2990 ¹¹
1355 2978 1420 3000 Vei-s.
1438 2980 1460 3001 8.

1819 2862 1913 2890 Bouav.y
1931 2862 1946 2883 l.
1964 2862 2025 2883 Seni.
2041 2861 2064 2884 d.
2082 2862 2104 2883 3.

1973 2898 1982 2912 ‘³
2000 2901 2065 2923 Vers.
2082 2900 2103 2922 5.
