2243 3348
8 703 9 706 ¹
37 693 116 715 Tertium.

852 143 913 171 ARS
935 143 1165 174 CONClONANDl.

136 228 221 247 omncs
235 221 369 251 principes
387 220 549 245 sacerdotum
568 221 592 245 et
604 220 703 245 scribas
711 220 817 251 populi,
836 220 983 245 sciscitaba-

136 265 179 289 tur
197 263 228 288 ab
246 263 296 294 cis,
316 263 361 288 ubi
382 262 503 288 C'lzristus
520 264 676 287 nasceretur.
696 262 825 291 Quaerunt
847 270 906 293 ergo
926 263 983 287 scri·

136 306 207 338 ptum
226 306 410 331 testimonium:
424 306 469 330 ubi
488 305 545 330 est?
569 305 676 330 narrant
701 305 790 336 partus
815 305 981 336 privilegium,

136 349 228 375 scilicet
246 349 275 373 de
299 349 416 380 Virgine:
437 349 482 380 qui
499 349 578 373 natus
596 349 647 378 cst,·
666 348 838 373 commendant
857 348 882 372 in
901 355 928 373 eo
948 348 982 372 di-

134 392 239 424 gnitatis
258 391 400 423 fastigium:
426 391 482 416 Rex
501 390 668 415 Iudaeorum.
688 390 816 420 Quaerunt
838 390 981 421 Scripturae

134 434 278 460 veritatem:
291 434 336 459 ubi
354 434 410 458 est?
428 434 535 458 narrant
554 433 643 464 partus
660 433 811 458 novitatem:
840 433 885 464 qui
903 434 981 458 natus

134 479 186 508 cst,·
210 477 235 502 et
259 476 431 502 commendant
455 477 480 501 in
500 483 526 501 eo
551 476 644 507 regiam
668 476 832 507 dignitatem:
853 476 909 501 Rex
934 476 982 500 Iu-

135 521 263 546 daeorum.
277 534 311 538 —
323 520 369 544 Vel
388 520 502 544 innuitur
520 518 635 544 studium
650 519 756 550 diligens
768 519 922 550 requirendi:
936 519 981 543 ubi

133 564 189 589 est?
208 563 361 588 desiderium
380 562 512 587 vehemens
536 562 690 587 inveniendi:
711 563 756 593 qai
782 563 861 587 natus
885 563 936 592 est;
955 562 980 587 et

134 605 239 636 affectus
258 606 348 630 ardens
367 605 507 630 reverendi:
528 605 584 630 Rex
602 605 771 630 Iudaeorum.

203 649 246 673 27.
264 648 343 678 Item,
362 648 425 673 illud
442 648 522 673 Lucae
541 648 633 673 decimo
652 648 742 679 quarto
756 646 778 672 ¹:
805 648 865 673 Iam
879 649 979 679 parata

132 692 193 717 swnt
211 691 306 716 omnia.
325 691 356 716 In
376 690 450 716 verbo
470 691 517 715 isto
537 690 658 715 Dominus
677 690 758 715 reddit
776 698 821 715 nos
839 691 979 720 benevolos,

132 734 161 760 ut
179 741 338 765 procuremus
358 733 453 758 intrare
471 733 502 758 ad
521 734 647 763 convivia;
667 741 730 765 quae
743 734 925 758 consueverunt
944 741 979 758 re-

133 778 232 803 trahere
250 776 405 806 invitatos23
425 777 608 802 consueverunt
626 777 690 801 enim
710 777 821 801 excusari
840 777 865 801 et
883 776 979 801 retrahi

132 827 177 852 pro
196 820 317 850 temporis
335 820 470 849 distantia,
489 819 626 844 invitantis
644 819 803 850 neyliyentia
816 819 841 844 et
853 818 979 850 sufficien-

133 864 183 889 tiae
200 863 297 894 inopia.
317 862 350 887 Et
368 862 433 892 ideo,
447 870 477 887 ne
491 862 650 887 retrahamur
669 869 697 886 ex
710 862 831 886 distantia
850 862 978 893 temporIs,

133 906 241 932 ostendit
259 906 379 937 temporis
398 905 626 936 opportunitatem,
647 905 693 929 ibi:
713 905 790 935 Iam,·
808 912 836 930 ex
853 906 978 937 negligen-

133 949 168 975 tia
180 949 327 978 invitantis,
347 949 431 973 subdit
449 948 588 979 apparatus
600 948 798 977 studiositatem,
818 948 865 972 ibi:
878 949 978 979 parata

132 993 207 1022 sunt,·
226 992 250 1016 et
268 999 299 1016 110
317 992 424 1016 ulterius
443 998 472 1015 ex
491 990 653 1015 sufficientiae
678 991 775 1021 inopia,
800 991 884 1015 innuit
909 990 979 1015 suffi-

132 1034 235 1060 cientiae
248 1034 415 1063 totalitatem,
429 1033 476 1058 ibi:
496 1034 592 1058 omnia.
605 1033 639 1057 Et
660 1040 685 1057 re
704 1041 763 1058 vera
776 1033 836 1058 haec
856 1033 915 1058 sunt
933 1034 978 1058 illa

132 1085 193 1110 quae
206 1077 340 1109 exiguntur
353 1077 422 1101 velut
435 1077 582 1102 neccssaria.
593 1091 627 1094 —
640 1076 714 1101 Dicas
727 1084 793 1108 ergo,
808 1077 872 1101 sicut
885 1076 977 1101 dictum

132 1122 183 1147 est:
203 1121 268 1146 Hinc
286 1120 423 1145 invitamur
441 1127 456 1144 a
475 1120 579 1144 Domino
599 1127 628 1144 ex
644 1120 765 1150 temporis
784 1120 978 1151 opportunitate

132 1164 157 1190 et
175 1164 345 1196 congruentia.
364 1163 430 1188 Nam
459 1163 672 1194 opportunitatem
698 1164 817 1194 temporis
842 1163 978 1194 praeterire

132 1208 170 1234 est
187 1207 369 1239 negligentiae,
389 1207 526 1238 anticipare
545 1214 603 1232 vero
626 1206 819 1237 praesumtionis
838 1207 876 1231 est
895 1207 920 1231 et
938 1214 979 1231 au-

132 1251 229 1280 daciam
253 1250 317 1275 sicut
341 1250 461 1274 habemns
480 1251 574 1281 primae
599 1250 630 1274 ad
650 1249 791 1275 Corinthios
813 1250 940 1274 undecimo
955 1249 977 1274 ³:

131 1294 192 1319 Iam
209 1301 260 1318 non
279 1294 316 1318 est
334 1293 490 1318 dominicam
515 1300 620 1317 coenam
644 1292 803 1317 manducare
810 1301 819 1323 ,·
842 1293 978 1324 unnsquis-

132 1344 180 1368 que
197 1337 263 1361 enim
281 1343 356 1361 suam
375 1342 478 1360 coenam
494 1336 642 1366 praesumit
660 1336 695 1360 ad
711 1335 937 1366 manducandum,·
956 1337 980 1361 et

132 1380 201 1405 alius
220 1378 321 1410 quidem
340 1379 433 1409 esurit,
453 1378 522 1403 alias
541 1380 625 1403 (itatem
644 1379 728 1404 ebrius
747 1380 791 1404 est.
810 1379 844 1403 Et
862 1379 915 1404 ideo
934 1380 979 1404 ele-

132 1423 222 1455 ganter
234 1424 260 1447 111
279 1423 408 1454 Scriptura
422 1423 570 1453 proponitur
583 1423 703 1453 temporis
722 1423 908 1454 opportunitas.
921 1423 980 1448 Pro-

133 1465 234 1498 ponitur
253 1465 336 1490 autem
362 1465 548 1496 multipliciter,
569 1466 626 1496 quia
651 1472 700 1490 non
724 1466 803 1490 solum
830 1466 979 1497 proponitur

129 1509 234 1541 qustui,
247 1508 276 1533 ut
289 1508 328 1533 hic
341 1508 366 1533 et
379 1508 459 1533 Lucae
472 1508 560 1533 ultimo
572 1508 594 1532 ⁴¹:
611 1508 693 1533 lisano
705 1509 845 1540 nobiscum,
860 1509 978 1541 Domine,

132 1552 256 1583 quoniam
269 1551 465 1583 advesperascit,
478 1552 501 1575 et
515 1551 639 1576 inclinata
651 1552 688 1576 est
701 1552 753 1576 iam
767 1552 835 1581 clies‚·
848 1551 890 1576 sed
904 1552 979 1576 etiam

131 1594 272 1619 intellectui
295 1594 320 1619 et
339 1593 443 1624 affectui
462 1594 486 1618 et
505 1594 612 1624 effectui.
632 1594 778 1619 Intellectai
796 1595 828 1619 ad
852 1595 979 1620 illumina-

132 1637 223 1662 tionem
251 1644 279 1662 ex
307 1637 401 1662 Ioanne
415 1636 437 1661 ⁵:
458 1637 518 1661 Iam
545 1644 598 1661 non
620 1637 704 1661 dicam
726 1644 770 1662 ros
793 1645 890 1667 servos,
917 1638 979 1669 quia

131 1687 218 1705 servus
236 1680 327 1711 nescit,
347 1680 411 1711 quid
428 1679 511 1710 faciat
528 1680 657 1705 Dominus
675 1680 745 1710 eius,·
763 1688 805 1705 vos
824 1681 909 1705 autem
925 1681 980 1705 dixi

132 1724 243 1753 amicos;
262 1724 324 1754 quia
343 1723 443 1753 omnia,
464 1730 636 1754 quaecumque
655 1723 745 1748 audivi
770 1731 786 1748 a
805 1724 887 1748 Patre
911 1731 978 1755 meo,

131 1767 194 1791 nota
206 1765 255 1796 feci
267 1766 346 1791 vobis.
357 1765 471 1796 Affectui
484 1766 516 1791 ad
529 1766 758 1796 inflammationem,
770 1774 798 1791 ex
812 1767 894 1792 eodem
908 1767 979 1792 Ioan-

131 1817 162 1834 ne
175 1808 198 1833 ⁶:
219 1809 280 1834 Iam
298 1816 342 1834 vos
360 1809 452 1834 mundi
470 1810 531 1834 estis
547 1811 654 1840 propter
672 1816 825 1840 sermonem,
846 1817 919 1841 quem
945 1810 979 1835 lo-

131 1854 205 1878 cutus
217 1860 275 1878 sum
286 1853 364 1878 vobis.
377 1853 483 1877 Mancte
496 1853 525 1877 in
538 1852 670 1877 dilectione
688 1860 745 1877 mea
753 1862 761 1883 ,·
780 1853 805 1878 et
824 1853 941 1878 Psalmus
955 1852 977 1878 ⁷:

131 1896 250 1928 Iynitum
270 1895 401 1926 eloquium
421 1896 493 1920 tuum
511 1896 674 1927 veliementer,
692 1897 716 1920 et
734 1903 821 1921 servus
842 1898 901 1922 tuus
920 1897 979 1922 dile-

131 1938 170 1964 xit
188 1938 264 1963 illud.
284 1938 329 1963 Sed
348 1938 447 1968 effectui
470 1938 500 1963 ad
524 1938 739 1964 exercitationem:
763 1939 840 1963 Hora
865 1941 902 1964 cst
926 1940 979 1964 iam

131 1988 179 2006 nos
197 1981 226 2006 de
244 1988 332 2006 somno
350 1987 455 2013 suryerc
469 1980 487 2005 Β.
506 1981 545 2006 Sic
564 1989 636 2012 ergo,
657 1989 686 2006 110
706 1989 850 2007 excusemur
873 1990 901 2007 ex
920 1982 979 2007 tem-

132 2024 199 2055 poris
218 2023 346 2053 distantia,
367 2024 469 2055 ponitur
488 2025 540 2049 eius
559 2025 682 2049 instantia
700 2025 725 2050 et
751 2025 927 2056 opportunitas
946 2026 980 2051 di-

132 2067 220 2092 cendo:
232 2067 301 2092 Iam.
314 2081 349 2084 —-
363 2067 409 2092 Sed
422 2075 452 2092 ne
466 2067 538 2092 etiam
554 2067 583 2092 de
602 2068 735 2092 invitantis
748 2068 913 2099 negligentia,
926 2068 979 2094 ideo

132 2110 246 2135 subditur
274 2111 452 2142 consequenter
470 2111 623 2135 studiositas
644 2112 804 2143 appar-mus,
828 2119 882 2136 cum
905 2112 978 2137 dicit:

129 2154 228 2184 parata
246 2154 313 2178 sunt.
335 2153 388 2178 Iste
401 2153 485 2178 autem
498 2153 637 2184 apparatus
650 2154 688 2178 cst
706 2154 870 2179 dulcissimus
881 2155 979 2186 yustui,

131 2196 158 2220 in
176 2196 297 2227 quantum
318 2196 357 2220 est
381 2197 406 2220 in
430 2196 538 2221 dulcoris
561 2188 721 2226 alimentum3
745 2197 886 2228 Sapientiae
911 2198 979 2223 sexto

133 2239 224 2264 decimo
238 2238 261 2263 ⁹:
282 2240 414 2264 Paratum
429 2247 525 2270 panem
544 2240 574 2265 dc
592 2240 661 2265 caelo
675 2241 832 2271 praestitisti
851 2241 906 2266 illis
925 2242 980 2267 sine

134 2281 236 2313 labore,
256 2289 329 2307 omne
342 2282 549 2307 delectamentum
570 2283 596 2307 in
615 2290 639 2308 se
659 2283 791 2308 habentem
804 2285 828 2308 et
846 2285 929 2309 omnis
941 2292 980 2309 sa-

129 2326 204 2356 poris
222 2326 375 2350 suavitatem
385 2334 393 2355 ;
411 2326 436 2350 et
454 2326 479 2350 in
499 2326 599 2351 Psalmo
613 2325 646 2351 ¹⁰:
667 2327 777 2351 Parasti
797 2327 824 2351 in
848 2327 980 2353 dulcedine

135 2369 179 2393 tua
193 2369 319 2400 pauperi,
339 2369 418 2394 Deus.
437 2368 591 2394 Verissimus
609 2369 751 2395 intellectui
768 2370 793 2394 in
807 2370 922 2395 veritatis
941 2371 980 2396 do-

132 2411 286 2441 cumentum,
306 2419 334 2436 ex
354 2412 453 2437 Psalmo
467 2414 499 2436 1¹:
519 2412 591 2437 Illuc
606 2413 751 2443 producam
775 2420 855 2438 cornu
880 2414 978 2444 David,

130 2455 226 2486 paravi
240 2454 369 2479 lucernam
386 2454 489 2480 C'lzristo
503 2462 565 2480 meo.
580 2455 756 2480 Suarissimns
770 2455 874 2485 affectui
886 2458 911 2481 in
926 2464 980 2482 sua-

133 2497 220 2522 vitatis
239 2497 461 2528 delectamentn1n3
480 2498 596 2523 Psalmus
610 2496 644 2523 ¹²:
664 2499 702 2523 Et
719 2500 854 2524 mandat-tt
870 2500 980 2525 nubibus

1843 157 1876 184 15

1040 221 1147 253 desuper
1166 224 1190 247 et
1207 224 1302 249 ianuas
1319 225 1384 249 caeli
1403 227 1520 257 aperuit,·
1531 229 1555 252 et
1568 228 1640 259 pluit
1659 230 1712 255 illis
1729 239 1825 257 manna
1844 233 1879 257 ad

1039 264 1249 290 manducandum
1267 267 1291 290 et
1304 274 1401 297 panem
1421 269 1484 293 caeli
1503 269 1572 294 dedit
1590 271 1640 301 eis,·
1653 278 1749 302 panem
1766 273 1879 305 Anqelo-

1038 313 1098 330 rum
1116 307 1283 332 manducavit
1310 309 1392 335 homo.
1413 310 1605 338 Salabcrrimus
1623 313 1722 343 effectui
1740 316 1765 340 in
1790 317 1879 342 salutis

1039 350 1175 379 praemium
1190 348 1224 374 ¹³:
1240 350 1279 374 Tu
1287 353 1395 381 parasti
1408 353 1568 385 directiones,
1583 355 1706 380 iudicium
1719 358 1742 381 et
1754 358 1880 383 iustitiam

1038 392 1067 416 vin
1087 392 1166 416 Iacob
1186 393 1213 416 tu
1235 392 1325 422 fecisti.
1344 395 1496 420 Alimentum
1520 398 1625 429 gustus,
1649 400 1678 423 ut
1701 400 1785 430 sanet;
1810 401 1880 426 docu-

1038 434 1149 459 mentum
1167 435 1322 467 rintellectus,
1342 437 1370 461 ut
1388 438 1512 469 instruat3
1532 440 1737 466 delectamentum
1760 442 1879 475 affectus,

1037 476 1067 500 ut
1085 476 1236 507 demulceat3
1257 478 1299 502 sed
1323 479 1349 503 in
1374 481 1510 510 praemium
1530 481 1642 513 effectus,
1668 483 1697 507 ut
1719 484 1831 514 perficiat
1855 485 1880 510 et

1038 519 1140 550 quietat.
1159 534 1194 538 —
1212 520 1250 545 Sic
1269 528 1327 552 ergo
1347 522 1486 548 ostenditur
1505 524 1650 550 studiositas
1669 528 1807 558 apparatus
1824 535 1879 553 cum

1037 561 1157 587 divisione
1177 562 1288 592 statuta,
1312 564 1336 588 et
1354 564 1413 593 hoc,
1438 573 1468 590 ne
1493 566 1651 592 retrahamur
1675 576 1703 593 ex
1727 570 1879 602 negligentia

1037 605 1178 629 invitantis.
1191 619 1226 623 —
1239 606 1322 631 Tertio
1336 607 1360 631 et
1372 607 1460 633 ultimo
1473 608 1550 633 totius
1562 610 1731 641 sufficientiae
1743 613 1880 643 copiositas

1037 655 1081 679 per
1100 649 1266 679 praemiorum
1291 650 1479 675 universitatem
1495 650 1521 681 ¹³¹,
1541 659 1594 677 cum
1618 654 1689 678 dicit:
1713 655 1766 680 iam
1781 657 1879 686 parata

1036 692 1099 716 sunt
1117 692 1212 716 omnia.
1226 692 1273 716 Sed
1292 693 1425 717 secundum
1442 694 1555 719 Glossam
1569 695 1589 710 ¹⁵
1608 697 1758 728 intelligitur
1770 698 1878 724 Verbum

1036 735 1193 759 incarnatum
1214 735 1265 759 sive
1280 735 1395 760 Christus
1407 736 1491 766 homo,
1511 739 1552 768 qui
1571 738 1644 764 etiam
1659 741 1767 765 omnium
1785 741 1823 766 est
1835 742 1880 767 Re-

1036 778 1148 809 parator.
1168 778 1227 809 Ipse
1246 779 1322 807 0111111,
1343 779 1407 803 sicut
1434 780 1493 804 dicit
1512 781 1647 812 Apostolus
1670 784 1764 813 primae
1787 785 1819 809 ad
1838 785 1880 810 Oo-

1035 820 1143 846 rinthios
1162 821 1249 852 quinto
1268 821 1359 846 decimo
1374 819 1407 846 ¹⁶:
1436 822 1508 847 Deus
1527 825 1613 849 onmia
1630 825 1659 849 in
1677 827 1792 851 omnibus
1799 835 1807 857 ;
1826 835 1880 858 pro-

1036 863 1122 894 pterea
1141 864 1246 894 paratus
1265 864 1303 888 est
1322 871 1336 888 a
1350 864 1400 889 Deo
1414 866 1474 889 ante
1486 864 1578 894 faciem
1590 868 1703 892 omnium
1712 869 1879 901 populorum,

1035 907 1117 931 Lucae
1136 906 1242 932 secundo
1257 905 1284 936 ¹⁷,
1304 907 1333 931 ut
1352 907 1386 931 sit
1404 907 1474 932 nobis
1487 909 1579 938 omnia,
1593 910 1657 934 sicut
1675 911 1764 941 probat
1777 911 1881 942 Aposto-

1035 950 1075 974 lus
1094 949 1125 974 ad
1145 949 1269 975 Romanos
1288 950 1374 975 octavo
1388 949 1421 974 1⁸³:
1449 950 1499 982 Qui
1523 951 1598 976 etiam
1612 953 1722 983 proprio
1744 954 1817 979 Filio
1835 962 1881 980 suo

1034 1000 1087 1017 non
1100 993 1227 1023 pepercit,
1246 993 1291 1018 secl
1306 1000 1356 1023 pro
1369 993 1444 1018 nobis
1462 994 1579 1018 omnibns
1593 994 1702 1020 tradidit
1715 996 1802 1028 illum,
1823 1004 1881 1028 quo-

1035 1035 1109 1060 modo
1128 1043 1181 1060 non
1199 1036 1276 1060 etiam
1303 1042 1361 1060 cum
1379 1035 1426 1060 illo
1452 1036 1539 1060 omnia
1563 1037 1636 1062 nobis
1661 1038 1785 1063 donavit?
1805 1039 1880 1069 Quasi

1036 1078 1115 1103 dicat:
1135 1079 1223 1108 immo;
1237 1079 1307 1109 quia,
1321 1078 1350 1103 ut
1362 1078 1452 1103 dicitur
1469 1079 1494 1103 in
1507 1078 1596 1104 Glossa
1608 1080 1744 1111 Augustini
1755 1080 1788 1106 ¹⁹:
1813 1091 1825 1103 «
1836 1082 1881 1107 Do-

1035 1121 1107 1146 navit
1126 1122 1256 1152 superiora
1283 1121 1315 1146 ad
1339 1121 1484 1150 fruendum,
1510 1123 1623 1153 aequalia
1647 1123 1679 1148 ad
1703 1125 1880 1150 convivendum

1036 1164 1061 1188 et
1078 1164 1196 1189 inferlm-a
1216 1164 1247 1189 ad
1265 1164 1441 1189 dominandum
1452 1174 1477 1193 »ς
1497 1165 1561 1189 sicut
1579 1166 1652 1190 etiam
1672 1166 1761 1191 dicitur
1779 1167 1881 1193 Ioannis

1035 1207 1127 1231 decimo
1146 1207 1222 1232 tertio
1236 1206 1271 1231 ²⁰:
1292 1206 1380 1232 Sciens
1393 1207 1474 1238 Iesus,
1489 1208 1551 1238 Quia
1570 1209 1656 1233 onmia
1674 1209 1743 1234 dedit
1760 1210 1783 1234 ci
1801 1211 1881 1235 Pater

1035 1250 1064 1274 vin
1082 1257 1184 1275 ntanus.
1210 1250 1262 1275 Nec
1286 1251 1389 1280 mirum,
1413 1251 1471 1281 quia
1490 1251 1578 1275 omnia
1597 1252 1695 1276 tradita
1712 1254 1774 1277 sunt
1796 1253 1843 1278 sibi
1865 1261 1880 1278 a

1036 1292 1118 1317 Patre
1138 1299 1193 1322 suo,
1213 1292 1335 1317 Matthaei
1354 1293 1482 1318 undecimo
1496 1292 1523 1318 ⁵¹¹.

1107 1335 1149 1360 28.
1162 1335 1326 1367 Adolescens,
1341 1336 1385 1360 tibi
1397 1336 1467 1361 dico:
1479 1343 1566 1367 surae,
1581 1337 1660 1362 Lucae
1674 1338 1778 1369 septimo
1789 1337 1819 1363 ²².
1834 1339 1881 1364 Hic
1897 1339 1995 1363 Quartum.

1036 1379 1154 1403 describit
1172 1379 1293 1404 Dominus
1312 1379 1492 1404 adolescentem
1521 1380 1687 1410 spiritualiter
1712 1382 1880 1407 suscitandum

1036 1430 1051 1447 a
1069 1422 1165 1446 tribus:
1185 1430 1200 1446 a
1218 1421 1363 1447 conditione
1381 1422 1468 1447 idonea
1487 1423 1662 1448 circumstante
1688 1424 1815 1453 naturam,
1834 1425 1880 1450 ibi:

1036 1464 1206 1495 Adolescens,·
1225 1473 1240 1490 a
1258 1466 1388 1490 vocatione
1414 1465 1501 1490 divina
1527 1466 1666 1496 inspirante
1684 1467 1805 1497 gratiam:
1836 1468 1882 1493 tibi

1037 1507 1107 1537 dico,·
1126 1516 1140 1532 a
1160 1508 1321 1533 conversione
1347 1508 1460 1539 plenaria
1484 1508 1633 1534 informante
1657 1510 1778 1535 animam:
1797 1518 1880 1542 surye.

1036 1551 1107 1575 Unde
1126 1551 1157 1575 ad
1176 1551 1348 1576 conditionem
1367 1551 1407 1576 hic
1426 1552 1533 1583 exigitur
1552 1553 1650 1577 vocatio
1675 1553 1771 1584 gratiae
1796 1554 1881 1579 efficax

1037 1594 1062 1618 et
1080 1595 1210 1619 conversio
1223 1595 1320 1619 animae
1334 1594 1452 1625 perfecta.
1466 1595 1620 1620 Describitur
1634 1603 1691 1627 ergo
1704 1603 1718 1620 a
1729 1597 1881 1622 conditione.

1037 1637 1146 1662 Attende
1164 1637 1243 1669 igitur
1261 1638 1368 1662 aetatem
1389 1638 1569 1663 adolescentiae
1587 1638 1644 1663 tuae
1663 1639 1688 1664 et
1700 1640 1809 1664 invenies
1827 1647 1881 1665 con-

1037 1680 1154 1709 ditiones,
1174 1688 1237 1712 quae
1250 1681 1354 1712 exigunt
1373 1680 1559 1706 suscitationem
1573 1682 1669 1706 animae
1688 1682 1756 1712 tuae,
1774 1683 1831 1714 quia
1844 1683 1881 1708 ta-

1036 1724 1068 1748 lis
1086 1724 1156 1748 aetas
1170 1724 1284 1754 pronior
1302 1723 1337 1748 acl
1354 1724 1544 1749 delectationem
1565 1724 1666 1755 respicit
1678 1732 1789 1755 carnem;
1807 1725 1882 1751 Gene-

1037 1768 1071 1792 sis
1090 1767 1177 1792 octavo
1191 1766 1227 1791 2³³:
1248 1766 1343 1792 Sensus
1361 1767 1429 1792 enim
1447 1768 1471 1792 et
1488 1768 1608 1798 coaltatio
1626 1767 1734 1793 lcun'lani
1752 1768 1836 1794 cordis
1854 1769 1882 1794 in

1035 1810 1135 1835 malum
1150 1818 1239 1841 prona
1260 1812 1321 1835 sunt
1346 1811 1377 1835 ab
1403 1810 1575 1835 adolescentia
1602 1818 1659 1835 sua.
1688 1811 1749 1841 Quia
1776 1812 1882 1837 suavior

1037 1855 1108 1878 circa
1126 1854 1320 1884 occupationes,
1334 1854 1436 1884 respicit
1449 1854 1570 1883 mentem3
1590 1853 1752 1879 Ecclesiastes
1765 1853 1798 1879 ²⁴:
1818 1855 1882 1880 Lae-

1037 1898 1090 1922 tare
1109 1905 1177 1928 cryo,
1192 1897 1298 1928 invenis,
1311 1897 1339 1921 rin
1353 1897 1523 1922 adolescentia
1543 1898 1600 1928 tica,
1620 1898 1644 1922 et
1661 1898 1689 1922 in
1709 1898 1772 1923 bono
1785 1898 1820 1923 sit
1838 1906 1881 1923 cor

1037 1941 1110 1965 tunm
1129 1941 1158 1965 in
1177 1940 1264 1965 dieb-us
1282 1940 1420 1965 iuventutis
1441 1941 1498 1965 tuae
1517 1940 1563 1965 eto.
1584 1940 1646 1970 Quia
1664 1940 1758 1970 fortior
1776 1941 1811 1966 acl
1829 1948 1882 1972 ope-

1036 1984 1161 2014 rationes,
1181 1983 1283 2014 respicit
1308 1984 1387 2013 vires,
1414 1984 1487 2014 primi
1513 1983 1719 2009 Machabaeorum
1745 1984 1819 2009 tertio
1845 1984 1882 2009 de-

1036 2025 1130 2052 cimo²⁵
1149 2027 1178 2051 de
1191 2027 1301 2051 Simone:
1325 2026 1374 2051 Vos
1393 2027 1479 2058 scitis,
1499 2028 1598 2057 q'ztanta
1614 2034 1657 2058 eyo
1676 2028 1699 2051 et
1717 2026 1812 2056 fratres
1833 2028 1882 2052 mei

1036 2071 1059 2095 et
1078 2070 1168 2095 domus
1182 2070 1271 2101 patris
1289 2070 1338 2094 mci
1355 2069 1462 2100 fecimus
1481 2070 1536 2099 etc,
1557 2070 1649 2095 scilicet
1671 2070 1703 2095 ab
1721 2071 1776 2101 ipsa
1801 2070 1882 2096 adole-

1037 2113 1139 2138 scentia.
1166 2113 1228 2142 Quia
1253 2113 1339 2144 aptior
1363 2112 1398 2137 ad
1422 2112 1634 2144 assucfactiones,
1660 2113 1761 2144 respicit
1788 2121 1880 2143 mores3

1036 2156 1226 2181 Proverbiorum
1244 2157 1363 2187 vigesimo
1377 2156 1482 2181 secundo
1496 2155 1531 2180 ²⁶:
1546 2156 1715 2181 Proverbinm
1728 2158 1779 2181 est:
1791 2156 1882 2181 Adole-

1036 2206 1107 2224 scens
1126 2200 1200 2223 iuxta
1218 2200 1286 2224 viam
1306 2207 1393 2230 suam,
1413 2200 1490 2223 etiam
1516 2206 1572 2224 cam
1594 2200 1719 2230 senuerit,
1744 2207 1796 2223 non
1819 2206 1882 2224 rece-

1037 2242 1078 2267 det
1097 2242 1129 2266 ab
1148 2250 1193 2272 ca,·
1211 2243 1236 2267 et
1261 2242 1380 2267 Ieremiae
1399 2242 1505 2267 secundo
1519 2241 1554 2266 ²⁷:
1576 2242 1737 2267 Recordatus
1756 2250 1811 2267 sum
1831 2243 1880 2274 tui,

1036 2286 1163 2310 miserans
1182 2285 1379 2310 adolescentiam
1400 2286 1470 2309 tuam
1489 2286 1512 2309 ct
1531 2285 1663 2310 caritatem
1679 2284 1881 2316 desponsationis

1038 2330 1107 2359 tuac,
1127 2328 1231 2359 ancardo
1251 2330 1336 2353 secuta
1355 2335 1380 2353 es
1398 2329 1477 2353 mein
1490 2329 1596 2359 deserto,
1614 2328 1642 2352 in
1656 2329 1739 2358 terra,
1753 2335 1817 2359 quae
1829 2336 1881 2353 non

1037 2372 1186 2396 seminatur.
1207 2372 1314 2402 Propter
1332 2371 1378 2396 has
1397 2372 1549 2396 conditiones
1568 2371 1688 2402 exigitur,
1714 2371 1742 2395 ut
1760 2371 1882 2402 temperet

1032 2415 1193 2445 pronitatem
1202 2415 1302 2445 cm‘nis3
1313 2414 1476 2439 Ecclesiastes
1484 2413 1516 2438 28:
1528 2414 1623 2439 Amore
1635 2414 1764 2438 niolitiam
1777 2421 1793 2438 a
1805 2420 1881 2438 carne

1037 2459 1099 2485 tua,-
1118 2457 1288 2482 adolcscentia
1306 2458 1374 2482 enim
1393 2459 1417 2482 et
1435 2458 1555 2488 voluptas
1577 2464 1645 2481 vana
1663 2458 1739 2487 sunt,·
1757 2457 1782 2481 et
1801 2457 1882 2482 Eccle-

1037 2501 1131 2525 siastici
1151 2500 1339 2532 quadragesimo
1360 2500 1464 2525 secundo
1478 2499 1513 2529 29;
1534 2500 1608 2524 Filia
1625 2500 1712 2530 patris
1732 2499 1882 2524 abscondita

196 2626 204 2638 ¹
224 2627 287 2650 Vers.
310 2627 343 2649 17.

196 2657 205 2670 ²
224 2658 252 2680 lta
270 2658 320 2685 ed.;
338 2659 379 2681 sed
396 2659 460 2681 deest
477 2659 563 2688 aliquid
581 2662 633 2682 anie
651 2666 723 2689 quae,
738 2664 761 2683 nt
783 2663 805 2684 et
827 2661 915 2685 evitare
930 2663 979 2685 sive

134 2688 260 2712 declinare.

196 2719 205 2732 ¹³
224 2722 288 2743 Vers.
306 2721 343 2743 20.
361 2728 409 2750 seq.

196 2751 205 2764 ⁵
222 2752 279 2780 Cap.
297 2752 338 2777 115,
360 2752 393 2774 15.

196 2782 204 2795 ⁷
223 2784 305 2805 Psalrn.
323 2784 331 2805 ¹l
340 2784 381 2811 r18,
400 2784 451 2806 Ἰ140.

196 2813 205 2826 ⁹
223 2815 290 2837 Vers.
306 2815 343 2837 20.

196 2846 215 2859 ¹¹
232 2847 314 2869 Psalm.
333 2847 391 2874 1131,
412 2847 444 2869 17.

195 2877 214 2892 ¹³
231 2878 312 2900 psalm.
330 2878 372 2905 98,
391 2877 411 2900 4.

196 2908 216 2921 ¹4
233 2909 317 2932 Bonelli
334 2909 393 2931 hene
410 2909 464 2932 citat
480 2910 577 2937 Bonav„
595 2909 722 2933 Comment.
740 2911 762 2933 111
780 2912 878 2940 Lucam,
899 2919 917 2935 0.
938 2912 979 2939 014,

134 2946 156 2963 v.
175 2941 211 2963 47.
229 2948 250 2963 n.
269 2941 310 2963 39:
328 2941 352 2963 El
370 2941 424 2969 quia
436 2941 492 2963 nihil
504 2944 592 2964 tantum
605 2942 686 2964 excitat
697 2942 851 2970 desiderium,
864 2946 888 2966 ut
903 2944 979 2966 veniat

620 2722 629 2734 ⁴
646 2722 701 2750 Cap.
720 2723 761 2750 24,
779 2724 816 2746 ⁶29.

620 2752 629 2765 ⁶
646 2753 703 2781 Cap.
720 2755 757 2781 115,
775 2755 796 2777 3,
814 2758 836 2778 et
854 2756 874 2778 9.

622 2783 632 2796 '³
646 2786 713 2807 Rom.
736 2786 772 2814 13,
791 2787 826 2808 1ll.

620 2815 639 2828 ¹⁰
658 2817 738 2839 Psalm.
756 2817 797 2844 67,
816 2818 852 2840 ll.

620 2847 639 2860 ¹²
656 2848 737 2870 Pselm.
756 2849 799 2876 77,
817 2850 853 2872 23.
871 2856 937 2879 seqq.

1037 2632 1066 2654 ad
1092 2632 1178 2657 Deum,
1205 2633 1317 2659 quantuni
1344 2630 1496 2653 consideratio
1520 2630 1609 2652 illorum
1637 2629 1805 2657 ι11’.10111101·11111;
1828 2628 1880 2650 idco

1037 2663 1127 2686 subdit:
1146 2663 1201 2690 Quia
1220 2663 1266 2684 iam
1286 2664 1363 2689 parata
1380 2664 1422 2683 ele.

1102 2694 1121 2706 ¹⁵
1140 2693 1296 2716 Orchiam-iam
1313 2693 1335 2715 in
1354 2693 1408 2715 Luc.
1432 2692 1464 2720 l-i,
1487 2692 1520 2714 17.
1538 2695 1558 2714 et
1577 2692 1597 2714 in
1616 2692 1692 2714 Mami.
1711 2692 1747 2718 22,
1766 2692 1787 2713 8.

1100 2724 1119 2737 Π)
1139 2726 1202 2746 Vers.
1220 2725 1257 2746 28.
1526 2722 1544 2735 Π
1562 2724 1628 2745 Ycrs.
1645 2723 1681 2744 31.

1100 2755 1119 2768 ¹⁸
1137 2756 1202 2778 Vers.
1221 2756 1258 2777 3-2.

1100 2786 1119 2799 ¹⁴³
1139 2786 1268 2810 ordinaria
1288 2787 1308 2808 in
1327 2787 1393 2808 Rom.
1412 2787 1432 2813 S,
1451 2787 1487 2808 32.

1100 2818 1119 2830 ‘²⁰
1137 2818 1203 2840 Vers.
1223 2818 1243 2839 3.
1524 2815 1541 2828 ²¹
1561 2816 1626 2838 Vers.
1644 2816 1682 2837 27.

1100 2849 1119 2862 ²²
1137 2850 1202 2871 Vers.
1225 2849 1257 2871 14..
1521 2846 1540 2860 ²³
1557 2847 1622 2869 Vers.
1641 2848 1677 2868 21.

1099 2880 1118 2893 ‘²⁴
1136 2880 1191 2908 Cap.
1211 2881 1251 2907 ll,
1269 2880 1290 2902 9.
1522 2877 1541 2890 ²⁵
1559 2878 1623 2900 Vers.
1641 2878 1662 2899 3.

1100 2911 1119 2924 2ss
1138 2912 1203 2934 Vers.
1224 2912 1245 2933 6.
1521 2908 1540 2921 ²⁷
1558 2910 1622 2931 Vers.
1640 2910 1661 2930 2.

1099 2941 1118 2955 ΞΒ
1136 2943 1190 2971 Cap.
1213 2943 1251 2969 ll,
1274 2943 1305 2964 10.
1522 2939 1542 2953 ²⁹
1559 2940 1623 2962 Vers.
1641 2940 1663 2962 9.
