2243 3348
684 199 725 226 DE
747 199 772 226 S.
795 199 892 227 mant-t
915 198 1119 228 MAGDALENA.
1141 199 1250 228 SERMO
1273 200 1310 228 111.
1719 221 1728 227 .
1816 203 1867 230 ΰ61

0 277 15 308 r]
123 275 156 304 ad
179 275 314 304 Hebraeos
332 275 452 303 secundo
465 277 490 303 1;
508 276 656 311 Quomodo
670 285 723 304 nos
737 276 924 314 effugiemus,
943 277 971 305 si

0 305 15 343 γ’
124 326 236 350 tantam
258 321 470 359 neylexerimus
484 322 629 350 salutem?
651 323 716 351 Nam
739 323 785 360 qui
809 332 861 351 non
881 326 970 360 potest

13 365 15 410 1
123 369 223 397 imitari
240 368 351 397 Mariam
367 368 506 404 Virginem
524 376 572 404 per
588 369 659 397 viam
676 369 856 403 innocentiae,
872 370 966 398 saltem

13 413 15 443 l
124 415 246 444 imitetur
268 415 380 443 Mariam
403 415 582 451 peccatricem
607 423 655 451 per
677 415 747 443 viam
771 416 961 452 poenitentiae.

204 462 220 490 1.
245 462 333 490 Primo
361 469 441 498 erge,
466 464 495 489 ut
522 461 642 495 dictum,
665 463 873 491 commendatur
903 464 969 492 haec

76 539 80 543 ,
124 509 265 546 peccatrix
286 509 312 536 in
335 508 475 545 proposita
496 508 661 536 anctoritate
682 516 696 536 a
717 508 894 545 plenitudine
923 510 968 538 (le-

91 563 95 566 ·
125 555 246 584 notionis
268 555 293 583 in
317 555 377 588 hoc,
393 555 465 591 quod
483 554 629 583 Dominum
645 555 728 583 unxit
749 559 899 592 unguento.
917 557 968 584 Do-

80 623 83 627 .
123 602 229 630 minum
246 605 338 630 autem
355 601 437 630 unxit
452 601 612 637 tripliciter:
635 604 662 629 et
684 601 783 637 primo,
803 602 833 630 iu
847 602 968 638 pedibus

99 642 106 646 “
124 652 254 686 tanquam
272 649 494 685 Rectemptorem.
511 648 576 676 Nam
600 657 648 685 per
659 649 770 685 pectem,
786 650 832 685 qui
849 653 890 677 est
905 658 969 686 pars

123 696 247 732 corporis
268 698 425 724 sustentans
447 697 533 723 totum
559 703 669 731 corpus,
688 695 848 732 designatur
873 696 969 724 virtus

129 742 212 771 Verbi
231 742 364 776 increati,
380 742 413 770 de
434 750 490 778 quo
505 742 606 770 dicitur
628 742 661 770 ad
681 742 817 770 Hebraeos
839 743 929 778 primo
942 744 967 770 2;

122 790 227 818 Portat
252 789 352 817 omnia
381 788 464 817 verbo
497 789 614 816 uirtutis
644 797 734 822 suae,
760 790 967 826 purgationem

120 839 306 873 peecatorum
336 835 457 873 faciens.
488 835 543 863 Pes
571 838 612 863 est
643 835 723 863 etiam
754 844 817 872 pars
845 836 969 872 corporis

121 883 236 912 inferius
259 886 371 919 tangens
388 885 507 916 terram3
531 882 613 911 Isaiae
628 883 726 911 ultimo
741 883 767 910 3;
797 883 889 911 Terra
904 891 967 911 sea-

121 930 344 967 bellumpratum
364 938 507 963 meorum,
522 933 549 957 et
569 929 693 966 designat
715 929 797 957 Verbi
817 930 970 958 incarnati

120 977 349 1006 humiliationem.
372 977 437 1004 Nam
462 984 510 1013 per
525 976 741 1005 incarnationem
757 976 834 1013 quasi
852 976 968 1013 pedibus

120 1024 239 1052 calceata
259 1023 291 1051 ad
314 1031 363 1051 nos
386 1023 475 1051 Deitas
498 1022 586 1056 venit;
610 1023 794 1051 calceamento
819 1023 892 1051 enim
920 1031 967 1060 pes

122 1073 224 1100 terram
253 1070 354 1103 calcat;
384 1070 521 1098 Psalmus:
549 1070 585 1098 In
614 1070 786 1098 Idumaeam
814 1070 967 1098 extendam

120 1117 346 1146 calceamentum
362 1125 467 1150 meam,
485 1116 530 1145 uhi
546 1116 612 1145 dicit
626 1116 790 1153 Gregorius:
819 1128 832 1142 <r
848 1117 881 1145 ln
899 1117 967 1145 Idu-

120 1173 234 1193 maeam
250 1164 477 1192 calceamentum
492 1171 521 1192 se
535 1163 684 1192 extendere
697 1164 828 1192 Dominus
839 1164 966 1198 ostendit,

120 1211 193 1249 quia,
215 1211 281 1239 dum
304 1218 352 1247 per
374 1214 524 1239 assumtam
547 1218 657 1239 carnem
680 1210 808 1247 gentihus
837 1211 965 1245 innotuit,

119 1258 197 1295 quasi
220 1258 338 1287 calceata
359 1257 393 1286 ad
421 1265 470 1286 nos
491 1257 625 1286 Divinitas
653 1258 769 1286 venit».
793 1258 819 1286 ln
851 1258 965 1294 pedihus

118 1313 184 1342 ergo
206 1305 353 1333 Dominum
377 1308 518 1341 unguento
539 1304 692 1333 devotionis
713 1305 812 1338 unxit,
834 1305 899 1342 quia
920 1305 967 1334 de-

118 1353 255 1381 votionem
270 1360 349 1381 suam
371 1352 405 1380 ad
420 1351 584 1380 heneficium
602 1352 799 1380 incarnationis
814 1355 841 1381 et
855 1356 965 1381 nostrae

117 1399 315 1436 redemptionis
347 1399 458 1431 retulit;
492 1399 597 1427 loannis
630 1399 792 1428 duodecimo
807 1400 833 1426 ⁶¹:
866 1399 966 1428 illaria

118 1447 205 1475 unxit
230 1446 316 1483 perles
344 1447 425 1480 Iesu,
447 1450 471 1474 et
493 1446 597 1474 domus
618 1446 736 1483 impleta
758 1450 799 1474 est
819 1455 854 1474 eac
880 1447 966 1475 odore

120 1493 267 1530 unquenti.
290 1493 366 1522 Sicut
387 1493 459 1522 enim
475 1497 649 1530 unguentum
665 1501 701 1521 ex
725 1493 807 1521 variis
821 1493 966 1522 odoriferis

118 1540 203 1569 rebus
225 1540 263 1574 fit,
285 1540 324 1569 sic
345 1548 381 1568 ex
404 1540 506 1574 multis,
529 1548 600 1576 quae
621 1540 755 1568 Dominus
774 1540 837 1568 fecit
852 1543 965 1577 propter

117 1591 239 1616 nostram
263 1587 495 1624 redemptionem,
518 1587 581 1615 fecit
610 1587 662 1615 hoc
687 1590 861 1624 unguentum
883 1587 965 1616 devo-

119 1634 200 1663 tionis
221 1641 398 1670 consurgere.
427 1633 492 1661 Nam
521 1633 631 1661 devotio
660 1637 701 1661 est
729 1633 835 1662 allectio
863 1634 966 1662 amoris

119 1681 211 1710 suavis
232 1681 397 1717 proveniens
418 1688 453 1709 ex
476 1680 609 1708 memoria
629 1680 827 1709 beneficiorum
853 1680 963 1709 Christi.

198 1727 332 1761 Secundo,
345 1727 370 1755 in
388 1727 480 1764 capite
492 1731 623 1763 tanquam
638 1726 811 1763 qratiarum
833 1727 965 1756 omnium

7 1780 60 1812 lncito
73 1786 102 1799 en·
119 1774 297 1812 laryitorem.
313 1774 390 1808 Nam,
405 1774 477 1802 sicut
497 1782 513 1802 a
534 1774 622 1810 capite
643 1777 684 1802 est
698 1774 709 1791 ⁵
732 1777 823 1802 motus
839 1774 864 1802 in
882 1782 966 1803 mem-

8 1805 68 1828 ''pms'
118 1822 177 1856 bra,
199 1821 237 1850 sic
258 1829 274 1850 a
295 1821 419 1855 Christo,
442 1821 530 1858 capite
554 1821 703 1855 Ecclesiae,
726 1821 848 1850 influunt
869 1829 965 1850 omnes

117 1869 221 1906 gratiae
242 1871 296 1897 tam
320 1868 510 1896 illustrationis
538 1876 621 1905 quam
651 1868 818 1905 operationis
849 1868 875 1896 in
898 1869 965 1897 San-

117 1918 189 1949 ctos;
213 1915 318 1943 loannis
340 1915 467 1951 primofl:
490 1914 613 1942 Plenum
631 1915 748 1952 gratiae
769 1919 794 1943 et
815 1915 964 1948 veritatis,-

116 1966 159 1991 et:
184 1963 221 1991 De
239 1962 418 1999 plenitudine
432 1962 494 1990 eius
513 1971 565 1990 nos
584 1971 681 1991 omnes
699 1962 873 1999 accepimus.
889 1963 965 1991 Unde

118 2010 255 2038 Psalmus:
279 2010 363 2042 Eece,
386 2017 475 2047 quam
498 2009 603 2037 bonum
626 2013 652 2038 et
672 2018 762 2047 quam
784 2010 963 2044 iucundum,

116 2055 250 2085 habitare
270 2055 382 2093 fh'atres
404 2056 435 2084 in
457 2064 548 2084 unum
560 2066 569 2089 ,·
583 2056 661 2084 sicut
674 2060 855 2093 unquentum
873 2057 903 2085 in
919 2066 964 2085 ca-

114 2104 189 2141 pite,
211 2103 289 2141 quod
309 2103 452 2132 descendit
474 2103 505 2131 in
531 2102 671 2137 barbam,
695 2103 819 2131 barbam
842 2105 962 2138 Aaron,

116 2150 192 2188 quod
212 2150 356 2178 descendit
377 2150 408 2178 in
430 2158 516 2178 oram
546 2150 708 2178 vestimenti
728 2150 800 2178 eius.
822 2151 888 2178 Nam
912 2159 972 2179 un-.

116 2200 249 2234 guentum
271 2197 424 2233 gratiarum
440 2200 466 2225 et
481 2197 697 2225 illustrationum
713 2205 728 2225 a
749 2197 858 2226 Christo
874 2198 963 2234 primo

116 2243 260 2272 deseendit
282 2244 313 2272 in
334 2243 473 2277 barbam,
495 2244 522 2272 id
543 2244 625 2272 estin
642 2244 804 2281 principalia
824 2245 962 2279 membra,

116 2291 165 2319 sibi
190 2290 378 2328 principaliter
405 2291 599 2325 adhaerentia,
628 2299 699 2328 quae
730 2294 795 2320 sunt
816 2292 905 2320 Sancti
935 2292 962 2320 111

116 2338 219 2374 patria;
241 2341 268 2366 et
289 2338 323 2366 ab
345 2338 398 2366 illis
418 2338 558 2367 descendit
580 2338 607 2366 in
629 2346 694 2372 nos,
716 2339 762 2375 qui
788 2347 886 2367 sumus
908 2347 963 2367 ora

116 2385 275 2413 vestimenti
294 2385 370 2419 eius,
386 2385 432 2422 qui
449 2385 580 2414 deorsum
604 2386 741 2423 tangimus
762 2388 875 2419 terram,
891 2386 963 2415 sicut

115 2439 164 2460 ora
186 2431 339 2460 vestimenti
363 2432 435 2460 circa
458 2435 559 2460 terram
592 2432 754 2461 consistunt.
777 2433 815 2461 De
838 2433 888 2461 hac
910 2442 962 2461 un-

115 2479 204 2507 ctione
224 2478 326 2507 dicitur
348 2479 429 2507 Marci
445 2479 552 2507 decimo
567 2483 667 2516 quarto
682 2480 707 2507 ⁷:
726 2479 798 2508 Cum
821 2485 892 2508 esset
906 2480 962 2516 (le-

115 2525 181 2561 sus)
204 2523 362 2553 Betltaniae
383 2525 414 2553 in
435 2526 519 2554 [tomo
533 2525 660 2554 Simonis
682 2526 789 2562 leprosi
806 2530 831 2554 et
852 2534 962 2554 recum-

116 2571 200 2605 beret,
226 2572 301 2600 venit
325 2572 432 2600 mulier
460 2571 568 2600 liabens
596 2572 784 2600 alabastrum
810 2573 960 2610 unquenti,

115 2619 207 2647 nardi
226 2619 333 2656 spicati
351 2619 472 2656 pretiosi
496 2622 520 2647 et
540 2618 639 2656 fracto
667 2619 833 2653 alabastro,
862 2619 962 2657 effudit

178 2802 185 2815 ¹
207 2803 270 2825 Vers.
288 2804 309 2825 3.

178 2842 186 2855 ²
205 2842 270 2864 Yers.
288 2843 309 2864 3.

179 2881 187 2894 ³
204 2881 259 2909 Cap.
278 2882 315 2909 66,
337 2883 358 2908 l;
377 2886 505 2910 sequuntur
524 2883 556 2904 ΡΞ.
576 2883 613 2909 59,
636 2883 668 2905 ΙΟ.
686 2883 824 2911 etGreg01·.,
843 2885 857 2906 l.
878 2884 959 2906 llomil.

116 2922 136 2943 in
156 2922 242 2949 iix-ang.
261 2921 338 2943 homil.
356 2921 377 2943 7.
396 2928 416 2943 11,
436 2922 457 2943 3.

178 2960 187 2972 ⁴
206 2960 271 2982 Vers.
288 2960 308 2982 3.

178 2998 186 3011 ⁵
204 2999 279 3021 Codex
298 2999 389 3021 videtur
408 2998 491 3020 haber«)
510 3000 550 3022 etc.
569 3005 611 3027 pro
629 3001 669 3022 rsl.

210 3047 234 3069 S.
254 3046 344 3069 nonae.
361 3059 390 3062 —
409 3046 476 3068 Tom.
493 3046 532 3068 lx.

1026 285 1114 314 super
1135 281 1224 315 eaput
1244 278 1315 306 eius.
1338 278 1368 307 Et
1390 279 1428 307 sic
1443 279 1521 316 ungit
1536 279 1676 308 Christum
1698 281 1745 317 qui
1761 288 1870 309 omnem
1888 287 2002 306 Notandum.

1026 324 1151 360 gratiam,
1167 332 1250 361 quam
1266 325 1357 359 habet,
1374 326 1543 362 recognoscit
1557 334 1573 354 a
1590 327 1702 355 Domino
1719 327 1777 355 lesu
1792 327 1871 356 Chri-

1026 373 1076 404 sto,
1098 373 1125 399 et
1146 371 1206 399 ideo
1227 371 1276 399 sihi
1299 372 1401 408 gratias
1422 373 1485 409 agit.
1507 373 1573 401 Nam
1595 373 1641 410 qui
1665 381 1717 401 non
1740 374 1794 411 agit
1809 383 1870 411 gra—

1026 417 1076 445 tias
1099 420 1221 446 meretur
1243 419 1339 454 gratiis
1360 420 1478 456 acceptis
1500 420 1611 456 privari.

1104 465 1211 498 Tertio,
1234 465 1259 492 in
1283 469 1338 493 toto
1359 474 1480 502 corpore
1501 470 1532 495 ut
1557 466 1783 503 gytorisiealorem
1813 468 1869 497 sive
1892 475 1958 501 ,Unctio
1972 477 1998 493 ιο-

1025 511 1148 539 011111111111
1172 511 1308 540 honorum
1339 516 1592 547 renmneratorffln3
1619 514 1699 542 Marci
1731 515 1826 543 ultimo
1842 515 1868 542 8:
1887 500 2002 540 ‘'⁰21⁰ng

1028 557 1125 585 Maria
1147 557 1316 594 Muydalene
1336 562 1360 586 et
1382 559 1481 587 Maria
1499 560 1598 588 Iacobi
1618 565 1643 588 et
1665 561 1778 589 Salome
1799 570 1868 590 eme-

1027 607 1096 631 runt
1121 608 1275 638 aromata,
1302 609 1334 633 ut
1361 606 1501 634 uenientes
1532 611 1669 644 imperent
1692 608 1795 636 lesum.
1819 609 1868 637 Sed

1026 650 1145 679 notabile
1166 654 1222 684 est,
1245 651 1317 688 quod
1340 652 1494 680 vuoluerunt
1516 656 1602 681 totum
1625 662 1726 690 corpus
1751 663 1868 692 ungere,

1025 700 1052 724 et
1082 700 1171 725 tamen
1201 706 1253 726 non
1283 703 1443 733 unxerunt,
1466 700 1530 736 quia
1558 709 1610 728 non
1641 705 1798 734 mortuum,
1823 702 1867 731 sed

1025 743 1207 772 immortalem
1223 748 1249 772 et
1267 745 1450 781 glorificatum
1467 747 1641 775 invenerunt.
1658 748 1712 776 Non
1729 749 1801 777 enim
1817 749 1869 777 suf-

1026 789 1082 817 licit
1103 791 1165 826 quis
1186 791 1218 819 ad
1242 792 1352 827 plenum
1376 793 1478 828 gratias
1499 801 1580 829 agere
1603 802 1652 830 pro
1673 795 1869 831 glorificatione

1025 840 1051 864 et
1073 838 1305 871 renumeratione,
1327 846 1389 867 cum
1413 840 1529 867 excedat
1549 848 1628 868 omne
1648 841 1766 869 hominis
1789 843 1868 871 meri-

1025 886 1094 916 tum,
1110 884 1258 919 cogitatum
1278 888 1305 912 et
1320 884 1474 921 ingenium3
1492 886 1596 921 primae
1611 887 1642 914 ad
1659 887 1814 916 Corinthios
1829 897 1868 917 sc-

1025 929 1115 957 cundo
1131 930 1157 957 ⁹:
1182 931 1265 965 Quod
1286 931 1387 959 ocutus
1408 941 1466 960 non
1482 933 1562 966 nictit,
1578 942 1628 961 nec
1644 935 1730 962 auris
1745 935 1868 969 (utuliuit,

1024 985 1075 1004 nec
1089 977 1120 1004 in
1135 985 1185 1005 eor
1200 976 1326 1006 bominis
1341 979 1481 1013 aseendit,
1496 988 1571 1017 qztae
1582 982 1777 1017 praeparavit
1795 982 1869 1010 Deus

1025 1023 1062 1051 iis
1084 1024 1136 1061 qui
1156 1024 1281 1061 diliqunt
1303 1025 1394 1053 illum.
1412 1026 1438 1053 ln
1459 1026 1501 1054 his
1522 1034 1588 1063 ergo
1610 1028 1758 1063 ungnentis
1779 1028 1870 1056 odori-

1024 1069 1090 1098 feris
1104 1070 1181 1107 cupit
1196 1078 1295 1107 sponsa
1310 1072 1386 1108 sequi
1404 1072 1554 1108 Sponsum;
1574 1073 1747 1101 Canticorum
1765 1075 1868 1110 primo:

1032 1116 1126 1145 Tralte
1147 1126 1201 1151 me,
1214 1121 1280 1154 post
1302 1122 1325 1146 te
1346 1127 1501 1146 curremus
1520 1119 1551 1147 in
1572 1120 1688 1148 odorem
1710 1124 1869 1157 unquento-

1024 1172 1092 1192 rum
1120 1169 1257 1197 tuorum;
1283 1168 1309 1193 et
1337 1165 1434 1193 heatus
1463 1166 1589 1194 loannes:
1616 1166 1718 1195 «Odor
1748 1171 1825 1201 tuus,
1854 1175 1869 1195 o

1024 1211 1113 1245 Deus,
1136 1212 1266 1240 excitavit
1290 1213 1315 1240 in
1337 1220 1380 1241 me
1402 1213 1637 1249 concupiscentias
1657 1218 1824 1242 aeternas».

1103 1258 1131 1285 ll.
1154 1258 1295 1292 Secundo,
1325 1262 1355 1287 ut
1383 1259 1486 1287 dictum
1516 1264 1573 1293 est,
1606 1260 1813 1288 111111111011111111111
1835 1261 1869 1289 ab
1894 1269 1972 1295 vars-u.
1985 1269 2014 1296 Ι[113

1023 1305 1225 1333 amaritudine
1246 1306 1476 1342 compunctionis
1499 1306 1524 1334 111
1541 1307 1717 1343 profluxione
1740 1308 1869 1343 1116111113-
1886 1292 2014 1347 ἓςῖἶῖιῗῇἶιιιῗὲἶιῗ

1024 1360 1086 1380 rum
1108 1360 1157 1388 per
1180 1352 1244 1386 hoc,
1266 1352 1339 1389 quod
1361 1353 1472 1386 dicitur,
1488 1354 1553 1390 quia
1568 1355 1685 1382 extersit
1704 1355 1788 1391 perles
1807 1355 1869 1383 eius
1888 1344 1923 1357 ‘m'

1023 1398 1137 1435 capillis
1152 1399 1223 1427 suis.
1237 1399 1312 1431 Nam,
1325 1399 1396 1428 sicut
1411 1400 1512 1428 dicitur
1526 1401 1551 1428 in
1568 1401 1711 1438 Evangelio
1728 1402 1868 1435 hodierno,

1024 1445 1111 1474 Lucae
1133 1446 1249 1482 septimo
1266 1446 1304 1479 ¹⁰,
1326 1446 1442 1480 mulier,
1465 1455 1540 1484 quae
1557 1451 1621 1475 erat
1635 1448 1665 1475 in
1681 1448 1794 1476 et'zu‘tate
1807 1457 1869 1485 pee—

1024 1493 1133 1525 eatria',
1155 1493 1253 1521 attulit
1274 1493 1460 1521 alabastrum
1484 1494 1638 1531 unquenti,
1667 1499 1691 1522 et
1715 1499 1797 1523 stan-s
1826 1504 1868 1523 re-

1023 1544 1068 1568 tro
1088 1548 1171 1568 secus
1190 1540 1275 1576 pedes
1296 1540 1403 1568 Domini
1421 1540 1479 1569 lesu
1496 1540 1638 1578 lacrymis
1657 1542 1746 1578 eoepit
1768 1542 1869 1578 ricsare

1021 1586 1105 1623 pectes
1126 1587 1189 1614 eius
1206 1591 1231 1615 et
1252 1586 1367 1623 capillis
1382 1587 1487 1623 capitis
1501 1588 1551 1615 sui
1564 1588 1700 1624 teryebat,
1715 1593 1739 1616 et
1755 1589 1867 1617 oscula-

1023 1633 1110 1662 batur
1128 1634 1215 1670 pedes
1236 1634 1298 1662 eius
1320 1637 1344 1661 et
1364 1638 1511 1671 unguento
1529 1635 1660 1672 uugyebat.
1683 1652 1720 1655 —--
1736 1636 1804 1664 llaec
1819 1644 1867 1664 au-
1901 1644 1991 1671 rupinisv

1023 1683 1077 1708 tem
1099 1680 1255 1709 amaritudo
1277 1681 1495 1717 compunctionis
1517 1685 1666 1718 generatur
1695 1690 1730 1710 ex
1754 1683 1867 1719 triplicis
1886 1667 2001 1709 mggrffign

1022 1727 1084 1755 mali
1107 1727 1340 1761 consideratione,
1363 1730 1390 1756 et
1406 1727 1502 1764 primo,
1525 1736 1559 1756 ex
1577 1729 1793 1757 consideratione
1808 1738 1866 1758 ma-
1884 1737 1964 1755 rrimum
1976 1743 2013 1756 ma.

1022 1774 1120 1807 culae,
1142 1777 1169 1802 et
1190 1781 1226 1802 ex
1248 1774 1299 1802 hac
1320 1774 1478 1807 erubeseit;
1501 1775 1573 1803 unde
1587 1775 1698 1809 dicitur,
1720 1776 1794 1813 1111011
1808 1780 1866 1804 sta-
1923 1761 1967 1779 Μ’

1022 1821 1071 1849 bat
1091 1824 1168 1848 retro
1191 1821 1262 1849 sicut
1284 1821 1441 1849 verecunda
1468 1822 1501 1850 dc
1530 1830 1579 1850 sua
1608 1822 1796 1857 immunditia;
1820 1832 1865 1852 no—

1022 1868 1094 1896 lebat
1115 1868 1188 1896 enim
1211 1868 1237 1896 in
1260 1868 1354 1897 faciem
1370 1869 1476 1897 Domini
1501 1877 1529 1897 se
1553 1869 1690 1906 ingerere,
1707 1870 1820 1899 confusa
1833 1871 1865 1899 de

1021 1922 1071 1943 sua.
1094 1914 1281 1949 immunditia3
1304 1916 1431 1944 Matthaei
1447 1924 1532 1944 nono:
1556 1917 1635 1950 Ecce,
1658 1917 1773 1951 muilier,
1793 1926 1867 1955 quae

1020 1962 1178 1999 sanquinis
1199 1961 1314 1998 fluxum
1336 1963 1505 1999 patiebatur
1526 1963 1675 1992 (luodeeim
1698 1965 1796 1998 amris,
1819 1973 1866 1992 ae-

1021 2009 1103 2037 eessit
1126 2012 1221 2042 retro;
1244 2009 1422 2038 Ecclesiastici
1445 2013 1562 2046 quarto:
1586 2011 1633 2038 Est
1659 2010 1792 2047 conlusio
1815 2011 1865 2039 cut-

1021 2056 1129 2084 (lueens
1149 2056 1282 2093 qratiam
1303 2060 1327 2084 et
1346 2056 1483 2093 gloriam.
1507 2057 1537 2085 Et
1560 2057 1596 2085 sic
1627 2058 1753 2094 producit
1780 2058 1866 2094 lacry-

1021 2111 1095 2137 mas,
1118 2107 1164 2137 ut,
1187 2103 1353 2132 erubescens
1382 2103 1582 2132 immunditiam
1610 2112 1704 2138 suam,
1726 2107 1866 2133 mereatur

1021 2150 1142 2183 liberari,
1165 2150 1244 2178 iuxta
1259 2150 1325 2178 illud
1342 2150 1441 2179 Tobiae
1463 2151 1544 2179 tertio
1561 2151 1599 2178 ¹¹:
1622 2151 1714 2185 Sara,
1730 2151 1793 2187 fitia
1809 2152 1865 2179 Ra-

1019 2197 1123 2235 yuelis,
1136 2197 1268 2234 perrexit
1289 2197 1318 2225 in
1340 2198 1479 2234 superius
1494 2197 1659 2226 cubiculum
1677 2199 1780 2226 domus
1794 2207 1866 2226 suae

1020 2249 1044 2273 et
1067 2244 1161 2273 tribus
1182 2244 1283 2272 dicbus
1298 2249 1322 2272 et
1338 2244 1432 2272 tribus
1447 2244 1579 2273 noctibus
1601 2253 1658 2273 11011
1674 2245 1864 2273 manducauit

1020 2300 1110 2327 neque
1131 2290 1211 2325 bibit,
1227 2291 1276 2319 sect
1297 2291 1328 2319 iu
1350 2291 1480 2319 oratione
1499 2291 1666 2328 persistens,
1682 2300 1748 2319 cum
1770 2291 1865 2329 lacry-

1019 2338 1076 2366 mis
1101 2337 1315 2374 deprecabatur
1339 2338 1446 2371 Deum,
1479 2342 1511 2366 ut
1542 2338 1579 2366 ab
1601 2338 1655 2366 isto
1688 2338 1865 2375 improperio

1019 2385 1156 2414 liberaret
1177 2393 1250 2413 eam.
1273 2385 1326 2413 Hoc
1348 2385 1547 2421 improperium
1570 2389 1642 2419 erat,
1665 2385 1730 2421 quia
1751 2385 1864 2413 daemo—

1019 2432 1100 2460 nium
1125 2432 1270 2460 occiderat
1290 2436 1394 2468 septem
1418 2432 1496 2460 uiros
1517 2433 1585 2465 eius,
1602 2440 1650 2468 per
1672 2439 1741 2468 quos
1763 2431 1864 2468 signifi-

1019 2482 1118 2507 cantur
1141 2482 1243 2515 septem
1267 2479 1392 2513 virtutes,
1414 2487 1485 2515 quae
1506 2479 1670 2507 occiduntur
1693 2487 1741 2515 per
1761 2481 1863 2515 septem

1019 2526 1084 2554 vitia
1112 2526 1253 2562 capitalia,
1282 2533 1352 2562 quae
1380 2525 1494 2554 fuerunt
1523 2525 1548 2553 in
1582 2526 1754 2562 Magslalena3
1784 2526 1863 2553 lllarci

1019 2573 1131 2601 ultimo:
1155 2573 1303 2610 Apparuit
1318 2573 1417 2609 primo
1435 2573 1514 2601 lesus
1530 2573 1643 2600 illae-iac
1659 2572 1864 2609 illagyrlalcnac,

1019 2620 1052 2648 (le
1073 2629 1133 2658 qua
1154 2620 1274 2648 eiecerat
1295 2623 1398 2657 septem
1429 2620 1593 2648 daemonia.
1618 2620 1663 2648 Vel
1688 2628 1735 2656 per
1761 2624 1863 2656 septem

1891 1034 2003 1052 Notandum.

1080 2804 1090 2817 '⁵
1109 2806 1171 2827 vers.
1195 2805 1228 2827 14.
1246 2808 1268 2827 et
1290 2806 1327 2832 1⁴33
1345 2805 1448 2833 seqnitur
1467 2806 1500 2827 ΡΞ.
1522 2806 1576 2831 1:32,
1598 2805 1615 2826 1.
1634 2811 1698 2832 seqq.

1081 2844 1089 2856 ⁷
1109 2845 1173 2865 Vei-s.
1191 2845 1212 2865 3.

1080 2882 1088 2895 ⁸
1106 2882 1161 2910 Cap.
1183 2884 1217 2909 16,
1239 2883 1256 2904 l.

1080 2920 1089 2933 ⁹
1108 2922 1172 2944 YerS.
1189 2922 1214 2948 95
1230 2924 1359 2950 sequnntur
1376 2921 1439 2943 Cant.
1462 2922 1479 2947 l,
1497 2922 1518 2943 3.
1536 2924 1557 2943 et
1575 2921 1667 2946 andins,
1686 2920 1724 2942 lib.
1743 2920 1763 2941 ὅ.

1080 2960 1099 2972 ¹⁰
1118 2961 1181 2982 vers.
1201 2960 1237 2982 37.
1255 2966 1315 2988 seq.;
1333 2963 1460 2988 sequnntur
1478 2960 1552 2981 Maon.
1567 2960 1588 2986 9,
1601 2960 1637 2981 ΞΟ.
1656 2962 1678 2981 ct
1695 2959 1762 2981 ticeli.
1782 2958 1807 2986 li,
1826 2958 1862 2979 25.

1080 2999 1097 3011 ¹¹
1119 3000 1182 3021 Vers.
1199 2999 1220 3021 7.
1243 2999 1276 3020 l0.
1294 3005 1341 3027 seq.
1360 3002 1381 3021 et
1398 2999 1450 3020 (lein
1469 3005 1491 3020 v.
1510 2999 1531 3020 8.
1549 3001 1569 3020 et
1588 2999 1655 3020 Marc.
1678 2999 1710 3025 16,
1728 2998 1750 3019 9.

1739 3045 1763 3066 71
