2243 3348
1 511 6 605 1

4 612 6 689 l

1 696 7 739 ἑ
32 713 98 739 Priuiq,
112 712 135 730 de

2 736 7 757 ’1
31 736 133 756 humilitate

2 776 7 785 Μ
23 758 142 779 contritionis.

19 1460 108 1483 Secundo,
121 1460 145 1480 de

10 1483 11 1486 ’
31 1484 133 1503 humilitate

29 1507 136 1535 recognitio-

63 1536 98 1550 ms.

35 2491 102 2515 Tertio,
115 2492 138 2511 de

35 2515 137 2535 humilitate

23 2538 146 2558 zubieciionis.

656 158 811 187 DOMlNlei
834 158 864 186 X.
888 156 969 185 POST
991 155 1232 184 PENTECOSTEN.
1256 155 1364 183 SERMO
1387 156 1402 183 1.

158 238 232 266 Deus
253 237 326 273 quod
349 236 393 265 ille
414 236 537 273 agnoscit
552 248 577 264 ».
601 236 632 264 Et
663 236 701 264 sic
732 236 859 265 movebat
880 243 943 264 eum
968 235 1000 263 ad

157 284 340 312 humilitatem
352 283 459 311 divinae
468 282 630 311 Maiestatis
640 281 807 319 fastigium,
819 283 892 319 quod
907 285 948 311 est
960 291 1002 312 ve-

156 330 326 363 nerandum;
342 330 503 358 commissae
524 329 689 367 iniquitatis
710 329 912 366 opprobrium,
927 330 1001 367 quod

157 380 197 406 est
224 376 460 409 erubescendum;
482 378 624 404 extremae
651 376 814 404 severitatis
839 376 1000 410 iudicium,

156 423 229 461 quod
251 426 293 451 est
313 422 507 456 metuendum;
524 426 551 450 et
572 422 610 451 sic
632 422 783 459 perfectum
804 423 901 451 babuit
922 423 1001 451 moti-

156 478 221 499 vum
243 469 277 498 ad
298 469 498 503 humilitatem,
520 469 624 498 scilicet
638 469 711 506 quod
726 473 785 497 erat
807 477 891 506 supra
910 470 999 506 ipsum

155 517 245 550 Deus,
267 516 315 553 qui
337 516 525 552 praesidebat;
547 516 620 552 quod
642 518 702 544 erat
722 516 794 544 infra
815 516 905 552 ipsum
920 516 1001 545 dede-

156 572 220 597 cus,
242 563 316 600 quod
337 563 511 599 displicebat;
534 562 606 599 quod
628 566 688 591 erat
709 566 804 591 contra
819 563 909 599 ipsum
932 563 1001 592 iudi-

155 610 244 644 cium,
267 609 341 646 quod
362 610 531 637 imminebat.

234 656 284 685 Sed
306 659 338 684 ut
359 658 434 684 recto
456 656 551 683 ordine
573 655 771 692 procedamus,
793 663 940 691 possumus
961 656 1001 685 di-

156 711 234 737 cere,
255 702 329 739 quod
351 702 395 730 ille
416 701 594 738 publicanus,
610 709 708 737 gerens
729 701 843 729 formam
861 702 917 730 veri
937 710 1001 739 poe-

156 749 283 783 nitentis,
305 748 395 785 primo
428 748 524 776 babuit
551 748 734 776 humilitatem
767 748 952 776 contritionis
975 752 1001 777 et

156 795 339 833 poenitentiae
361 795 392 822 in
413 794 498 822 eorde
518 802 554 822 ex
569 794 759 822 recordatione
774 795 935 823 commissae
951 795 1002 823 ini-

158 842 286 880 quitatis;
303 841 376 870 unde
397 841 524 869 convenit
545 841 567 869 ei
584 840 658 877 quod
672 841 774 869 dicitur
790 841 1001 869 Proverbiorum

156 889 318 918 duodecimo
328 889 353 916 ¹:
369 888 481 916 Moeror
496 887 526 915 iu
548 887 633 915 eorde
653 887 714 915 viri
728 886 895 915 humiliabit
910 887 1001 916 illum.

156 952 195 956 —
209 935 323 964 Moeror
343 937 384 964 est
405 934 483 963 dolor
496 934 530 962 de
546 934 663 970 peccatis
678 934 851 970 praeteritis,
866 934 939 970 quod
962 937 1003 963 est

157 983 291 1019 optimum
314 982 449 1010 motivum
471 981 503 1009 ad
526 981 708 1009 humilitatem
731 980 830 1015 cordis,
852 981 918 1017 quia
939 989 1002 1017 poe-

156 1029 261 1063 nitens,
283 1028 379 1057 dolens
408 1028 442 1056 de
470 1028 587 1064 peccatis
618 1031 645 1055 et
676 1035 705 1056 se
736 1027 853 1056 libenter
881 1027 1003 1056 subdens

157 1077 288 1109 Domino,
303 1083 386 1112 quem
409 1075 535 1108 offendit,
558 1075 707 1103 salubriter
729 1075 836 1103 veniam
860 1075 1002 1111 impetrat,

157 1123 309 1152 secundum
332 1122 404 1159 quod
426 1122 528 1151 dicitur
549 1122 575 1150 in
598 1122 718 1151 Psalmo:
736 1122 793 1150 Cor
807 1122 963 1150 contritum
979 1126 1004 1150 et

158 1169 362 1203 humiliatum,
388 1169 479 1202 Deus,
502 1177 560 1197 uon
587 1169 734 1205 despicies.
756 1169 832 1197 Unde
853 1169 1002 1205 poenitenti

157 1217 259 1246 dicitur
281 1216 458 1245 Ecclesiastici
482 1216 618 1244 secundo:
634 1216 669 1243 ln
691 1216 787 1244 dolore
801 1216 912 1243 sustine
933 1219 959 1244 et
973 1216 1004 1244 in

157 1262 320 1292 humilitate
341 1266 393 1291 tua
412 1262 585 1299 patientiam
609 1261 680 1290 habe
688 1273 698 1296 ;
719 1262 859 1300 quoniam
885 1263 916 1290 ia
938 1263 1003 1299 iyne

155 1309 302 1347 probatur
331 1318 442 1338 aarum
474 1313 500 1337 et
520 1313 694 1346 arpentum,
716 1308 845 1337 homiues
869 1317 936 1337 vero
958 1318 1004 1337 re-

158 1356 298 1394 ceptibiles
319 1356 350 1385 in
372 1356 488 1385 camino
510 1355 733 1384 humiliationis.

236 1404 360 1433 Secundo
382 1404 426 1432 ille
452 1403 632 1440 publicanus,
654 1411 753 1440 gerens
774 1404 890 1432 sormam
913 1404 1004 1441 poeni-

157 1452 255 1485 tentis,
277 1451 374 1480 habuit
396 1450 578 1479 bumilitatem
608 1450 814 1488 reeoym‘tiouis
839 1451 942 1488 culpae
973 1451 1003 1479 iu

158 1508 207 1527 ore
227 1506 263 1527 ex
285 1498 383 1527 timore
411 1500 539 1526 aeternae
571 1497 748 1531 calamitatis;
771 1497 843 1526 unde
873 1498 1004 1527 Ecclesia-

158 1546 217 1575 stici
233 1545 385 1582 septimo2:
402 1544 535 1573 [iitinilia
549 1544 632 1573 valde
656 1545 797 1581 spiritum
822 1549 919 1579 tuum,
935 1554 1003 1583 quo-

157 1593 240 1621 ‘niam
261 1592 391 1621 vindicta
412 1592 513 1620 caruis
535 1591 633 1628 impii,
656 1591 734 1629 iyuis
755 1596 781 1620 et
801 1593 916 1621 vermis.
936 1592 1005 1621 Con-

158 1639 282 1669 siderans
310 1642 450 1675 peccator,
479 1638 552 1675 quod
585 1638 715 1667 vindicta
745 1643 772 1667 et
800 1639 907 1676 punitio
938 1647 1004 1668 suae

159 1686 249 1715 carnis
270 1686 323 1715 erit
344 1686 421 1723 ignis
442 1685 599 1722 gehennae,
621 1685 668 1722 qui
685 1694 737 1714 000
754 1686 959 1723 exstinguetur,
980 1691 1005 1715 et

158 1733 265 1762 vermi-s
286 1733 484 1766 conscientiae,
507 1732 554 1769 qui
577 1733 805 1767 non-morietur,
820 1734 904 1762 valde
924 1734 1005 1763 debet

159 1779 317 1809 humiliare
336 1780 476 1817 spiritum
491 1788 593 1813 suum,
609 1788 659 1816 per
674 1780 800 1809 timorem
816 1789 909 1810 coram
932 1782 1005 1810 vica-

158 1828 200 1856 rio
221 1828 283 1861 Dei,
305 1827 407 1856 scilicet
429 1827 585 1861 sacerdote,
608 1830 634 1855 et
655 1827 715 1856 eius
736 1828 853 1864 pedibus
874 1829 1005 1865 provolu-

158 1878 216 1909 tus,
232 1882 295 1903 cum
311 1874 405 1903 dolore
426 1877 453 1902 et
475 1874 602 1910 lacrymis
617 1881 667 1902 sua
682 1877 792 1911 peccata
813 1875 951 1909 confiteri,
974 1879 1005 1904 ut

158 1921 252 1950 dolore
273 1923 300 1950 et
320 1920 504 1949 amaritudine
526 1921 746 1957 compunctionis
760 1930 885 1950 vermem
900 1922 1005 1950 interfi-

159 1968 212 1997 ciat
232 1970 259 1997 et
280 1968 396 1996 flumine
418 1968 603 2004 lacrymarum
626 1968 720 2005 ionem
743 1968 910 2005 exstinguat.
929 1969 1004 1998 Unde

158 2015 191 2044 de
206 2015 258 2044 ista
272 2015 462 2043 humiliatione
477 2015 578 2043 dicitur
594 2015 772 2043 Ecclesiastici
788 2018 902 2052 quarto:
918 2016 1005 2044 Pres-

159 2062 256 2100 bytero
287 2060 413 2090 humilia
441 2062 572 2090 animam
606 2065 705 2096 tuam,
727 2062 801 2099 quod
823 2062 868 2096 fit,
894 2063 1005 2099 quando

158 2112 301 2145 peccator,
324 2101 516 2142 considerans,
539 2109 613 2145 quod
640 2109 784 2145 presbyter
817 2112 890 2137 tenet
912 2109 1002 2138 locum

159 2155 223 2190 Dei,
245 2164 298 2184 non
328 2155 388 2184 vult
419 2158 551 2192 tanquam
585 2155 724 2192 superbus
744 2155 842 2184 sedere
870 2156 904 2184 ad
934 2156 1005 2185 latus

158 2202 233 2236 eius,
255 2203 340 2231 immo
361 2205 493 2239 tanquam
515 2202 628 2231 humilis
649 2210 678 2231 se
705 2204 856 2239 prosternit
877 2204 936 2232 eius
958 2212 1005 2241 pe-

159 2249 254 2283 dibus,
276 2257 423 2286 quousque
444 2249 609 2278 confiteatur
620 2250 640 2284 ³,
662 2250 727 2286 quia
749 2253 814 2279 tunc
829 2250 960 2287 impletur
976 2251 1003 2279 in

159 2304 191 2325 eo
211 2296 284 2333 quod
305 2296 406 2325 dicitur
428 2296 501 2325 tertii
524 2297 627 2333 Regum
650 2297 781 2333 vigesimo
803 2297 908 2334 primo:
926 2298 1004 2333 Quia

159 2341 333 2372 humiliatus
353 2347 393 2371 est
414 2343 471 2371 mei
491 2351 595 2377 eausa,
610 2352 668 2372 uon
683 2344 822 2372 iudaeam
845 2344 958 2373 malum
973 2345 1004 2373 in

160 2390 259 2418 diebus
279 2390 350 2418 eius.

237 2437 329 2466 Tertio
351 2437 401 2466 iste
422 2437 588 2474 publicanus
609 2437 708 2466 habuit
735 2438 917 2467 bumilitatem
940 2438 1004 2467 sub-

159 2484 288 2513 iectionis
309 2487 335 2513 et
356 2484 527 2513 reverentiae
559 2484 590 2512 iii
611 2493 694 2521 opere
722 2492 758 2513 ex
786 2485 1004 2514 consideratione

159 2531 306 2559 altissimae
327 2531 481 2559 Maiestatis.
504 2530 579 2559 Unde
601 2539 653 2559 non
676 2531 790 2560 accessit
815 2531 1004 2568 impudenter,

160 2578 206 2606 sed
226 2582 309 2606 stans
330 2586 349 2606 a
371 2578 451 2615 louye
472 2581 641 2612 reverenter,
657 2578 769 2606 ‘nolebat
791 2579 935 2607 oculorum
958 2587 1005 2608 511-

160 2624 303 2661 percilium
326 2625 352 2653 in
374 2625 460 2653 altum
486 2625 610 2653 elationis
638 2625 764 2659 elevare,
787 2625 833 2654 sed
862 2626 889 2653 10
918 2626 1004 2654 1011101

160 2671 317 2700 (10100110015
338 2672 509 2708 deprimere,
531 2675 562 2700 ut
583 2680 633 2709 per
655 2672 706 2701 1100
727 2676 819 2709 posset
840 2673 927 2701 Deum
956 2673 1006 2702 ho—

160 2726 272 2753 norare,
294 2718 447 2747 secundum
468 2719 541 2755 quod
563 2719 664 2747 dicitur
687 2719 864 2748 Ecclesiastici
885 2720 1004 2748 terti04:

1845 155 1900 184 393

1060 234 1169 271 Magyna
1186 233 1315 270 potentia
1336 234 1390 261 Dei
1409 233 1517 267 solius,
1533 237 1557 262 et
1579 233 1614 261 ab
1634 232 1792 261 humilibus
1814 232 1900 261 hono-

1057 284 1155 309 ratur.
1177 281 1272 318 Magna
1295 288 1354 315 res,
1376 281 1449 317 quod
1471 281 1599 309 excelsus
1620 280 1693 309 Deus
1708 280 1825 308 humilia
1839 280 1902 309 sub-

1057 327 1188 356 iacentiae
1209 328 1235 355 in
1258 328 1404 364 publicano
1425 328 1560 364 approbat
1580 329 1607 356 et
1628 327 1682 355 alta
1707 327 1852 363 superbiae
1873 327 1900 355 in

1059 374 1203 402 Pharisaeo
1224 374 1367 411 reprobat,
1382 374 1429 411 qui
1445 382 1499 402 non
1521 374 1609 402 Deum
1630 374 1741 407 orabat,
1764 374 1847 402 immo
1868 374 1901 402 de

1057 421 1177 457 propriis
1198 421 1304 449 meritis
1329 429 1357 449 se
1390 421 1517 450 laudabat
1539 424 1566 449 et
1586 421 1639 458 alii·
1654 420 1809 449 insultabat.
1832 421 1900 449 Nam

1058 467 1204 496 deseendit
1225 467 1402 504 iustificata?
1424 468 1588 505 publicanus
1609 476 1625 496 a
1641 468 1785 496 Pliarisaeo
1800 468 1831 496 in
1852 468 1900 496 do—

1057 522 1137 541 mam
1160 514 1342 543 conscientiae
1374 515 1510 551 propriae.
1542 515 1572 543 Et
1600 516 1651 543 boc
1676 519 1717 543 est
1748 515 1898 544 secundum

1058 560 1181 596 regulam
1203 561 1310 589 divinae
1331 561 1466 595 iustitiae,
1489 570 1560 598 quae
1581 565 1636 590 est:
1661 562 1780 595 Omnis,
1802 562 1854 600 qui
1873 570 1901 590 se

1057 606 1176 640 excellat,
1199 606 1421 642 humiliabitur,
1436 612 1462 636 et
1482 609 1533 646 qui
1552 617 1581 636 se
1602 608 1739 637 humiliat
1760 609 1900 637 exaltabi-

1058 656 1116 680 tur.
1138 654 1217 682 Certe
1238 662 1381 690 nunquam
1404 655 1448 683 ille
1469 655 1632 684 Pharisaeus
1654 656 1799 692 publicano
1815 656 1900 684 insul-

1058 702 1156 733 tasset,
1179 701 1199 728 si
1222 701 1382 729 attendisset
1403 702 1476 737 quod
1497 702 1562 730 dicit
1582 702 1676 731 Glossa
1691 703 1832 739 Augustini
1855 711 1900 731 su-

1058 754 1106 782 per
1130 747 1196 774 illud
1217 747 1250 774 ad
1272 747 1459 783 Philippenses
1481 748 1638 776 secundo⁵z
1662 749 1832 785 Superiores
1846 750 1903 778 sibi

1058 792 1179 820 invicem
1202 792 1398 821 arbitrantes:
1425 794 1506 822 «Non
1536 795 1587 823 hoc
1616 796 1652 823 ita
1682 796 1814 824 debemus
1842 797 1900 825 exi-

1059 839 1186 872 stimare,
1219 842 1250 867 ut
1280 847 1334 867 000
1363 840 1570 874 existimemus,
1593 842 1639 869 sed
1666 850 1714 870 nos
1742 843 1902 871 existimare

1059 885 1210 921 fingamus3
1233 886 1279 914 sed
1312 894 1376 914 vere
1409 887 1615 921 existimemus,
1638 889 1739 925 aliquid
1762 889 1901 917 occultum

1059 939 1118 960 esse
1140 939 1218 968 posse
1241 932 1266 960 in
1289 933 1357 966 ali0,
1380 941 1435 969 quo
1456 934 1535 962 nobis
1563 935 1690 971 superior
1719 935 1768 969 sit,
1797 935 1903 964 etiamsi

1058 978 1161 1006 bonum
1177 982 1320 1013 nostrum,
1335 988 1391 1016 quo
1407 980 1452 1008 illo
1467 980 1594 1009 videmur
1609 981 1781 1018 superiores,
1801 990 1854 1010 non
1870 982 1904 1010 sit

1059 1025 1198 1053 occultum
1211 1036 1237 1053 n.
1259 1043 1298 1046 —
1319 1026 1369 1054 Sed
1391 1026 1456 1055 dicit
1477 1027 1590 1056 forsitan
1609 1028 1723 1065 aliquis:
1739 1029 1845 1063 Timeo,
1861 1037 1904 1057 me

1059 1072 1199 1100 humiliari
1216 1073 1291 1109 plus,
1307 1081 1389 1109 quam
1413 1074 1514 1102 veritas
1536 1074 1649 1108 habeat,
1666 1083 1699 1103 ne
1715 1075 1784 1104 forte
1799 1076 1904 1105 ratione

1060 1118 1259 1148 humiliationis
1281 1120 1421 1148 incurram
1454 1121 1627 1149 mendacium
1649 1122 1831 1151 simulationis
1852 1126 1902 1151 etc.

1059 1166 1207 1202 Respondit
1237 1166 1333 1195 beatus
1362 1167 1518 1196 Bernardus
1545 1176 1673 1197 sermone
1705 1170 1844 1206 trigesimo
1866 1178 1904 1198 se-

1060 1213 1145 1250 ptimo
1167 1221 1251 1250 super
1273 1214 1417 1242 Canticass:
1438 1226 1450 1238 «
1468 1215 1568 1243 lustius
1591 1215 1731 1252 tutiusque
1754 1220 1794 1244 est
1816 1217 1904 1253 profe-

1060 1263 1104 1289 cto
1126 1260 1204 1288 iuxta
1225 1260 1312 1297 ipsius
1334 1260 1461 1290 Veritatis
1483 1262 1643 1295 consilium,
1665 1263 1844 1291 novissimum
1866 1264 1905 1292 10-

1061 1315 1123 1336 cum
1146 1308 1262 1344 eligere,
1284 1308 1317 1336 de
1338 1316 1394 1345 quo
1417 1309 1588 1345 postmodum
1612 1317 1674 1337 cum
1697 1310 1801 1338 1100010
1823 1318 1905 1347 supe-

1061 1355 1120 1383 rius
1145 1355 1312 1388 educamur,
1334 1364 1416 1392 quam
1451 1364 1627 1392 praesumere
1658 1356 1800 1391 altiorem,
1833 1358 1905 1387 unde

1061 1402 1158 1431 cedere
1180 1410 1245 1430 mox
1260 1406 1384 1439 oporteat
1400 1411 1462 1431 cum
1480 1403 1590 1432 rubore.
1606 1404 1662 1432 Non
1679 1407 1720 1432 est
1734 1405 1905 1440 periculum,

1061 1452 1320 1487 quantumcumque
1343 1453 1368 1478 te
1390 1450 1534 1484 humilies,
1549 1454 1807 1488 quantumcumque
1823 1460 1906 1489 repu-

1061 1500 1102 1525 tes
1124 1497 1273 1530 minorem,
1295 1505 1376 1533 quam
1400 1497 1444 1525 sis.
1469 1497 1513 1525 Est
1544 1500 1635 1526 autem
1668 1498 1771 1534 grande
1803 1499 1905 1527 malum

1062 1543 1291 1580 horrendumque
1314 1544 1485 1580 periculum,
1501 1545 1522 1573 si
1545 1545 1588 1573 vel
1609 1545 1745 1573 modicum
1762 1545 1824 1581 plus
1840 1554 1905 1575 vero

1062 1595 1088 1620 te
1109 1591 1242 1624 extollas,
1257 1591 1278 1618 si
1300 1592 1340 1619 vel
1364 1591 1409 1619 uni
1434 1592 1460 1619 in
1476 1594 1523 1620 tua
1538 1592 1700 1628 cogitatione
1717 1595 1741 1620 te
1757 1592 1904 1629 praeferas,

1061 1646 1144 1675 quem
1178 1638 1248 1666 forte
1280 1646 1373 1674 parem
1402 1638 1449 1666 tibi
1482 1639 1589 1667 Veritas
1618 1639 1719 1667 iudicat
1749 1642 1797 1667 ant
1824 1639 1904 1667 etiam

1062 1686 1251 1722 superiorem3
1273 1685 1523 1722 quemadmodum,
1545 1686 1566 1714 si
1590 1694 1638 1722 per
1653 1686 1752 1714 ostium
1768 1689 1904 1720 transeas,

1061 1732 1142 1761 cuius
1163 1733 1375 1769 superliminare
1397 1732 1431 1761 sit
1462 1732 1576 1760 nimium
1599 1733 1725 1766 bassum,
1748 1741 1800 1761 non
1828 1736 1906 1761 nocet

1062 1783 1321 1816 quantumcumque
1354 1783 1379 1808 te
1411 1779 1601 1813 inclinaveris,
1631 1780 1676 1808 sed
1706 1783 1797 1813 nocet,
1827 1780 1847 1808 si
1880 1783 1905 1809 te

1061 1827 1187 1855 erexeris
1203 1837 1228 1854 ³).

1141 1874 1168 1901 ll.
1192 1873 1317 1902 Secundo
1340 1873 1366 1902 in
1389 1873 1473 1902 verbo
1495 1874 1634 1910 proposito
1650 1877 1761 1902 notatur
1775 1873 1905 1902 sublimi-

1061 1925 1107 1950 tas
1131 1921 1261 1958 praemii
1292 1921 1344 1949 sub
1376 1921 1482 1949 ratione
1510 1921 1668 1954 allicientis,
1701 1929 1762 1949 cum
1796 1921 1904 1950 subdit:

1061 1968 1248 1996 exaltabitur.
1272 1968 1382 2004 Triplici
1412 1968 1578 1996 exaltatione
1607 1968 1801 1996 sublimabitur
1823 1976 1906 1997 verus

1062 2015 1217 2052 poenitens,
1234 2014 1416 2051 respondente
1438 2014 1537 2051 triplici
1561 2015 1752 2043 humiliationi¹
1770 2015 1834 2043 Nam
1850 2015 1907 2052 pri-

1061 2070 1115 2096 mo,
1138 2062 1203 2099 quia
1225 2062 1321 2090 babuit
1337 2062 1519 2090 humilitatem
1539 2062 1711 2090 contritionis
1725 2065 1752 2090 et
1767 2063 1907 2099 poeniten-

1062 2109 1115 2138 tiae
1136 2109 1162 2137 in
1185 2109 1267 2137 corde
1289 2117 1323 2137 ex
1347 2109 1535 2137 recordatione
1557 2109 1717 2137 commissae
1740 2109 1904 2146 iniquitatis,

1061 2156 1231 2185 exaltabitur
1252 2157 1353 2184 decore
1374 2156 1498 2184 caelestis
1512 2156 1625 2192 gratiae,
1641 2156 1755 2184 delentis
1770 2157 1905 2184 maculam

1061 2206 1254 2240 peccatorum,
1277 2203 1412 2236 secundo,
1432 2203 1496 2239 quia
1519 2203 1614 2230 babuit
1637 2203 1817 2231 bumilitatem
1841 2204 1906 2232 51111-

1061 2250 1185 2278 iectionis
1207 2253 1234 2278 et
1255 2250 1427 2278 reverentiae
1453 2250 1479 2277 in
1508 2257 1590 2286 opere
1622 2257 1658 2278 ex
1690 2250 1906 2278 consideratione

1061 2296 1211 2325 altissimae
1223 2296 1378 2331 Maiestatis,
1393 2297 1562 2325 exaltabitur
1578 2296 1684 2324 uirtute
1698 2296 1906 2325 abundantioris

1062 2343 1197 2377 iustitiae,
1219 2343 1421 2372 accumulantis
1436 2344 1506 2372 bona
1522 2344 1700 2377 meritorum;
1724 2343 1820 2377 tertio,
1842 2343 1907 2380 quia

1062 2390 1160 2419 habuit
1181 2391 1363 2419 humilitatem
1393 2390 1586 2427 recognitionis
1617 2391 1714 2427 culpae
1746 2391 1771 2418 in
1802 2398 1849 2419 ore
1870 2398 1906 2419 ex

1062 2437 1161 2466 timore
1192 2437 1303 2466 futurae
1328 2438 1502 2471 calamitatis,
1534 2437 1702 2466 exaltabitur
1724 2436 1830 2466 honore
1851 2437 1907 2466 dei-

1062 2484 1157 2513 formis
1178 2484 1297 2521 gloriae,
1317 2485 1492 2513 sublimantis
1509 2484 1542 2512 ad
1557 2484 1656 2521 gaudia
1671 2485 1834 2521 Angelorum
1851 2485 1907 2513 sive

1061 2534 1248 2560 aeternorum.
1271 2532 1347 2560 Duae
1368 2532 1549 2560 exaltationes
1572 2535 1636 2559 sunt
1658 2531 1684 2559 in
1707 2534 1779 2560 statu
1802 2532 1860 2560 viae
1882 2534 1908 2559 et

1061 2578 1211 2615 disponunt
1233 2579 1266 2607 ad
1288 2579 1410 2613 tertiam,
1433 2586 1504 2615 quae
1525 2581 1566 2607 est
1588 2578 1615 2606 in
1638 2582 1711 2607 statu
1733 2578 1846 2614 patriae.

1141 2626 1231 2654 Primo
1252 2629 1366 2662 propter
1389 2626 1571 2654 bumilitatem
1603 2626 1775 2654 contritionis
1796 2629 1822 2653 et
1844 2633 1907 2661 poe-

1062 2673 1192 2701 nitentiae
1214 2673 1240 2700 in
1262 2672 1344 2700 corde
1366 2680 1402 2701 ex
1425 2672 1613 2700 recordatione
1635 2672 1795 2700 commissae
1811 2671 1908 2707 iniqui-

1062 2720 1125 2748 tatis
1156 2719 1324 2747 exaltabitur
1353 2719 1452 2747 decore
1482 2719 1610 2747 caelestis
1637 2719 1770 2755 gyrcttiae,
1792 2718 1907 2746 delentis

223 2839 230 2852 ¹
250 2840 316 2862 Vers.
332 2840 374 2869 25;
391 2843 519 2869 sequuntur
538 2842 571 2863 95Δ
590 2841 628 2868 50,
651 2841 683 2863 l9.
700 2844 723 2863 et
739 2842 806 2864 Eccli.
824 2843 845 2870 2,
865 2842 885 2864 4.
902 2848 950 2871 seq.

224 2878 233 2891 2
251 2879 316 2901 Vers.
334 2880 374 2907 111);
392 2880 495 2908 sequitur
512 2886 530 2902 c.
550 2880 574 2909 li,
594 2880 616 2902 7.

224 2917 232 2930 ³
252 2918 309 2940 Vide
333 2924 403 2946 supra
428 2925 482 2946 pag.
508 2920 566 2947 368,
591 2920 634 2941 col.
661 2920 676 2942 Ι.
702 2932 732 2936 -
759 2920 866 2948 Sequitur
890 2921 922 2942 111,
948 2921 1004 2948 Reg.

162 2958 198 2985 21,
217 2957 253 2979 29.

255 3003 282 3027 S.
298 3004 391 3027 Bomw.
406 3017 436 3021 —
449 3005 519 3027 Tom.
534 3005 571 3027 IX.

1124 2841 1133 2853 ⁴
1151 2842 1217 2863 Vers.
1236 2842 1273 2863 21.

1152 2880 1217 2903 Vers.
1237 2881 1256 2902 3.
1275 2880 1353 2902 Glossa
1371 2882 1405 2901 est
1422 2878 1546 2901 ordinaria
1565 2879 1585 2900 in
1603 2880 1664 2900 hunc
1677 2879 1751 2900 locum
1766 2884 1790 2900 ex
1804 2878 1907 2905 August,

1063 2920 1113 2942 libr.
1131 2920 1159 2941 de
1178 2919 1266 2941 Divers.
1285 2918 1415 2947 Quaestion.
1433 2925 1455 2946 q.
1473 2918 1510 2939 71.
1530 2924 1550 2939 n.
1569 2918 1591 2939 5.

1125 2958 1134 2972 ὖ
1152 2958 1218 2980 Num.
1237 2958 1258 2979 6.
1276 2961 1298 2979 01
1314 2957 1336 2983 7,
1354 2956 1392 2979 ubi
1411 2957 1531 2984 respicitur
1549 2957 1601 2978 Luc.
1621 2956 1663 2983 ll,
1685 2957 1717 2977 10.

1784 3002 1812 3023 50

1922 1033 2039 1052 Difficultatis

1945 1058 2019 1076 solutio.

1941 1878 1986 1896 Pars
1998 1878 2020 1896 ΙΙ.

1927 1901 2034 1928 Sublimi-tas

1936 1929 2022 1948 praemii.

1923 2019 2038 2037 Subdivisio.

1929 2629 1955 2647 De
1969 2629 2036 2655 decore

1945 2654 2022 2675 gratiae.
