2243 3348
279 446 370 467 Secundo,

255 471 331 493 propter
340 469 386 487 Con·

262 493 311 515 cepti
324 494 384 510 aeter-

280 516 363 534 nitatem.

262 630 336 650 Grande
350 636 387 653 my-

278 654 354 672 sterium
363 655 366 671 l

252 2030 320 2051 Tertio,
335 2035 378 2053 pro-

255 2056 296 2077 pter
309 2058 365 2072 conoe

261 2077 330 2100 paonis
342 2082 374 2095 uo-

277 2100 360 2118 vitatem,

401 175 457 203 664

400 252 515 289 singulis
537 250 714 287 praeferenda
736 252 800 277 sunt
821 248 903 276 simul
922 249 1035 280 cuncta,
1057 248 1084 274 et
1105 245 1243 281 incompa-

401 298 523 327 rabiliter
545 296 726 325 excellentius
757 298 797 323 est
825 298 908 330 atque
929 293 1036 321 felicius
1063 292 1154 319 omnia
1183 299 1244 327 per-

400 344 503 380 cepisse
525 351 607 379 quam
630 342 763 378 aliqua».

478 389 601 417 Secundo
623 388 674 416 suit
695 386 864 415 admirabilis
879 389 991 422 propter
1008 384 1141 420 Concepit
1154 387 1244 411 aeter-

400 437 536 468 nitats’nm
562 435 716 470 Conceptus
740 433 812 461 enim
841 436 901 461 erat
921 432 1010 464 Deus,
1032 430 1079 459 Dei
1108 430 1190 457 Filius
1218 433 1245 457 et

401 483 551 520 Sapientia,
574 488 645 517 quae
666 480 699 508 de
721 487 749 508 se
777 479 842 507 dicit
864 478 1076 506 Proverbiorum
1106 480 1202 505 octavo
1218 477 1243 503 ¹:

401 530 444 558 Ab
473 534 587 557 aeterno
618 527 759 555 ordina-ta
786 534 852 553 sum
881 529 906 553 ec
927 533 961 552 ca:
990 523 1137 561 antiquis,
1166 527 1244 551 ante-

400 584 489 614 quam
512 579 592 603 terra
613 573 700 610 fieret.
725 572 861 600 Nondum
889 575 974 599 erant
1002 570 1117 608 abyssi,
1140 572 1164 597 et
1195 578 1245 606 eyo

402 623 462 650 iam
484 624 618 657 concepta
640 627 730 647 eram.
760 619 785 646 s'i
814 618 848 646 ab
876 620 989 645 aeterno
1018 616 1069 644 suit
1097 619 1244 651 concepta,

399 667 536 705 quomodo
557 666 662 702 concipi
692 665 782 702 potuit
802 665 828 692 in
858 664 912 692 fine
940 664 1115 692 saeculorum
1144 670 1159 690 a
1186 662 1245 689 Vir-

397 716 459 752 gine
481 714 582 742 Maria?
604 714 629 741 Si
652 713 723 741 enim
746 715 858 740 aeterna
873 714 947 744 erat,
969 718 1035 747 ergo
1057 709 1244 743 immutabilis,

397 770 462 798 ergo
479 759 770 797 incomprehensibilis,
786 766 852 794 ergo
868 757 1086 786 interminabilis.
1102 756 1245 792 Quomodo

397 816 462 845 ergo
485 806 694 836 interminabilis
709 804 813 841 concipi
838 804 925 841 potuit
946 812 962 832 a
984 804 1150 832 iuvencula?
1171 803 1244 839 Quo-

397 854 477 883 modo
498 852 783 890 lncomprehensibilis
798 860 813 880 a
829 851 965 888 parvula?
987 850 1129 887 Quomodo
1145 851 1244 879 111111111-

397 902 487 930 tabilis
508 909 524 929 a
545 900 632 937 fragili
655 903 682 928 et
702 899 822 928 tenella?
844 899 876 926 Et
892 901 982 927 tamen
1000 898 1079 927 talen]
1095 902 1122 926 01
1138 900 1243 926 tantuin

397 948 535 985 concepit,
565 947 716 976 secundum
745 945 931 975 testimonium
957 945 1127 982 angelicum;
1157 946 1244 974 Lucae

396 995 486 1031 primo
501 995 521 1028 2,
544 994 632 1030 inquit
654 993 771 1029 Angelus
785 993 818 1021 ad
832 992 989 1029 Virginem:
1006 993 1085 1025 Eece,
1101 992 1244 1029 concipies

397 1042 427 1069 in
457 1045 536 1069 utero
565 1044 589 1068 et
616 1040 716 1076 paries
742 1039 851 1067 Filiam
880 1042 948 1072 etc.;
969 1043 996 1068 et
1025 1041 1086 1076 post
1113 1038 1244 1067 describit

396 1096 475 1116 eum:
498 1087 552 1115 Hie
573 1087 628 1115 erit
656 1094 799 1123 magnus,
821 1086 924 1114 scilicet
952 1085 1242 1122 incomprehensione3

396 1139 421 1162 et
450 1133 544 1161 Filius
573 1133 718 1161 Allis-simi
745 1132 908 1166 vocabitur,
937 1140 1003 1160 suae
1030 1131 1164 1160 essentiae
1192 1131 1243 1159 im-

395 1180 592 1214 mutabilitate;
621 1184 647 1208 et
673 1180 758 1216 regni
782 1180 844 1207 eius
865 1188 923 1207 non
948 1179 1002 1207 erit
1023 1179 1108 1215 finis,
1131 1186 1181 1207 sua
1203 1178 1243 1206 in-

395 1227 626 1255 terminabilitate.
660 1226 734 1255 Unde
766 1226 793 1254 in
826 1226 877 1254 hoc.
913 1229 1047 1262 conceptu
1079 1228 1121 1254 est
1150 1225 1243 1253 divina

395 1274 521 1302 Maiestas
542 1274 706 1302 mirabiliter
729 1273 881 1307 humiliata,
897 1277 923 1301 et
938 1272 1080 1309 virginalis
1102 1272 1244 1300 humilitas

395 1321 558 1349 mirabiliter
573 1320 702 1349 exaltata.
718 1320 793 1349 Unde
810 1319 980 1348 Bernardus:
1001 1331 1014 1344 «
1026 1319 1125 1347 Mirare
1137 1322 1244 1347 utrum-

395 1368 461 1396 libet
482 1371 509 1396 et
529 1367 607 1404 elige,
630 1367 695 1404 quid
717 1367 837 1403 amplius
859 1366 984 1400 mireris,
1007 1366 1064 1394 sive
1085 1366 1142 1394 Filii
1167 1366 1243 1394 beni-

395 1415 552 1452 gnissimam
568 1414 770 1450 dignationem,
793 1413 850 1441 sive
865 1413 959 1441 Matris
981 1413 1242 1441 excellentissimam

394 1462 569 1498 dignitatem!
592 1461 736 1497 Utrimque
758 1464 865 1496 stupor,
895 1460 1037 1496 utrimque
1059 1460 1241 1488 miraculum:

395 1514 421 1539 et
443 1511 516 1547 quod
540 1510 612 1538 Deus
632 1509 749 1537 feminae
763 1509 951 1545 obtemperet,
974 1508 1117 1537 humilitas
1138 1508 1243 1545 absque

395 1557 538 1593 exemplo;
561 1560 587 1584 et
602 1555 675 1592 quod
697 1555 753 1584 Deo
768 1555 868 1583 femina
883 1554 1065 1591 principetur,
1087 1554 1243 1583 sublimiias

395 1604 452 1632 sine
474 1603 547 1632 socio
561 1614 588 1630 ».
612 1603 642 1630 Et
665 1606 738 1639 post,
754 1602 825 1630 idem
842 1601 989 1630 ostendens
1012 1601 1146 1635 mirabile,
1162 1601 1242 1630 dicit:

399 1662 412 1675 «
429 1651 521 1684 Porro,
545 1650 580 1678 ibi
603 1649 762 1686 agnoscitur
778 1648 919 1685 longitudo
934 1648 1042 1682 brevis,
1065 1648 1180 1676 latitudo
1194 1656 1242 1676 an-

394 1700 489 1734 gusta,
518 1696 634 1724 altitudo
662 1696 787 1729 subdita,
818 1695 990 1732 profunditas
1018 1695 1107 1731 plana.
1132 1695 1167 1723 lbi
1198 1702 1243 1723 co-

394 1743 536 1780 gnoscitur
558 1743 607 1771 lux
630 1750 684 1770 non
707 1742 817 1775 lucens,
840 1741 955 1770 verbum
982 1741 1086 1775 infans,
1108 1749 1179 1778 aqua
1207 1741 1243 1769 si-

394 1790 480 1823 tiens,
504 1790 581 1826 panis
602 1790 736 1817 esuriens.
760 1788 873 1822 Videas,
895 1789 916 1817 si
939 1788 1076 1822 attendas,
1092 1788 1241 1825 potentiam

395 1837 466 1873 regi,
488 1836 649 1873 sapientiam
673 1835 783 1869 instrui,
806 1835 936 1863 virtutem
959 1835 1126 1868 sustentari,
1154 1835 1242 1863 Deum

394 1883 512 1920 denique
535 1884 696 1916 lactentem,
719 1882 765 1911 sed
787 1882 903 1919 Angelos
924 1881 1103 1916 reficientem,
1133 1882 1242 1919 vagien-

394 1934 458 1964 tem,
480 1930 527 1959 sed
549 1930 664 1959 miseros
685 1930 870 1958 consolantem
887 1941 912 1957 ».

474 1977 566 2005 Tertio
587 1977 639 2005 fuit
659 1976 829 2005 admirabilis
850 1979 964 2012 propter
986 1976 1178 2013 conceptionis
1192 1984 1242 2004 no-

394 2024 522 2057 vitatem,
545 2031 627 2060 quam
651 2023 799 2051 novitatem
822 2022 1011 2051 admirabilem
1041 2022 1176 2059 praevidit
1204 2023 1242 2051 le-

394 2070 495 2099 remias
516 2070 656 2106 trigesimo
678 2069 768 2106 primo
783 2069 810 2096 ³:
835 2069 951 2097 Creauit
971 2069 1113 2097 Dominus
1134 2077 1241 2097 novum

394 2127 482 2155 super
514 2122 642 2146 terrani:
666 2117 789 2145 Femina
817 2116 1013 2144 circumdabit
1041 2116 1149 2144 virum.
1172 2117 1241 2150 Hoc,

394 2166 516 2202 inquam,
538 2168 579 2193 est
600 2172 703 2192 novum
725 2167 751 2191 et
767 2163 895 2192 omnibus
910 2163 1055 2192 retroactis
1070 2163 1242 2200 temporibus

394 2211 558 2245 inauditum,
579 2213 611 2239 ut
632 2211 690 2247 ipsa
712 2210 797 2238 Prolis
812 2210 954 2246 conceptio
969 2213 1040 2239 esset
1054 2218 1109 2239 non
1131 2210 1242 2239 seminis

395 2258 547 2295 coagulatio
568 2260 594 2286 et
616 2257 763 2294 susceptio,
785 2257 832 2285 sed
855 2257 906 2285 viri
929 2257 1042 2294 perfecti
1074 2257 1188 2286 scientia.
1215 2260 1242 2286 et

395 2305 545 2333 virtutibus
567 2304 687 2340 perfecta
708 2307 735 2332 ct
757 2304 864 2340 integra
885 2303 1111 2332 circumvallatio.
1127 2304 1181 2332 Hoc
1195 2312 1241 2333 no-

394 2359 460 2379 vum
482 2351 600 2388 Angelus
621 2351 788 2379 annuntians
803 2351 917 2385 Mariae,
932 2350 1050 2379 ostendit
1072 2351 1175 2387 aliquid
1197 2359 1241 2379 ra-

395 2406 457 2426 rum
474 2398 506 2426 ad
522 2398 775 2432 confirmationem,
791 2398 894 2426 scilicet
909 2397 1010 2426 sterilis
1025 2398 1240 2434 conceptionem,

395 2452 457 2472 cum
479 2444 550 2472 dixit
578 2444 611 2473 ad
632 2445 788 2481 Virginem:
813 2445 898 2478 Ecce,
925 2443 1086 2478 Elisabeth,
1115 2448 1241 2482 cognata

397 2495 458 2525 tua,
479 2494 503 2519 et
524 2492 590 2528 ipsa
611 2492 738 2528 concepit
751 2491 847 2528 filium
866 2492 897 2520 in
917 2495 1058 2520 senectute
1078 2500 1154 2525 sua,·
1169 2492 1241 2529 quia

396 2546 453 2565 non
481 2538 536 2565 erit
563 2538 738 2575 impossibile
765 2539 846 2575 apud
880 2539 969 2566 Deum
1001 2547 1084 2567 omne
1111 2538 1240 2566 verbum.

396 2584 450 2613 Hoc
471 2592 524 2612 non
552 2588 611 2612 erat
639 2593 758 2619 novum,
787 2586 852 2622 quia
877 2586 943 2614 Sara
971 2585 1073 2614 sterilis
1101 2588 1127 2614 et
1155 2593 1241 2614 senex

397 2634 558 2667 conceperat
573 2632 594 2664 4,
616 2631 662 2659 sed
684 2635 774 2660 tamen
797 2632 898 2660 mirum
921 2635 995 2666 erat3
1017 2635 1044 2661 et
1060 2635 1149 2661 tamen
1171 2632 1241 2660 bene

460 2806 466 2819 ²
485 2807 550 2829 Veis.
569 2808 605 2829 23.
623 2814 671 2836 seq.

459 2845 467 2858 ²
487 2846 550 2868 Vers.
569 2847 604 2868 31.
622 2853 688 2875 seqq.
707 2860 734 2863 —
753 2848 861 2876 Sequitur
882 2849 1002 2876 Bernard.,
1025 2849 1103 2871 homil.
1131 2850 1148 2871 1,
1171 2855 1241 2877 super

397 2884 484 2908 Missus
501 2887 547 2913 est,
565 2893 587 2908 n.
604 2887 626 2908 7.
644 2890 665 2908 et
683 2887 761 2909 homil.
779 2889 800 2910 Ξ.
818 2894 839 2910 n.
858 2888 878 2909 9.

460 2924 468 2936 ²
486 2925 549 2947 Vers.
568 2926 608 2951 22;
627 2926 730 2954 sequitur
748 2927 801 2948 Luc.
823 2928 841 2953 1,
859 2928 896 2949 36.
908 2933 957 2956 seq.

459 2962 468 2975 4
486 2964 614 2991 Respicitur
632 2965 687 2986 Gen.
710 2965 742 2992 ll,
761 2966 797 2987 30.
815 2968 837 2987 et
854 2972 873 2988 c.
895 2967 928 2992 18,
950 2967 983 2988 19.
1001 2973 1065 2995 seqq.

990 168 1162 197 SERMONES
1183 168 1225 195 DE
1247 167 1275 195 B.
1298 166 1430 195 VlRGlNE
1452 165 1559 194 iuARlA.

1301 247 1360 272 erat
1382 243 1510 280 possibile
1533 243 1587 271 Deo
1615 250 1746 279 magnum
1778 242 1849 271 sicut
1880 250 2012 279 parvum,
2045 251 2145 272 novum

1301 290 1372 318 sicut
1393 297 1502 323 rarum,
1518 289 1593 323 licet,
1609 292 1712 325 quanto
1727 289 1830 326 aliquid
1845 289 1880 317 sit
1902 289 1990 318 maius
2005 293 2032 318 et
2046 289 2146 323 rarius,

1301 339 1328 364 et
1350 338 1424 363 tanto
1446 335 1480 363 sit
1502 335 1664 363 mirabilius.
1687 335 1762 363 Unde
1783 335 1854 363 inter
1875 335 1966 363 omnia
1987 343 2072 372 opera
2099 335 2145 364 Dei
2165 326 2243 367 1111111ὺῇ

1302 381 1487 418 conceptionis
1507 384 1710 410 sacramentum
1734 382 1796 418 plus
1818 382 1900 410 habet
1915 382 1941 410 in
1964 390 1992 410 se
2015 381 2146 410 rationem

1302 428 1506 462 adiiiirationis;
1528 431 1555 457 et
1578 428 1628 456 1100
1650 431 1691 457 031
1712 428 1784 465 quod
1809 428 1906 457 beatus
1928 428 2084 457 Bernartius
2108 428 2149 457 di-

1303 476 1338 503 cit
1354 476 1379 503 ⁵:
1407 487 1420 499 «
1435 476 1453 503 A
1476 475 1585 504 saeculo
1606 483 1659 503 non
1682 479 1723 504 est
1744 475 1880 509 auditum,
1903 479 1933 504 ut
1956 479 2042 504 mater
2067 475 2147 504 simul

1302 522 1395 558 aliqua
1416 525 1487 551 esset
1509 526 1535 550 et
1558 522 1642 559 virgo.
1663 521 1685 550 O
1700 523 1721 550 si
1738 525 1777 555 et,
1793 522 1873 550 cuius
1895 526 1982 551 mater
1997 526 2047 557 est,
2062 525 2149 551 atten-

1302 569 1365 597 das!
1388 577 1444 605 quo
1466 572 1491 597 10
1514 572 1561 597 tua
1582 576 1667 605 super
1689 569 1749 597 eius
1764 569 1881 597 mirabili
1897 569 2059 598 celsitudine
2073 569 2149 598 ducit

1302 615 1465 644 admiratio?
1487 616 1580 644 Nonne
1612 616 1645 644 ad
1674 616 1739 649 hoc,
1768 620 1799 644 ut
1830 619 1856 644 te
1886 616 1976 645 videas
2002 623 2052 645 000
2083 616 2149 645 satis

1303 670 1382 698 posse
1404 662 1497 690 mirari
1513 665 1545 690 »t
1569 663 1598 690 Et
1620 665 1714 699 postea
1735 662 1842 691 subdit:
1869 674 1882 688 «
1899 662 1930 690 Et
1951 662 2017 699 quid
2036 662 2148 696 mirum,

1303 709 1323 737 si
1349 709 1435 743 Deus,
1458 709 1504 746 qui
1527 709 1675 737 mirabilis
1694 710 1795 746 legitur
1816 713 1843 738 et
1863 709 1965 738 (11011111
1986 709 2017 738 in
2033 709 2149 738 Sanctis

1301 756 1380 789 suis,
1406 756 1602 785 mirabiliorem
1631 764 1660 785 se
1688 756 1817 785 exhibuit
1845 757 1871 784 in
1894 757 1980 785 Matre
2005 759 2076 785 sna?
2098 756 2149 785 Ve-

1302 803 1436 832 neramini
1458 812 1539 840 erge,
1562 803 1707 840 coniuges,
1730 803 1756 831 in
1778 811 1861 832 carne
1890 803 2062 840 corruptibili
2089 811 2148 832 car-

1302 851 1344 879 nis
1360 851 1559 887 integritatem;
1576 850 1711 878 miramini
1728 851 1808 879 etiam
1831 858 1892 884 vos,
1908 858 2001 879 sacrae
2020 850 2148 887 virgines,

1302 897 1328 925 in
1352 897 1463 934 Virgine
1483 897 1695 931 fecunditatem,
1719 897 1876 931 imitamini,
1898 904 1993 925 omnes
2015 896 2148 930 homines,

1302 944 1349 972 Dei
1371 944 1465 972 Matris
1479 944 1680 977 humilitatem;
1704 944 1846 978 honorate,
1868 943 1952 972 sancti
1976 943 2077 980 Angeli,
2104 951 2149 972 ve-

1302 991 1350 1019 stri
1374 991 1452 1027 Regis
1474 991 1598 1024 Matrem,
1614 991 1661 1027 qui
1684 993 1794 1019 nostrae
1816 990 1936 1019 adoratis
1951 990 2070 1027 Virginis
2086 990 2149 1019 Pro-

1302 1038 1371 1071 lem,
1394 1038 1484 1074 ipsum
1509 1038 1605 1074 utique
1628 1041 1753 1066 nostrum
1777 1037 1880 1074 pariter
1902 1045 1933 1065 ac
1955 1040 2077 1066 vestrum
2100 1037 2149 1066 Re-

1301 1092 1379 1120 gem,
1403 1084 1488 1112 nostri
1517 1084 1627 1121 generis
1656 1084 1867 1120 Reparatorem,
1897 1087 2005 1113 vestrae
2033 1083 2150 1113 civitatis

1301 1130 1515 1159 instauratorem
1531 1142 1557 1158 ».

1380 1178 1440 1206 Fuit
1471 1178 1552 1206 etiam
1584 1177 1737 1206 fecunditas
1762 1177 1882 1214 Virginis
1907 1177 2149 1215 incomparabilis

2218 444 2225 515 Λα.

2167 1185 2207 1204 Fuit
2217 1190 2237 1205 u

2161 1208 2185 1227 do
2193 1208 2239 1229 1110011

1301 1224 1358 1253 sive
1379 1224 1581 1253 desiderabilis
1613 1224 1718 1253 ratione
1750 1227 1868 1252 nostrae
1899 1224 2052 1258 utilitatis,
2078 1232 2149 1261 quae
2161 1231 2237 1253 ramim

1300 1272 1413 1299 omnino
1434 1271 1642 1300 inaestimabilis
1663 1271 1722 1299 fuit.
1746 1271 1836 1299 Potest
1856 1271 1928 1300 enim
1950 1271 2053 1308 triplex
2075 1270 2148 1300 utili-

1301 1321 1342 1346 tas
1363 1318 1512 1355 assignari:
1537 1318 1624 1354 prima
1645 1321 1686 1347 est
1715 1318 1960 1346 adversariorum
1978 1318 2148 1355 exspoliatio

1301 1365 1407 1393 ratione
1430 1365 1515 1393 Prolis
1536 1368 1699 1402 conceptae;
1722 1365 1797 1401 quod
1813 1365 1881 1394 bene
1903 1365 2087 1402 significatum
2109 1368 2150 1394 est

2173 1255 2243 1283 uidet-qh*

2165 1281 2238 1330 ..1101

2194 1331 2240 1350 prim

1302 1411 1384 1440 Isaiae
1405 1415 1501 1440 octavo
1516 1411 1536 1444 ⁶,
1559 1411 1606 1440 ubi
1632 1411 1743 1446 dicitur,
1772 1411 1845 1448 quod
1873 1410 2057 1449 prophetissa
2084 1420 2150 1440 0οη-
2191 1408 2196 1412 ’

1301 1458 1373 1495 cepit
1394 1461 1420 1486 et
1437 1458 1550 1495 peperit
1570 1458 1675 1495 silium.
1700 1459 1734 1486 Et
1759 1459 1835 1487 (lixit
1859 1459 2001 1487 Dominus
2027 1458 2068 1487 aa
2087 1467 2148 1487 me:

1308 1505 1381 1533 Voea
1406 1513 1509 1533 nomen
1530 1505 1609 1533 eius:
1633 1505 1771 1533 Accelcra
1796 1505 1892 1542 spolia
1920 1504 2088 1539 aeti-altere;
2108 1504 2149 1543 fe-

1300 1552 1379 1580 stina
1404 1552 1564 1589 praeclari,
1591 1552 1656 1589 quia
1677 1552 1819 1586 Christus,
1842 1552 1996 1589 Conceptus
2018 1552 2149 1589 Virginis,

1301 1599 1465 1636 exspoliavit
1487 1599 1611 1627 inimicos
1633 1603 1757 1633 nostros,
1780 1599 1932 1628 secundum
1955 1599 2021 1628 illud
2043 1599 2077 1628 ad
2098 1599 2147 1628 Co-

1301 1646 1436 1674 lossenses
1465 1646 1601 1674 secundo:
1626 1646 1802 1683 Exspolians
1828 1646 2018 1686 principatus
2044 1650 2070 1675 et
2099 1655 2148 1684 po—

1301 1696 1430 1725 testates,
1459 1693 1595 1721 trculuxit
1615 1692 1800 1729 confidenter,
1828 1693 1932 1730 palam
1960 1692 2149 1731 triumphans

1301 1740 1365 1768 illos
1394 1740 1425 1768 in.
1452 1740 1611 1777 semetipso.
1641 1740 1672 1768 Et
1698 1740 1804 1769 ratione
1830 1740 1915 1769 buius
1935 1740 2037 1769 dicitur
2066 1741 2148 1778 Virgo

1301 1787 1384 1815 Maria
1406 1787 1496 1823 ipsum
1529 1787 1685 1823 concipiens
1713 1787 1914 1825 expuynatrioc
1942 1787 2147 1821 inimieorum,

1301 1834 1453 1862 secundum
1487 1834 1551 1862 illud
1587 1834 1764 1863 Ecclesiastici
1801 1834 1932 1871 vigesimo
1963 1838 2078 1871 quarto:
2116 1835 2149 1863 Et

1300 1881 1431 1909 oninium
1452 1881 1646 1909 excellentium
1676 1884 1700 1909 et
1731 1880 1886 1909 humilium
1915 1882 2007 1910 corda
2038 1881 2150 1918 propria

1300 1928 1406 1956 virtute
1427 1928 1548 1956 calcavi.
1570 1928 1646 1957 Unde
1661 1928 1818 1957 Bernardus
1833 1928 1859 1956 ⁷:
1887 1940 1900 1953 «
1915 1929 1975 1965 lpsa
1995 1932 2036 1957 est
2061 1937 2149 1966 quon-

1300 1975 1362 2003 dam
1385 1983 1401 2003 a
1422 1975 1478 2003 Deo
1500 1975 1636 2011 promissa
1658 1975 1768 2009 mulier,
1790 1983 1862 2012 quae
1882 1975 2018 2012 serpentis
2042 1975 2148 2012 antiqui

1300 2025 1383 2058 caput
1405 2022 1516 2050 virtutis
1537 2021 1777 2058 pede‘contrivit,
1799 2022 1879 2051 cuius
1907 2023 1987 2059 plane
2014 2023 2149 2051 calcaneo

1301 2069 1327 2096 in
1350 2069 1445 2097 multis
1472 2069 1603 2097 versutiis
1635 2069 1796 2097 insidiatus
1817 2072 1873 2103 est,
1896 2070 1942 2098 sed
1971 2069 2029 2098 sine
2050 2077 2148 2104 causa3

1299 2116 1356 2145 sola
1384 2116 1456 2144 enim
1488 2116 1618 2145 contrivit
1646 2116 1804 2145 universam
1832 2117 1999 2146 haereticam
2028 2117 2148 2154 pravita-

1300 2165 1354 2191 tem
1367 2174 1395 2191 ».
1412 2180 1448 2183 -
1464 2162 1589 2191 Secunda
1603 2163 1708 2191 utilitas
1722 2165 1763 2191 est
1778 2163 1959 2200 afflictorum
1973 2163 2148 2197 consolatio;

1299 2210 1373 2246 quod
1394 2209 1464 2238 bene
1485 2209 1669 2246 significatum
1691 2209 1743 2238 fuit
1765 2210 1837 2239 Ruth
1856 2210 1992 2247 quarto⁸:
2011 2211 2093 2239 Dedit
2106 2210 2150 2240 illi

1302 2257 1459 2290 Dominus,
1484 2259 1514 2284 ut
1534 2256 1694 2293 conciperet
1714 2260 1739 2285 et
1757 2261 1876 2294 pareret
1896 2257 2000 2294 lilium.
2016 2256 2094 2287 Ruth
2107 2257 2149 2286 in-

1299 2306 1470 2340 terpretatur
1491 2303 1602 2337 videns,
1624 2311 1673 2339 per
1699 2311 1782 2340 quam
1808 2304 1987 2341 intelligimus
2007 2304 2148 2342 Virginem

1298 2350 1427 2384 Mariani;
1450 2352 1477 2378 et
1498 2353 1559 2386 post
1580 2350 1722 2387 sequitur:
1741 2350 1939 2389 Dbceruntque
1952 2351 2088 2380 mulieres
2108 2352 2149 2381 ad

1300 2396 1416 2425 Noemi:
1439 2396 1610 2425 Benedictus
1632 2397 1793 2431 Dominus,
1816 2397 1868 2435 qui
1886 2406 1945 2426 non
1965 2401 2007 2427 est
2020 2406 2146 2435 passus,

1298 2447 1331 2472 ut
1352 2443 1482 2480 deficeret
1502 2452 1652 2472 successor
1676 2442 1813 2481 familiae
1834 2448 1919 2478 tuae;
1940 2448 1965 2473 et
1992 2449 2148 2474 vocaretur

1298 2499 1402 2519 nomen
1422 2491 1485 2519 eius
1517 2490 1547 2518 in
1571 2490 1678 2525 Israel,
1710 2494 1734 2519 et
1766 2490 1873 2520 babeas
1904 2491 1956 2529 qai
1985 2491 2148 2520 consoletur

1298 2538 1433 2566 animam
1455 2541 1537 2566 tuam
1567 2541 1592 2566 et
1616 2538 1747 2566 enutriat
1766 2541 1945 2566 senectutem.
1974 2539 2024 2567 Per
2045 2538 2148 2567 Noemi

1298 2584 1476 2621 intelligimus
1505 2584 1667 2619 Ecclesiam,
1696 2592 1767 2621 quae
1795 2592 1831 2613 ex
1859 2585 2036 2622 conceptione
2068 2585 2146 2614 Chri-

1298 2631 1331 2660 sti
1354 2631 1380 2659 in
1403 2631 1533 2660 omnibus
1554 2631 1779 2661 tribulationibus
1801 2632 1972 2667 consolatur,
1993 2633 2146 2662 secundum

1362 2808 1371 2821 ⁵
1388 2809 1470 2831 llomil.
1494 2810 1509 2831 l⁴
1528 2815 1599 2837 super
1616 2808 1703 2832 Missus
1721 2811 1761 2837 est,
1779 2815 1801 2831 n.
1819 2809 1842 2831 7.
1860 2812 1882 2831 et
1899 2809 1953 2831 dein
1979 2816 2000 2831 n.
2018 2809 2039 2836 9,
2059 2809 2097 2831 ubi
2114 2809 2146 2831 al-

1298 2849 1383 2871 luditur
1401 2848 1430 2871 ad
1448 2849 1483 2871 Ps.
1501 2848 1538 2876 67,
1557 2849 1593 2870 36.

1361 2886 1370 2899 ὓ
1389 2887 1452 2909 Vers.
1472 2888 1496 2915 3;
1515 2890 1644 2916 sequuntur
1662 2887 1747 2910 Coloss.
1765 2888 1786 2915 2,
1805 2888 1842 2910 15,
1859 2890 1881 2909 et
1899 2887 1965 2910 Eccli.
1982 2887 2019 2915 24,
2037 2888 2073 2909 ’11.

1360 2926 1368 2939 ⁷
1387 2927 1460 2949 Serm.
1478 2927 1507 2949 de
1525 2927 1616 2949 Domin.
1634 2927 1691 2949 infra
1707 2926 1787 2949 Octav.
1806 2927 1905 2949 Assumt.
1920 2927 1944 2949 B.
1957 2927 1984 2948 V.
1997 2927 2024 2949 M.
2037 2933 2059 2949 n.
2072 2926 2092 2955 4,
2104 2925 2144 2949 ubi

1297 2966 1418 2994 respicitur
1435 2966 1491 2988 Gen.
1511 2967 1533 2993 3,
1555 2966 1589 2988 15.
1758 2964 1767 2977 ³
1785 2966 1851 2988 Vers.
1870 2966 1911 2992 ‘¹33
1928 2966 1980 2988 dein
2000 2972 2022 2988 v.
2042 2957 2077 2988 las.
2094 2971 2143 2994 seq.

2165 2171 2191 2190 De
2204 2176 2243 2191 110011
