2243 3348
232 2298 260 2317 De
273 2300 312 2317 arte
326 2298 353 2316 di-

236 2322 349 2345 stingueudi.

251 2473 322 2497 Regula
335 2473 352 2492 1.

376 167 410 195 16

373 246 410 270 est
428 244 528 276 viyilia,
548 245 572 269 id
591 245 629 269 est
647 251 721 269 causa
740 243 854 275 vigiliae,
880 243 904 266 et
925 241 1071 266 sollicitudo
1095 240 1148 264 eius
1171 246 1214 263 au-

373 286 436 317 feret
454 294 585 318 somnum,
605 294 636 311 ne
653 286 719 316 forte
738 286 765 310 in
785 284 954 310 adolescentia
972 291 1020 308 sua
1039 282 1156 307 adultera
1182 280 1215 311 ef-

373 330 477 360 ficiatur
496 331 520 354 et
537 337 594 354 cam
612 329 667 354 viro
687 329 845 353 commorata
865 326 966 352 odibilis
990 326 1045 356 fiat.
1069 325 1215 350 Vauitatem

373 372 487 404 amputet
504 372 611 402 mentis,¹
636 370 783 396 Psalmus¹z
804 370 839 395 In
863 369 973 394 ecclesiis
998 368 1134 393 benedicite
1159 367 1214 391 Deo

373 416 486 441 Domino
506 416 535 440 cle
553 414 667 444 fontibus
685 414 783 444 Israel,
804 413 839 437 ibi
857 412 999 437 Beniamin
1012 410 1215 435 adolescentulus

373 459 401 483 iu
413 458 505 482 mentis
517 464 623 482 excessu.
638 456 830 481 Fortitudinem
840 455 951 479 exerceat
960 454 1072 483 virium;
1082 460 1110 477 ex
1121 453 1215 483 primae

372 500 475 526 Ioannis
495 498 636 524 secundo²z
661 498 749 523 Scribo
774 498 858 528 robis,
884 497 1067 527 adolescentes,
1092 495 1215 526 quoniam

372 543 469 568 vicistis
486 542 638 573 maliyuum.
662 551 674 563 «
688 541 740 565 Nos
760 541 830 571 quasi
851 547 921 564 senes
934 540 1034 564 levioris
1053 545 1151 570 pugnae
1164 545 1216 562 cur-

374 592 427 610 sum
447 585 592 615 recipimus,
612 584 635 608 te
655 584 736 608 autem
757 583 828 614 quasi
848 583 961 607 iuvenem
980 581 1064 606 manet
1085 581 1216 612 gloriosior

373 628 401 653 de
420 628 526 659 tyranno
544 626 687 657 triumphus
701 625 709 637 ⁸
723 636 748 650 ».
767 625 947 657 Aptitucliucm
965 624 1082 649 habilitet
1100 631 1216 653 morum,-

372 670 524 695 Threnorum
538 668 642 694 tertio⁴z
656 669 759 693 Bonum
772 669 808 692 est
820 668 885 698 ¹uiro,
899 666 1109 697 comportaverit
1128 666 1216 697 iuyum

373 713 405 737 ab
422 712 590 737 adolescentia
602 719 659 736 sua.
672 711 746 735 Secus
759 710 878 735 Ieremiae
891 710 1080 741 quadragesimo
1094 709 1181 733 octavo
1192 707 1215 732 ⁵:

372 755 482 780 Fertilis
500 754 551 784 fuit
569 754 649 779 Moab
672 754 704 778 ab
724 753 895 778 adolescentia
916 760 979 783 sua,
1003 753 1026 776 et
1044 751 1167 782 requievit
1188 751 1216 775 'in

372 797 484 828 faecibus
502 798 565 823 suis.

442 841 549 872 Propter
567 841 626 865 haec
645 840 752 872 quatuor
771 840 816 864 tibi
835 840 900 864 dico:
916 839 1093 870 praeceptor-ie
1112 839 1137 863 in
1156 838 1218 863 Scri-

372 884 468 916 pruris,
488 884 567 909 Lucae
586 884 674 915 quarto
693 883 785 908 decimo
799 881 822 907 ⁰:
843 882 928 907 Homo
955 882 1061 912 quidam
1085 880 1146 911 fecit
1167 889 1218 907 coe-

372 934 434 951 uam
451 934 571 957 maynam
589 927 614 950 et
630 926 728 950 vocavit
745 925 837 950 multos
857 924 903 949 etc.
923 925 1092 949 Persuasoric
1109 925 1134 949 in
1153 932 1218 950 crea-

372 970 448 999 turis,
461 969 506 994 Iob
525 969 664 994 duodecimo
679 967 701 992 ⁷:
716 968 855 999 Interroya
874 968 996 998 iumenta,
1010 968 1034 992 et
1046 968 1169 992 docebunt
1186 969 1216 999 tc,

372 1014 396 1038 et
414 1012 531 1037 volatilia
549 1012 621 1042 caeli,
640 1012 663 1036 et
676 1011 825 1035 iudicabunt
839 1010 892 1035 tibi.
912 1010 1074 1035 Excitatorie
1087 1011 1111 1035 in
1127 1011 1216 1040 mente,

372 1055 536 1087 Apocalypsis
561 1054 635 1079 tertio
649 1052 671 1078 ⁸:
691 1053 791 1084 Anyeio
810 1053 952 1078 Laodiciae
970 1053 1104 1078 Ecclesiae
1122 1054 1218 1079 scribe:

372 1099 444 1123 Haec
463 1098 539 1123 dicit:
559 1097 656 1128 Amen,
678 1097 747 1122 testis
766 1096 848 1126 fidelis
868 1098 892 1121 et
910 1104 998 1127 verus,
1019 1097 1064 1128 qui
1091 1098 1128 1122 est
1142 1098 1218 1128 priu-

373 1141 468 1172 cipium
487 1141 620 1165 creaturae
639 1140 697 1164 Dei.
716 1140 795 1170 Ecce,
814 1140 852 1164 sto
872 1139 907 1164 ad
925 1140 1018 1164 ostium
1037 1141 1060 1164 et
1076 1140 1170 1170 pulso:
1194 1141 1217 1165 si

373 1185 430 1215 quis
449 1184 561 1209 audierit
577 1190 660 1207 vocem
678 1189 760 1207 'meam
780 1184 803 1206 et
821 1183 951 1213 aperuerit
968 1182 1034 1207 ‘milii
1047 1184 1163 1214 iauuam,
1182 1183 1218 1208 iu-

373 1227 446 1252 trabo
466 1226 500 1251 acl
519 1226 592 1251 illum
620 1227 644 1250 et
662 1226 768 1250 coenabo
788 1232 845 1249 cum
864 1225 912 1250 illo
938 1227 961 1250 et
985 1226 1037 1256 ipse
1055 1233 1159 1251 mecum.
1184 1226 1218 1251 Et

366 1270 515 1301 prophetice
527 1270 552 1294 in
572 1269 664 1297 morte,
685 1269 764 1293 Lucae
793 1268 868 1293 tertio
892 1268 983 1294 decimo
997 1268 1021 1293 ⁰:
1048 1269 1127 1300 Ecce,
1153 1270 1217 1294 aum·

373 1314 423 1338 tres
441 1314 502 1338 suut
510 1332 516 1344 ,
529 1320 558 1337 esc
571 1320 620 1343 quo
639 1312 720 1343 venio,
735 1318 859 1343 quaerens
872 1311 986 1341 fructum
1000 1313 1028 1336 iu
1045 1312 1157 1343 ficulnea
1170 1313 1218 1337 liae

371 1357 395 1380 et
412 1363 463 1380 uou
483 1355 598 1384 iuvenio,·
616 1355 714 1380 succide
733 1362 791 1386 erqo
806 1354 888 1386 illam,
901 1355 1007 1386 utquid
1023 1355 1101 1379 etiam
1121 1356 1217 1380 terram

371 1397 495 1429 occupat?
514 1398 547 1422 Et
566 1398 729 1428 Apocalypsis
748 1397 822 1422 tertio
836 1396 870 1421 ¹⁰:
892 1398 927 1422 Iri
945 1399 1028 1422 mente
1047 1398 1120 1429 habe,
1135 1398 1217 1429 quali-

372 1442 409 1465 ter
429 1441 553 1471 acceperis
572 1442 596 1465 ct
614 1440 738 1471 audieris,
767 1442 791 1464 et
814 1447 888 1465 serva
913 1442 937 1465 et
950 1441 1136 1471 poenitentiarii
1162 1449 1217 1473 aye.

372 1483 401 1509 Si
420 1491 477 1515 erqo
496 1492 547 1508 uon
565 1483 728 1515 vigilaveris,
750 1484 849 1508 reniam
871 1484 906 1508 acl
925 1485 947 1508 te
973 1485 1098 1515 tauquam
1122 1484 1175 1516 fur,
1195 1487 1219 1509 et

370 1527 477 1558 uescics,
497 1534 549 1557 qua
568 1526 633 1551 hora
651 1526 752 1551 veniam
771 1526 806 1551 acl
824 1528 854 1551 te.

440 1569 526 1593 Dicam
545 1569 620 1593 etiam
639 1569 684 1593 tibi
703 1569 810 1600 quatuor
829 1570 925 1594 modos.
945 1569 1023 1601 Surge
1041 1570 1172 1601 velociter,
1186 1578 1217 1595 ne

369 1612 497 1637 delecteris
513 1613 538 1637 in
557 1619 642 1641 carne,
656 1612 686 1636 ad
700 1612 823 1637 Romanos
836 1612 910 1637 tertio
924 1613 1015 1638 decimo
1029 1614 1061 1637 ¹¹:
1079 1614 1156 1638 Hora
1172 1615 1217 1644 cst,

369 1656 423 1680 iam
442 1662 488 1680 uos
506 1655 536 1680 de
553 1662 642 1680 somuo
662 1662 767 1686 surycrc
786 1655 830 1680 etc.
852 1655 983 1685 Viriliter,
1003 1663 1033 1681 ne
1053 1657 1178 1687 occuperis
1192 1657 1217 1681 in

369 1698 462 1727 mente,
482 1698 559 1722 Marci
578 1698 683 1723 secundo
697 1696 730 1722 ¹²:
751 1698 848 1730 Surge,
869 1698 929 1723 tolle
946 1699 1084 1730 probatum
1104 1700 1176 1723 tuum
1195 1701 1219 1724 et

368 1741 432 1766 vacle
450 1741 479 1765 'iu
497 1741 601 1766 domum
620 1742 700 1765 tuam.
720 1741 851 1772 Fortiter,
871 1741 900 1766 ut
919 1742 1055 1766 exercearis
1074 1743 1099 1766 in
1113 1742 1216 1772 viribus,

369 1784 443 1815 primi
465 1783 672 1808 Machabaeorum
691 1784 765 1809 tertio
780 1782 814 1808 ¹³:
835 1784 958 1809 Sur-remit
970 1784 1053 1810 Iudas
1067 1785 1121 1815 etc,
1139 1787 1163 1809 ct
1180 1786 1218 1810 iu—

370 1825 426 1850 duit
444 1833 469 1851 se
488 1826 593 1850 loricam
611 1827 678 1851 sicut
695 1827 782 1858 qiyas,
803 1827 828 1851 ct
845 1827 971 1851 succinxit
987 1834 1013 1852 se
1032 1835 1107 1852 arma
1127 1828 1217 1853 bellica

369 1876 418 1894 sua
437 1869 463 1893 in
487 1869 597 1899 proeliis
622 1870 646 1894 et
659 1869 811 1900 protcyebat
829 1871 915 1894 castra
933 1870 1022 1901 yladio
1041 1877 1096 1895 suo.
1116 1870 1217 1896 Similis

369 1910 455 1941 factus
474 1913 511 1936 est
529 1912 596 1936 leoni
613 1912 642 1936 iu
655 1912 772 1942 operibus
790 1913 846 1937 suis
865 1913 924 1942 etc.;
944 1913 970 1937 et
992 1913 1072 1937 Lucae
1091 1913 1171 1944 primo
1183 1912 1215 1937 ¹⁴:

369 1954 522 1985 Exsuryens
541 1955 625 1978 autem
644 1955 738 1979 Maria
757 1956 784 1979 iu
800 1955 888 1980 (liebus
903 1955 956 1980 illis
975 1956 1041 1980 abiit
1054 1956 1081 1980 iu
1092 1957 1217 1981 montana

370 2003 426 2021 cum
443 1996 614 2026 festinatione.
634 1997 668 2022 Et
685 1998 828 2029 sayaciter,
848 1998 877 2022 ut
896 1998 1035 2023 habiliteris
1054 1999 1079 2023 in
1099 1998 1216 2028 moribus,

371 2039 528 2065 Canticorum
547 2040 622 2065 tertio
635 2039 670 2065 ¹⁵:
691 2040 803 2072 Sur-,qam
823 2042 847 2065 et
870 2042 982 2066 circuibo
1004 2042 1143 2071 civitatem,
1166 2048 1216 2072 per

369 2083 435 2107 vicos
454 2084 478 2107 et
493 2083 594 2113 plateas
614 2091 739 2114 quaeram
758 2091 830 2115 quem
850 2084 938 2116 diligit
956 2084 1044 2109 auium
1063 2092 1127 2109 mea.

669 2170 740 2194 Pars
758 2170 869 2195 sccuucla
882 2168 911 2194 ¹⁵.

441 2254 484 2279 29.
503 2255 539 2279 De
558 2255 613 2280 arte
631 2256 807 2287 distinyuencli
820 2256 925 2281 seeundo
939 2256 1067 2281 dicendum
1087 2257 1138 2287 est,
1158 2265 1216 2289 qua-

369 2297 427 2322 liter
445 2299 509 2323 circa
528 2298 698 2324 distinctiones
718 2306 742 2323 se
756 2299 843 2323 debeat
858 2299 949 2324 habere
963 2298 982 2312 ¹⁷
1002 2307 1061 2324 cura
1077 2300 1102 2325 et
1115 2300 1216 2331 diligen-

369 2341 405 2366 tia
422 2342 602 2372 praedicantis,
615 2342 680 2367 circa
693 2349 763 2373 quas,
777 2342 806 2367 ut
819 2342 911 2367 dictum
925 2343 963 2367 est
977 2350 1053 2374 supra
1064 2341 1092 2373 ¹⁸,
1106 2343 1216 2368 brevitas

369 2384 408 2408 est
426 2384 584 2409 attendenda.
599 2384 635 2409 De
653 2385 700 2409 hac
712 2385 822 2410 breviter
840 2386 879 2410 est
898 2385 1040 2415 dicendum,
1058 2393 1085 2411 eo
1104 2386 1168 2417 quod
1181 2387 1215 2411 in-

369 2427 408 2451 fra
426 2427 539 2452 diffusius
559 2428 654 2452 dicetur
672 2428 697 2452 in
720 2428 810 2453 ultima
829 2429 900 2459 parte
926 2428 1000 2453 huius
1025 2429 1158 2454 tractatus.
1184 2429 1215 2454 Iu

370 2470 457 2501 primis
476 2471 540 2495 circa
558 2470 604 2495 hoc
622 2471 747 2495 sciendum
767 2471 805 2495 est
824 2471 973 2503 diligenter,
993 2472 1057 2503 quod
1080 2472 1217 2497 distinctio-

1088 162 1148 190 .st
1169 160 1400 189 CONCIONANDI.

1271 245 1327 267 nes,
1347 245 1410 269 quae
1430 238 1489 262 suut
1508 238 1533 262 in
1553 237 1663 262 themate
1682 238 1729 262 iam
1749 238 1841 267 diviso,
1866 245 1940 269 super
1959 237 2043 262 thema
2064 237 2116 263 fun-

1271 281 1376 309 dentur,
1396 287 1440 304 nec
1454 280 1498 304 fiat
1511 280 1631 311 digressio
1649 280 1680 305 ab
1694 281 1791 310 eodem3
1805 288 1844 310 ne,
1858 281 1915 305 dum
1930 280 2010 305 radice
2022 280 2115 310 carent,

1271 323 1374 348 careant
1394 323 1488 354 pariter
1502 323 1527 347 et
1539 322 1631 348 fructu.
1643 337 1679 340 —
1691 323 1759 347 Illud
1772 324 1845 348 etiam
1866 323 1990 348 sciendum
2004 324 2069 348 circa
2084 323 2117 348 di·
2135 328 2212 351 Regula.

1272 366 1431 394 stinctiones,
1453 365 1517 396 quod
1536 366 1659 397 oppositio
1678 366 1724 390 fiat
1742 367 1767 390 in
1788 366 1903 391 membris
1928 366 1953 390 et
1972 366 2116 396 diversitas,

1272 409 1301 433 ut
1316 408 1507 440 unumquodque
1521 408 1657 433 membrum
1672 416 1742 433 suum
1758 416 1857 433 sensum
1871 409 1970 433 habeat.
1983 423 2018 426 ——
2031 409 2118 434 Atten-
2135 412 2212 436 Regula.

1272 451 1378 475 dendum
1392 451 1478 480 etiam,
1498 450 1562 482 quod
1576 451 1712 475 membrum
1732 451 1899 476 distinctionis
1917 451 2010 481 verbis,
2029 451 2118 482 quibus

1272 493 1356 524 potest
1376 493 1533 524 paucioribus
1552 493 1611 523 fiat;
1631 493 1727 523 verbis,
1740 494 1855 525 inquam,
1869 494 1984 523 usitatis,
1998 494 2029 519 ab
2048 493 2118 519 intel-
2205 487 2210 527 1ἶ

1271 537 1338 561 lectu
1348 544 1396 561 non
1411 536 1528 565 dissonis,
1544 536 1585 561 sed
1600 537 1646 565 rei,
1661 536 1689 561 de
1703 544 1751 567 qua
1767 537 1892 568 loquitur,
1906 538 2032 567 consonis,
2046 545 2084 567 ne,
2098 538 2118 563 si

1273 579 1348 603 verba
1367 579 1395 603 de
1408 586 1472 604 novo
1485 579 1629 610 fingantur,
1642 579 1771 604 ridiculum
1792 579 1845 604 fiat.
1858 594 1894 597 —-
1906 580 1958 604 Nec
1970 580 2032 605 illud
2045 580 2119 605 etiam
2137 573 2214 612 Regula}

1272 623 1437 653 ignorandum
1457 622 1508 651 est,
1528 622 1557 646 ut
1575 622 1688 647 videlicet
1707 622 1833 648 distinctio
1852 623 1976 654 quaelibet
1992 623 2119 648 ordinetur
2206 616 2208 619 ’

1273 665 1298 690 et
1316 665 1445 690 decoretur
1467 666 1492 690 et
1518 666 1636 690 reddatur
1661 666 1799 695 sufficiens,
1822 666 1847 691 et
1874 666 1938 691 ratio
1964 666 2118 698 assignetur,
2207 669 2210 692 l

1273 709 1338 733 sicut
1356 710 1380 733 in
1400 709 1505 733 diversis
1524 709 1639 741 congruit
1658 709 1720 734 bono
1738 709 1815 734 modo.
1830 709 1863 733 Et
1875 709 1920 734 hoc
1939 709 1984 734 fiat
2000 710 2054 734 arte
2073 709 2120 734 cla-

1273 751 1354 780 vium,
1374 751 1459 776 ordine
1484 751 1509 775 et
1528 751 1626 780 decore,
1653 751 1717 776 sicut
1735 752 1760 776 in
1779 752 1883 776 diversis
1902 751 2020 782 exemplis
2038 751 2120 776 osten-

1274 801 1328 819 sum
1348 794 1387 818 est
1406 801 1539 825 31111111.-
1553 794 1694 819 Cavendum
1714 794 1816 825 denique
1835 802 1850 819 a
1868 794 2026 820 distinctione
2044 795 2120 819 nimia
2138 780 2219 821 uod-112²,

1273 837 1438 862 membrorum
1465 837 1567 868 propter
1592 837 1758 862 confusionem
1778 837 1802 861 et
1824 837 1982 867 oblivionem,
2002 844 2064 869 quae
2083 837 2121 862 est
2213 836 2214 839 ’

1273 881 1404 905 memoriae
1423 881 1535 910 inimica,
1556 888 1585 905 no
1600 888 1627 905 ex
1646 880 1691 905 hoc
1711 880 1756 905 fiat
1769 880 1877 905 taedium
1890 880 2014 911 audienti,
2028 880 2121 912 quanto
2210 872 2214 894 ³

1274 924 1338 948 enim
1358 923 1485 949 distinctio
1512 924 1647 955 simplicior
1672 924 1723 953 est,
1752 924 1777 948 id
1802 924 1840 948 est
1860 931 1903 955 per
1927 924 2038 948 membra
2063 931 2121 955 pau-

1274 967 1353 996 ciora,
1374 967 1445 991 tanto
1465 967 1551 992 melior
1570 966 1615 991 etc.

1594 1053 1665 1078 Pars
1685 1053 1762 1077 tertia
1775 1050 1804 1076 ¹⁰.

1345 1138 1387 1163 30.
1408 1138 1510 1163 Duabus
1529 1139 1607 1170 igitur
1627 1138 1741 1169 partibus
1754 1138 1888 1170 expeditis,
1908 1138 2045 1169 postremo,
2065 1145 2122 1170 qua·
2140 1141 2242 1184 Deaxffiffiui-

1274 1181 1332 1206 liter
1351 1182 1376 1206 in
1396 1181 1531 1206 dilatando
1550 1181 1575 1206 et
1594 1181 1745 1212 procedendo
1759 1182 1869 1206 studium
1888 1189 1941 1206 esse
1953 1181 2041 1206 debeat
2054 1188 2123 1212 prae·
2218 1179 2220 1183 ’

1274 1224 1389 1254 dicantis,
1403 1225 1442 1249 est
1454 1224 1591 1249 dicendum.
1606 1224 1676 1249 Circa
1689 1224 1761 1255 quod,
1775 1224 1804 1249 ut
1817 1232 1894 1256 supra
1912 1223 2043 1254 dictum²⁰,
2059 1231 2123 1249 sum·
2139 1223 2222 1251 Regulat

1274 1275 1372 1299 mopere
1390 1268 1492 1293 utilitas
1511 1268 1549 1292 est
1567 1268 1730 1297 attendenda,
1750 1268 1814 1293 sicut
1832 1268 1902 1293 docet
1920 1267 2079 1299 Augustinus
2097 1268 2122 1292 in
2217 1263 2218 1270 ¹

1274 1311 1363 1343 quarto
1382 1311 1445 1336 libro
1459 1311 1488 1336 de
1502 1311 1621 1336 Doctrina
1640 1311 1777 1335 christiana
1790 1309 1824 1335 ²¹:
1849 1321 1861 1333 «
1875 1311 1935 1336 Cum
1955 1311 2010 1342 quis
2029 1311 2122 1342 aliquid

1274 1354 1423 1385 persuadere
1441 1354 1560 1383 conatur,
1580 1361 1630 1379 non
1649 1354 1720 1378 debet
1739 1354 1826 1379 statim
1840 1354 1968 1379 ostendere
1981 1354 2121 1384 veritatem,

1274 1398 1316 1422 sed
1336 1398 1406 1428 prius
1425 1397 1539 1427 studeat,
1559 1397 1588 1422 ut
1606 1397 1731 1422 intentum
1751 1397 1775 1422 et
1794 1397 1895 1422 docilem
1921 1398 1996 1428 atque
2021 1397 2123 1422 benevo-

1274 1441 1326 1465 lum
1346 1441 1422 1465 faciat
1440 1440 1591 1470 auditorem,
1610 1448 1714 1470 cavens,
1734 1448 1765 1465 ne
1784 1440 1848 1465 forte
1868 1441 1903 1465 sic
1921 1441 2015 1470 narret,
2035 1440 2064 1465 ut
2080 1448 2121 1465 au-

1274 1484 1325 1508 dire
1344 1484 1443 1508 taedeat
1462 1484 1487 1508 et
1504 1483 1644 1515 intelligere
1663 1491 1713 1508 non
1731 1483 1823 1514 possit,
1847 1483 1983 1514 postremo,
2003 1491 2033 1508 ne
2053 1490 2122 1515 prae-

1274 1527 1377 1552 dicando
1395 1526 1502 1551 libenter
1515 1526 1617 1556 terreat,
1631 1526 1775 1556 contristet,
1790 1526 1923 1556 exhilaret,
1943 1526 2121 1552 exhortetur».

1274 1570 1388 1595 Prudens
1407 1570 1471 1595 enim
1491 1570 1607 1601 respicit,
1633 1569 1723 1601 quibus
1746 1569 1866 1594 debeatur
1891 1565 2018 1600 affectus,
2032 1570 2122 1601 quibus

1274 1613 1426 1643 reverentia,
1446 1613 1536 1644 quibus
1556 1613 1641 1642 timor,
1662 1613 1752 1644 quibus
1765 1613 1913 1643 consolatio,
1933 1613 2024 1645 quibus
2041 1613 2122 1638 admo-

1274 1656 1351 1687 nitio,
1371 1656 1460 1687 quibus
1479 1655 1631 1685 exhortatio,
1651 1656 1741 1687 quibus
1760 1656 1906 1687 disciplina,
1925 1656 2016 1688 quibus
2043 1656 2122 1681 obiur-

1274 1699 1354 1730 gatio,
1375 1699 1465 1730 quibus
1485 1699 1643 1730 supplicium.

1345 1741 1387 1767 31.
1407 1742 1522 1767 Cavenda
1543 1742 1603 1766 sunt
1621 1742 1646 1766 in
1675 1749 1786 1766 sermone
1811 1742 1885 1767 nimis
1911 1742 2000 1767 ornata
2025 1742 2122 1774 eloquia

1274 1785 1313 1809 vel
1327 1784 1475 1815 eloquentia.
1489 1784 1555 1809 Nam
1573 1794 1584 1806 «
1595 1785 1636 1816 qui
1649 1784 1732 1809 affluit
1750 1784 1890 1816 eloquentia
1902 1785 2031 1816 insipienti
2050 1786 2122 1811 tanto

1274 1828 1354 1859 magis
1372 1827 1496 1852 cavendus
1509 1828 1560 1856 est,
1575 1827 1668 1859 quanto
1682 1827 1762 1858 magis
1775 1827 1806 1852 ab
1819 1835 1846 1853 eo
1866 1828 1891 1852 in
1904 1828 1944 1853 his
1962 1836 2024 1860 quae
2037 1829 2122 1854 audire

1273 1870 1362 1895 inutile
1381 1871 1430 1899 est,
1450 1870 1589 1895 delectatur
1607 1870 1706 1895 auditor
1716 1869 1773 1895 ²⁹».
1791 1881 1803 1893 ‹<
1814 1871 1880 1900 Quae
1894 1872 1957 1896 enim
1978 1871 2122 1903 eloquenter

1273 1913 1390 1938 dicuntur
1403 1914 1514 1938 suaviter
1527 1913 1675 1942 audiuntur,
1695 1921 1757 1944 quae
1770 1914 1853 1939 autem
1868 1914 1993 1945 sapienter
2005 1914 2123 1940 dicuntur

1274 1956 1408 1981 salubriter
1427 1956 1571 1981 audiuntur.
1584 1956 1692 1987 Propter
1708 1957 1772 1988 quod
1788 1957 1878 1982 dicItur
1888 1957 2029 1989 Sapientiae
2039 1958 2121 1983 sexto:

1273 1999 1419 2024 Multitudo
1437 2000 1608 2031 sapientium,
1627 2007 1675 2025 non
1701 2001 1883 2031 eloquentium,
1908 2002 1945 2026 cst
1962 2002 2064 2026 sanitas
2083 2009 2122 2026 or-

1274 2043 1312 2067 bis
1325 2043 1487 2067 tcrrarum».
1506 2043 1577 2067 «Nec
1590 2043 1725 2068 curandum
1740 2043 1786 2073 est,
1800 2044 1895 2075 quanta
1908 2045 1963 2076 quis
1977 2044 2063 2069 doceat
2075 2045 2122 2070 elo-

1273 2085 1387 2116 quentia,
1402 2085 1445 2110 sed
1458 2085 1552 2116 quanta
1571 2085 1694 2110 evidentia
1704 2096 1728 2110 ».
1746 2096 1758 2108 «
1770 2086 1833 2116 Quid
1852 2087 1917 2111 enim
1930 2086 2032 2118 prodest
2044 2087 2122 2112 elocu-

1274 2128 1349 2153 tionis
1368 2128 1510 2160 integritas,
1525 2136 1598 2160 quam
1612 2129 1754 2154 intellectus
1767 2137 1816 2155 non
1831 2130 1943 2161 sequitur
1962 2130 2121 2155 audientis».

1272 2171 1342 2195 Unde
1361 2171 1527 2203 Hieronymus
1538 2170 1572 2196 ²³:
1593 2171 1739 2197 Necessaria
1761 2173 1799 2197 est
1821 2173 1865 2198 illa
1878 2173 1969 2203 oratio,
1989 2181 2051 2205 quae
2069 2181 2122 2199 rem

1273 2214 1390 2245 explicet,
1411 2221 1510 2239 sensum
1530 2214 1662 2243 edisserat,
1683 2215 1787 2240 obscura
1801 2216 1956 2246 manifestet,
1974 2224 2019 2242 nec
2037 2217 2121 2242 verbo-

1272 2264 1327 2281 rum
1347 2257 1523 2288 compositione
1536 2257 1690 2287 frondescat,
1709 2259 1768 2290 quia
1787 2259 1875 2284 melius
1887 2259 1926 2284 est
1943 2267 2003 2285 vera
2020 2260 2120 2291 rustice,

1272 2307 1346 2330 quam
1356 2300 1448 2324 diserte
1458 2299 1523 2324 falsa
1533 2300 1651 2331 proferre.
1675 2310 1687 2322 «
1698 2301 1823 2326 Bonorum
1837 2302 1902 2327 enim
1915 2303 2070 2334 ingeniorum
2083 2303 2122 2328 est

1272 2343 1297 2367 in
1325 2343 1408 2367 verbis
1436 2350 1522 2368 verum
1541 2351 1637 2375 amare,
1661 2351 1709 2369 non
1729 2345 1814 2369 verba.
1840 2345 1903 2375 Quid
1928 2346 1991 2370 enim
2018 2346 2119 2377 prodest

1271 2386 1349 2410 clavis
1368 2393 1455 2415 aurea,
1470 2387 1490 2411 si
1503 2387 1601 2417 aperire
1614 2394 1663 2412 non
1677 2388 1761 2419 potest
1779 2388 1843 2419 quod
1856 2389 1985 2419 volumus,
2004 2389 2049 2414 aut
2062 2389 2120 2421 quid

1271 2429 1352 2458 obest,
1373 2430 1393 2453 si
1413 2429 1499 2461 lignea
1519 2430 1564 2459 sit,
1584 2438 1638 2455 cun]
1659 2438 1708 2455 non
1728 2438 1845 2462 quaeram
1865 2433 1975 2463 aperire,
1995 2433 2042 2457 nisi
2056 2433 2120 2464 quod

1273 2472 1384 2496 clausum
1399 2471 1465 2497 est²⁴
1476 2483 1499 2497 ».
1520 2482 1531 2494 «
1541 2472 1575 2497 Et
1588 2473 1652 2498 sicut
1665 2474 1816 2504 delectatur,
1831 2475 1852 2499 si
1871 2475 1982 2500 suaviter
2000 2476 2119 2507 loquaris,

2139 1746 2210 1770 Regula
2228 1752 2229 1758 ¹

433 2610 441 2623 ¹
459 2612 541 2633 Psalm.
560 2612 602 2639 67,
621 2612 657 2634 27.
675 2618 722 2641 seq.
854 2612 862 2625 ²
881 2614 946 2636 Vcrs.
969 2614 1003 2636 13.

432 2641 441 2655 ⁸
458 2642 502 2665 cfr.
521 2643 676 2670 Breviarium,
694 2644 785 2666 Festum
804 2644 826 2666 S.
843 2645 958 2667 Laurentii
976 2646 1088 2674 Respons.
1105 2646 1165 2668 Lect.
1183 2646 1205 2668 5.

432 2674 441 2686 ‘¹
459 2674 526 2696 Vers.
542 2674 579 2697 27.
855 2675 864 2688 ⁵
883 2676 947 2698 Vers.
966 2677 1002 2699 11.

432 2704 441 2717 ⁰
459 2706 524 2727 Vers.
542 2706 578 2728 16.
596 2709 618 2728 et
635 2707 671 2728 20.
856 2706 864 2719 ⁷
881 2707 948 2729 Vers.
964 2708 987 2730 7.

432 2735 452 2780 ῗο
461 2738 529 2790 Vitis
542 2737 578 2790 ’ξ’
854 2737 871 2781 5,
882 2739 948 2792 ‘5552
965 2739 999 2792 ⁷1]

431 2798 451 2811 ¹2
468 2785 537 2822 Vers:
553 2800 590 2822 11,
856 2800 875 2813 ¹³
894 2779 959 2824 Ver?
981 2788 1038 2824 1.'3.
1057 2808 1106 2831 seq.

432 2829 451 2842 ¹¹¹
471 2831 535 2853 Vers.
553 2831 589 2853 39.
853 2831 873 2844 ¹⁶
891 2833 955 2855 Vers.
974 2834 995 2855 2.

432 2861 452 2874 ¹⁶
469 2862 531 2884 Hanc
547 2865 636 2890 partem
654 2862 797 2891 aliquatenus
814 2864 956 2886 correximus
973 2864 1018 2887 fide
1034 2865 1102 2887 codd.
1120 2865 1172 2887 AD.

432 2891 450 2905 ¹⁷
468 2894 509 2915 Ed.
527 2892 613 2916 habeut
629 2900 671 2921 pro
688 2893 769 2917 debeat
785 2894 885 2923 Izabere,·
903 2896 986 2918 omittit
1002 2897 1023 2919 ei
1040 2895 1172 2925 diliyeutz'a,
1194 2899 1216 2919 et

370 2925 434 2952 ponit
450 2924 594 2954 requirenda
611 2931 653 2953 pro
670 2925 811 2948 attendenda
828 2929 906 2948 contra
924 2928 939 2949 A
951 2927 974 2949 B.

434 2954 452 2970 [Β
468 2957 491 2978 111
508 2957 635 2984 prooemio.

1335 2614 1354 2627 ¹⁹
1372 2615 1414 2637 Pro
1432 2617 1474 2638 hac
1486 2618 1551 2643 parte
1564 2616 1598 2638 usi
1611 2623 1692 2639 sumus
1709 2617 1776 2639 codd.
1795 2619 1812 2640 Α
1824 2618 1839 2639 Β
1849 2617 1865 2640 C
1875 2619 1893 2640 D
1902 2619 1918 2640 F
1927 2618 1956 2646 G⁷
1974 2625 2074 2647 quorum
2088 2621 2121 2641 ta-

1272 2652 1324 2668 men
1342 2647 1418 2669 nullus
1435 2647 1522 2669 bonum
1535 2650 1557 2669 et
1569 2647 1689 2677 sulcorum
1702 2651 1787 2671 textum
1802 2649 1883 2677 habet,
1894 2656 2022 2678 omnesque
2034 2652 2121 2672 scatent

1272 2678 1332 2700 vitiis
1350 2681 1372 2700 et
1388 2678 1492 2707 plerique
1509 2679 1623 2701 coutinuis
1641 2680 1741 2707 lacunis,
1759 2680 1867 2703 varietate
1885 2681 2007 2703 lectionum
2025 2687 2051 2704 ac
2068 2688 2120 2704 con-

1272 2709 1341 2731 tinuis
1359 2710 1574 2737 transpositionibus
1591 2717 1669 2733 rerum
1686 2714 1708 2733 et
1722 2711 1861 2739 verborum,
1874 2713 2009 2740 praesertim
2022 2719 2034 2735 a
2046 2719 2068 2735 n.
2081 2713 2119 2735 32.

1272 2747 1346 2769 usque
1363 2741 1385 2762 in
1403 2741 1485 2769 finem,
1504 2745 1528 2764 ut
1545 2748 1570 2764 ea
1589 2742 1618 2764 ad
1636 2742 1721 2765 calcem
1740 2746 1820 2765 notare
1836 2747 1858 2766 et
1880 2744 1958 2766 inutile
1975 2747 1997 2766 et
2014 2745 2060 2767 fere
2076 2744 2120 2766 im-

1271 2771 1381 2807 possibile
1401 2772 1475 2795 fuerit.
1492 2773 1582 2795 Meliore
1604 2780 1651 2802 quo
1674 2774 1793 2802 potuimus
1818 2775 1888 2797 modo
1914 2778 2000 2798 textum
2025 2782 2120 2804 compo-

1271 2809 1367 2826 suimus.

1334 2833 1354 2846 ²0
1372 2835 1394 2856 ln
1411 2836 1539 2862 prooemio.
1760 2836 1779 2849 ²¹
1797 2836 1852 2865 Cap.
1870 2838 1891 2865 2,
1908 2844 1932 2860 11.
1951 2839 1972 2860 3.

1335 2864 1354 2878 ²2
1373 2865 1429 2888 1bid.
1446 2873 1465 2889 c.
1484 2867 1505 2889 5.
1524 2873 1549 2889 -n.
1574 2867 1600 2894 73
1624 2868 1684 2890 dein.
1702 2874 1724 2890 n.
1742 2869 1767 2895 8,
1786 2868 1825 2891 ubi
1853 2869 1935 2892 citatur
1960 2870 2014 2898 Sap.
2032 2871 2058 2898 6,
2080 2870 2118 2893 26.

1273 2897 1380 2925 Sequitur
1397 2903 1417 2920 c.
1437 2898 1457 2919 9.
1476 2904 1498 2919 n.
1517 2899 1553 2920 23.
1571 2902 1593 2921 et
1609 2905 1629 2921 c.
1651 2900 1684 2921 10.
1702 2906 1724 2921 n.
1742 2899 1780 2921 24.

1335 2927 1354 2940 ²³
1371 2927 1416 2951 Csr.
1434 2929 1456 2950 in
1474 2928 1543 2958 Osee,
1561 2936 1580 2952 c.
1600 2930 1641 2958 110,
1659 2930 1696 2952 13.
1713 2933 1735 2953 et
1751 2930 1823 2959 Epist.
1840 2931 1877 2954 52.
1897 2931 1961 2961 (alias
1978 2932 2008 2961 2.)
2026 2939 2048 2954 n.
2067 2933 2088 2954 8.

1335 2959 1354 2974 ‘³¹
1372 2960 1478 2988 August,
1496 2961 1539 2983 loc.
1557 2961 1592 2983 cit.
1611 2967 1630 2984 c.
1649 2962 1685 2983 41.
1703 2968 1725 2985 n.
1743 2962 1780 2990 26,
1798 2965 1820 2985 et
1837 2962 1889 2985 (10111
1908 2969 1928 2986 c.
1946 2964 1981 2986 112.
1999 2970 2023 2986 n.
2040 2963 2077 2986 27.
