2243 3348
235 990 287 1011 item.
301 994 343 1008 cum

222 1013 313 1039 aviditate
322 1017 355 1036 ap·

250 1038 326 1060 petitus.

235 1927 348 1946 Notandum,

369 160 425 188 408

369 245 405 266 ex
427 237 472 266 tali
504 237 605 265 unione
637 234 752 271 simplici
781 237 808 262 et
836 240 907 269 pura
937 230 1057 267 acquirit
1088 228 1213 265 corporis

370 284 569 321 simplicitatem
593 286 619 311 et
640 281 798 318 puritatem.
814 280 832 307 A
849 278 949 307 talibus
969 284 1036 305 vero
1055 275 1212 308 invenitur,

369 331 420 370 qui
440 339 497 359 non
519 332 628 358 tentant
649 327 746 360 illum,
769 333 818 362 per
850 324 1037 353 curiositatem
1070 327 1212 358 praesum-

370 382 463 407 tuosae
491 379 517 405 et
545 374 706 404 temerariae
735 370 958 408 investigationis.
981 370 1047 398 Nam
1070 375 1212 405 praesum-

370 428 466 452 tuosus
481 426 507 451 et
522 420 687 450 temerarius
701 421 850 447 scrutator
863 416 1023 445 Maiestatis
1036 416 1054 449 ¹,
1070 414 1116 451 qui
1132 414 1211 451 quasi

371 468 555 498 tenebrositati
572 465 739 503 pedestrium
756 463 995 492 ratiocinationum
1011 462 1049 490 sic
1070 460 1212 494 innititur,

368 520 399 544 ut
414 515 479 543 velit
494 514 577 550 figere
592 515 733 549 aspectum
750 511 777 539 in
792 509 985 547 splendoribus
1000 508 1131 541 aeternis,
1147 514 1213 543 prae

368 561 539 599 phantastica
562 558 770 591 tenebrositate,
793 564 876 593 quam
903 556 947 584 Sol
973 554 1122 592 sapientiae
1143 553 1213 590 pati-

371 612 415 637 tur
428 609 447 641 2,
469 606 651 644 opprimetur
672 613 692 632 a
711 604 818 641 gloria.
839 606 971 640 Apparet
985 605 1083 630 autent
1098 601 1148 636 eis,
1164 601 1212 638 qui

370 654 430 683 fidei
446 652 613 682 adminiculo
628 659 676 688 per
688 658 820 680 excessus
835 648 1073 685 contemplationis
1087 648 1170 677 altius
1185 656 1213 677 se

369 708 453 737 supra
474 707 502 728 se
524 699 597 735 ipsos
612 697 762 730 elevantes,
777 696 865 724 Deum
882 694 1077 732 perspicaciter
1092 697 1213 723 contem-

369 748 495 784 plantur;
527 745 600 774 unde
632 743 784 773 Richardus
816 742 850 771 de
871 741 1120 778 contemplatione,
1143 741 1213 770 libro

370 794 498 831 primo-”³2
525 804 538 817 «
554 790 753 828 Contemplatio
774 792 816 818 est
837 789 923 817 libera
954 789 1053 817 mentis
1075 788 1214 825 perspica-

369 841 410 870 cia
441 840 467 868 in
497 838 645 876 sapientiae
674 836 830 874 spectacula
858 843 920 864 cum
950 835 1131 864 admiratione
1152 843 1214 864 sus-

367 895 451 925 pensa
466 899 491 914 ι».

446 933 570 962 Secundo
598 931 729 970 quaerite
757 938 820 959 cum
850 929 991 958 auiditate
1018 929 1164 967 appetitus
1186 929 1213 957 in

368 980 595 1011 delectationibus
616 978 709 1015 puris;
732 977 805 1005 unde
826 976 860 1005 ad
889 976 1063 1005 Colossenses
1092 976 1212 1005 tertio4:

369 1029 449 1065 Quae
469 1035 590 1055 sarsum
615 1028 685 1053 sunt
712 1024 858 1062 quaerite,
881 1023 932 1052 ubi
954 1022 1089 1052 Christus
1110 1026 1160 1057 est,
1182 1023 1214 1052 in

368 1076 487 1104 dextera
511 1073 562 1101 Dei
580 1073 697 1105 scamis,-
719 1079 794 1110 quae
815 1079 939 1099 sursum
952 1074 1023 1099 sunt
1036 1070 1139 1108 sapite,
1155 1078 1214 1098 non

367 1130 441 1160 <luae
462 1128 550 1157 saper
572 1123 699 1151 terram,
722 1118 829 1155 potiora
852 1118 923 1146 bona
938 1117 1040 1151 Patris,
1056 1126 1131 1155 qaae
1145 1125 1214 1145 sar-

366 1177 432 1197 sum
464 1171 548 1200 sunt,
573 1166 622 1194 ubi
651 1164 786 1194 Christus
814 1168 869 1198 est,
892 1164 922 1192 ἰη
951 1164 1070 1192 dextera
1093 1164 1145 1192 Dei
1171 1172 1213 1192 sc-

366 1216 451 1249 dens,
474 1214 500 1243 id
523 1217 572 1247 est,
594 1213 619 1241 in
650 1215 785 1249 quantum
815 1211 867 1240 illis
896 1210 1051 1248 potioribus
1080 1210 1159 1239 bonis
1186 1213 1213 1239 et

366 1261 536 1291 dulcioribus
558 1262 692 1297 perpetuo
714 1258 826 1287 fruitur.
851 1258 989 1294 Quaerite
1004 1265 1053 1294 per
1069 1257 1213 1291 desideria,

367 1313 393 1338 et
415 1310 481 1337 haec
503 1308 596 1337 eadem
620 1307 691 1335 bona
712 1309 739 1335 et
759 1305 972 1339 delectationes,
994 1314 1069 1343 quae
1090 1314 1214 1334 sursum

366 1360 434 1384 sunt
456 1356 486 1383 in
507 1355 626 1383 dextera
649 1353 714 1387 Dei,
736 1353 847 1390 sapite,
864 1360 913 1389 per
928 1352 1108 1381 elevationem
1130 1360 1214 1389 appe-

369 1403 433 1432 titus
454 1405 481 1431 et
501 1405 599 1439 gustus
621 1408 684 1429 cum
705 1399 884 1429 adhaerentia
905 1399 1007 1428 amoris
1026 1399 1059 1428 ad
1075 1407 1212 1436 superna;

368 1459 423 1479 11011
445 1457 519 1488 quae
539 1457 627 1485 saper
649 1451 777 1481 terrant,
800 1455 850 1484 per
871 1447 1076 1484 depressionem
1099 1446 1214 1476 affectus

365 1497 399 1526 ad
421 1497 471 1525 ista
492 1496 570 1525 foeda
591 1498 618 1524 et
639 1494 789 1523 immunda.
812 1495 878 1522 Nam
900 1494 968 1522 istae
996 1494 1090 1522 foedae
1111 1497 1138 1523 et
1159 1497 1214 1523 ter-

365 1551 448 1573 renae
469 1542 662 1572 delectationes
683 1542 775 1578 potius
789 1541 950 1575 amaricant,
967 1549 1050 1578 quam
1069 1541 1213 1570 delectent.

365 1591 432 1620 Nam
452 1590 500 1619 ubi
523 1589 610 1619 credit
631 1590 713 1617 1101110
742 1588 867 1617 invenire
894 1588 1142 1622 delectamentum,
1164 1596 1214 1617 ex-

365 1638 473 1675 peritur
495 1637 665 1670 cruciatum,
681 1644 713 1664 eo
734 1635 809 1673 quod
830 1635 919 1663 omnis
934 1635 1078 1664 delectatio
1093 1635 1119 1663 111
1135 1643 1214 1672 prae-

367 1685 436 1714 senti
468 1691 580 1721 aspersa
611 1686 652 1712 est
684 1682 879 1711 amaritudine.
912 1682 963 1711 Sed
997 1682 1214 1716 delectationes,

367 1740 437 1769 quae
458 1735 527 1760 sunt
558 1731 589 1759 in
621 1730 764 1759 dextera⁵
787 1729 844 1764 Dei,
867 1729 988 1766 perfecte
1009 1729 1161 1763 delectant,
1183 1737 1215 1758 eo

367 1779 440 1816 quod
462 1778 633 1815 coniungunt
665 1780 692 1806 et
720 1777 821 1806 uniunt
849 1777 968 1805 animam
990 1776 1045 1811 1111,
1067 1776 1108 1805 aa
1129 1777 1215 1805 cuius

366 1826 523 1863 inzayinem
555 1829 581 1853 et
610 1824 835 1853 similitudinem
862 1822 947 1860 facta
978 1827 1034 1858 est,
1067 1831 1103 1852 ex
1135 1824 1215 1853 cuius

367 1873 468 1902 unione
483 1880 578 1901 amans
596 1871 812 1900 transformatur
828 1870 854 1899 in
870 1873 1007 1905 amatum,
1023 1870 1089 1899 dum
1106 1870 1143 1899 illi
1166 1879 1215 1908 per

366 1921 494 1949 affectum
523 1919 709 1956 coniungitur.
731 1935 770 1939 —
791 1918 859 1946 Cum
881 1926 963 1955 ergo,
985 1918 1139 1947 secundum
1161 1918 1215 1947 Hu-

367 1975 478 2004 gonem,
494 1966 564 1995 libro
579 1966 612 1995 de
627 1966 715 1994 Arrha
730 1965 846 1999 animae,
871 1976 884 1990 «ι
900 1968 976 1993 tanta
991 1964 1032 1993 vis
1046 1964 1149 1993 amoris
1164 1966 1218 1998 est,

367 2019 399 2043 ut
419 2014 500 2043 talem
523 2017 549 2043 te
570 2021 629 2042 esse
650 2021 761 2042 necesse
790 2013 840 2046 sit,
863 2012 946 2049 quale
968 2011 1036 2040 illud
1062 2014 1119 2046 est,
1141 2010 1215 2048 quod

368 2070 456 2095 amas,
478 2064 505 2090 et
520 2060 566 2098 qui
582 2068 632 2098 per
646 2060 775 2089 affectum
791 2059 968 2096 coniungeris
988 2059 1017 2087 in
1039 2059 1126 2096 ipsius
1140 2058 1215 2088 simi-

366 2108 482 2137 litudine
503 2108 561 2144 ipsa
582 2107 702 2145 quodam
717 2107 797 2135 modo
812 2106 965 2135 dilectionis
982 2106 1111 2135 societate
1126 2108 1215 2134 trans-

366 2155 536 2189 formaris»;
559 2154 580 2183 si
602 2154 693 2182 anima
715 2154 851 2182 convertit
877 2161 905 2182 se
927 2161 1012 2190 super
1033 2153 1143 2182 foedum
1166 2160 1215 2189 per

367 2209 505 2236 amorem,
526 2201 741 2229 transformatur
760 2201 786 2229 in
810 2200 983 2234 foeditatem3
1006 2200 1028 2229 si
1050 2208 1136 2237 supra
1157 2199 1216 2236 pul-

368 2256 461 2282 crum,
477 2248 503 2276 in
518 2247 750 2285 pulcritudinem:
774 2248 902 2284 pulcrum
926 2255 992 2284 ergo
1013 2250 1127 2284 generat
1142 2246 1215 2275 dele-

368 2295 527 2324 ctationem:
549 2303 615 2331 ergo
636 2294 728 2323 divina
743 2294 881 2331 Sapientia
896 2297 1009 2331 generat
1024 2294 1154 2331 pulcrum
1169 2293 1216 2322 de-

368 2342 521 2371 lectationis
543 2342 570 2370 in
591 2350 623 2370 eo
645 2342 691 2378 qui
714 2342 737 2370 ei
760 2349 809 2378 per
841 2349 979 2380 amorem
994 2341 1100 2370 unitur.
1124 2341 1154 2369 Et
1181 2340 1215 2369 de

368 2390 420 2418 hoc
452 2389 613 2426 intelligitur
644 2389 717 2426 quod
749 2389 851 2418 dicitur
886 2388 1062 2417 Canticorum
1093 2388 1215 2417 tertioss:

370 2436 498 2473 Surgam
520 2440 545 2464 et
565 2436 694 2465 circuibo
717 2436 879 2469 civitatem;
891 2444 945 2473 per
966 2435 1044 2464 vicos
1058 2439 1084 2464 et
1102 2435 1216 2472 plateas

369 2490 511 2520 quaeram
533 2492 615 2521 quent
638 2483 733 2521 (liliyit
754 2483 858 2511 anima
873 2491 955 2516 mea,·
970 2482 1103 2520 quaesivi
1116 2482 1214 2516 illum,

370 2532 393 2557 et
408 2538 465 2557 non
480 2529 591 2562 intent}
612 2530 783 2558 inuenerunt
798 2538 843 2558 1110
856 2529 967 2567 vigiles,
983 2530 1035 2567 qui
1049 2528 1216 2557 custodiunt

370 2576 522 2604 ciuitatem.
545 2576 621 2604 Num
645 2585 728 2614 quem
749 2576 844 2614 diligit
865 2577 969 2605 anima
990 2585 1055 2604 mea
1075 2575 1215 2604 vidistis?

371 2622 533 2651 Paululum
556 2632 622 2651 cttm
641 2624 868 2660 pertransissem
883 2632 938 2658 eos,
955 2623 1053 2652 inveni
1067 2632 1150 2661 quem
1172 2623 1215 2651 ‹li-

1032 151 1204 181 SERMONES
1223 151 1266 179 DE
1288 150 1451 179 TEMPORE.

1269 227 1332 264 ligyit
1353 227 1458 255 ani-ma
1480 235 1561 259 mea,·
1583 226 1663 255 tenui
1683 235 1758 260 etun,
1781 235 1831 255 nec
1851 226 2011 261 dimittam,
2027 227 2115 255 donec

1269 273 1399 310 experiar
1431 273 1639 301 delectationem
1670 276 1697 301 et
1728 272 1900 302 dulcedinem
1922 273 1982 302 0103
2003 273 2115 302 deificae

1269 319 1426 356 voluptatis.

1348 366 1441 394 Tertio
1462 366 1593 403 quaerite
1614 373 1678 395 cum
1692 366 1864 394 strenuitate
1878 365 1993 403 effectus
2008 366 2034 394 in
2051 374 2115 395 con-

1270 412 1472 441 versationibus
1493 413 1609 446 sanctis;
1632 413 1705 442 unde
1727 412 1940 441 proverbiorum
1956 413 2114 441 secundm:

1271 460 1303 488 Si
1322 460 1499 496 sapientiam
1514 459 1696 488 invocaveris
1717 463 1741 488 et
1762 459 1952 489 inclinaveris
1966 468 2016 489 cor
2032 464 2116 489 tuum

1269 506 1459 543 prudentiae,
1480 506 1508 534 si
1528 506 1689 543 quaesieris
1710 514 1774 534 cam
1795 506 1884 544 quasi
1911 506 2070 543 pecuniam
2091 509 2117 535 et

1269 552 1347 581 sicut
1367 551 1520 581 thesauros
1548 551 1682 590 effoderis
1710 552 1810 586 illam;
1831 556 1900 581 tunc
1922 552 2061 590 intelliges
2082 553 2116 581 ti-

1270 608 1380 628 morem
1404 599 1521 628 Domini
1534 603 1560 628 et
1573 599 1724 628 seientiam
1740 600 1792 628 Dei
1806 600 1940 628 invenies.
1962 616 2001 620 —
2016 599 2049 628 Si
2068 608 2117 628 sa-

1268 646 1410 683 pientiam
1432 646 1629 680 invocaveris,
1651 654 1700 683 per
1729 647 1900 676 sanctitatem
1933 647 2019 682 vitae;
2041 647 2117 676 nulla

1270 693 1367 722 melior
1389 693 1524 722 invocatio
1546 693 1695 730 sapientiae
1723 701 1806 730 quam
1834 693 2008 730 praeparatio
2039 693 2116 722 habi-

1270 740 1352 769 taculi
1386 748 1436 777 per
1468 740 1656 774 sanctitatem;
1680 741 1708 769 si
1737 740 1927 769 inclinaveris
1954 749 2005 769 cor
2033 745 2117 770 tuum

1267 786 1460 824 prudentiae,
1483 795 1532 824 per
1559 787 1678 824 rigorem
1709 787 1884 824 disciplinae;
1909 787 1937 816 si
1956 787 2117 825 quaesieris

1270 842 1334 863 eam
1366 834 1455 872 quasi
1476 834 1652 871 pecu-niam,
1674 841 1737 863 cum
1766 833 1895 863 aviditate
1921 834 2117 871 concupiscen-

1270 881 1339 915 tiae;
1362 884 1386 909 et
1407 881 1484 909 sicut
1505 880 1658 910 thesauros
1678 880 1811 919 effoderis
1832 881 1931 915 illam,
1947 889 1996 918 per
2018 881 2118 910 sollici-

1270 928 1393 957 tudinem
1416 928 1580 965 diligentiae.
1603 928 1668 957 Nam
1701 928 1773 957 sicut
1800 929 1847 965 qui
1874 929 2020 958 thesauros
2050 929 2118 958 fodit

1272 978 1374 1004 terram
1396 975 1482 1004 trahit
1497 978 1524 1004 et
1542 975 1648 1004 foveam
1671 975 1698 1004 in
1719 975 1806 1004 altum
1829 975 1905 1009 facit,
1927 975 2041 1004 sedulus
2061 975 2119 1004 exi-

1270 1025 1360 1056 stens,
1382 1022 1468 1051 donec
1490 1022 1612 1051 inveniat
1633 1022 1707 1060 quod
1735 1022 1860 1059 quaerit:
1883 1022 1921 1051 sic
1942 1022 1989 1059 qui
2011 1022 2116 1052 deside-

1271 1073 1314 1098 rat
1335 1069 1499 1098 thesaurum
1531 1069 1680 1106 sapientiae
1708 1077 1789 1098 omne
1811 1069 1919 1106 pondus
1939 1072 2082 1098 terrenum
2101 1078 2117 1099 a

1270 1123 1299 1144 se
1325 1116 1443 1144 retrahit
1473 1119 1499 1144 et
1531 1115 1637 1144 foveam
1669 1115 1833 1145 humilitatis
1864 1116 1890 1144 in
1913 1123 1942 1145 30
1973 1115 2037 1145 facit
2068 1124 2118 1145 nec

1270 1163 1402 1200 quiescit,
1424 1163 1510 1191 donec
1532 1163 1668 1196 inveniat;
1690 1163 1756 1200 quia
1778 1166 1846 1191 tunc
1867 1162 2016 1201 intelliqes,
2035 1163 2118 1192 timo-

1271 1218 1330 1238 reni
1350 1209 1468 1238 Domini
1488 1217 1548 1238 esse
1569 1209 1687 1238 initium
1706 1210 1795 1238 omnis
1810 1209 1887 1244 boni,
1903 1217 2050 1247 perquem
2073 1210 2119 1239 (lc-

1270 1257 1361 1286 clinat
1382 1257 1476 1285 omnis
1492 1257 1574 1285 homo
1590 1265 1609 1285 a
1623 1257 1701 1285 malo
1713 1256 1742 1290 8;
1757 1260 1782 1285 et
1802 1256 1954 1285 scientiam
1971 1257 2023 1285 Dei
2042 1257 2118 1286 inve-

1270 1304 1348 1338 nies,
1364 1304 1445 1333 cuius
1465 1304 1612 1333 dictamine
1633 1304 1762 1341 dirigitur
1787 1303 1876 1333 omnis
1905 1304 1996 1333 homo.
2028 1304 2120 1342 Augu-

1271 1351 1373 1386 stinus,
1395 1351 1466 1380 libro
1486 1353 1567 1380 sexto
1582 1352 1616 1380 de
1631 1351 1821 1380 Confessione:
1847 1362 1861 1376 «
1876 1351 1991 1380 Pereant
2012 1351 2118 1386 omnia,

1270 1398 1441 1427 dimittamus
1463 1398 1531 1427 baec
1553 1406 1623 1427 vana
1644 1401 1671 1427 et
1692 1398 1799 1432 inania,
1821 1398 1995 1427 conferamus
2016 1406 2066 1427 nos
2085 1398 2118 1427 ad

1271 1446 1355 1475 solam
1378 1445 1585 1483 inquisitionem
1608 1445 1731 1474 veritatis
1746 1456 1776 1480 »ς
1798 1445 1915 1474 ibidem:
1937 1458 1948 1471 a
1964 1445 2035 1482 Quid
2050 1453 2118 1474 cun-

1271 1496 1379 1522 ctamur
1394 1493 1492 1530 igitur,
1516 1492 1612 1522 relicta
1633 1500 1682 1530 spe
1703 1493 1821 1527 saeculi,
1836 1493 1962 1522 conferre
1983 1500 2033 1522 nos
2048 1495 2119 1522 totos

1271 1540 1304 1568 ad
1326 1540 1518 1577 quaerendum
1540 1540 1627 1568 Deum
1649 1543 1676 1568 et
1698 1539 1781 1568 vitam
1805 1540 1913 1569 beatam
1928 1543 1962 1569 »ἵ

1351 1587 1379 1615 ll.
1403 1586 1529 1615 Secundo
1552 1586 1578 1614 in
1601 1586 1686 1615 verbo
1714 1586 1855 1623 proposito
1876 1587 2011 1624 exprimit
2030 1586 2119 1616 010001-

1272 1634 1390 1663 lentiam
1415 1642 1561 1671 supernae
1591 1632 1830 1667 inhabitationiS,
1852 1641 1915 1662 cum
1945 1633 2053 1662 subdit:
2075 1641 2119 1662 re-

1270 1689 1363 1719 gnum
1388 1681 1445 1709 Dei.
1469 1681 1541 1709 Hanc
1563 1683 1655 1709 autem
1678 1680 1899 1717 inexplicabilem
1926 1680 2118 1710 excellentiam

1272 1735 1410 1765 supernae
1431 1727 1655 1761 inhabitationis,
1677 1727 1781 1756 scilicet
1803 1727 1879 1764 regni
1900 1727 1965 1762 Dei,
1988 1727 2041 1756 tria
2055 1729 2120 1756 sunt

1272 1783 1343 1812 quae
1364 1774 1458 1812 aliquo
1478 1774 1559 1803 modo
1580 1774 1614 1803 de
1636 1774 1785 1811 longinquo
1807 1774 1989 1804 manifestant.
2012 1775 2043 1803 Et
2064 1774 2121 1812 pri-

1272 1830 1349 1851 mum
1373 1825 1414 1850 est
1435 1820 1615 1859 refulgentia
1636 1821 1754 1850 (livinae
1768 1821 1924 1856 claritatis,
1940 1829 1977 1851 ex
1992 1830 2047 1859 qua
2061 1821 2121 1851 red-

1271 1869 1348 1898 ditur
1362 1869 1525 1906 speciosum
1545 1868 1579 1897 ad
1595 1868 1774 1903 intuendum3
1790 1869 1943 1898 secundum
1958 1872 2000 1898 est
2014 1869 2121 1898 redun-

1272 1916 1378 1945 dantia
1399 1916 1557 1945 immensae
1579 1915 1729 1949 bonitatis,
1751 1923 1788 1944 ex
1819 1924 1875 1953 qua
1906 1915 2032 1945 redditur
2053 1916 2121 1945 cleli-

1273 1964 1385 1992 ciosum
1406 1963 1438 1992 ad
1462 1962 1677 2000 perfruendum;
1700 1963 1812 1992 tertium
1834 1966 1876 1992 est
1900 1963 2033 1992 carentia
2054 1967 2122 1992 tem-

1271 2019 1419 2047 poraneae
1433 2010 1644 2047 corruptionis,
1656 2017 1692 2038 ex
1704 2017 1760 2047 qua
1774 2009 1900 2039 redditur
1911 2010 2121 2047 sempiternum

1272 2057 1305 2086 ad
1327 2057 1555 2095 permanendum.
1576 2057 1607 2085 Et
1628 2057 1667 2086 sic
1688 2056 1865 2094 refulyentia
1893 2057 1984 2086 lucida
2012 2058 2120 2095 sapien-

1273 2105 1326 2134 tiae
1348 2104 1602 2142 supersplendentis
1624 2104 1768 2133 inundabit
1795 2104 1956 2134 rationalem
1977 2105 2004 2133 in
2027 2108 2122 2142 aperta

1272 2152 1394 2186 visione;
1417 2151 1573 2188 influentia
1595 2152 1701 2189 placida
1729 2151 1982 2189 superabundantis
2003 2152 2122 2182 benevo-

1272 2199 1372 2228 lentiae
1393 2199 1503 2228 satiabit
1535 2198 1776 2235 concupiscibilem
1801 2198 1829 2227 in
1860 2198 1955 2236 quieta
1974 2199 2120 2234 fruitione3

1273 2249 1300 2275 et
1320 2246 1451 2284 efficacia
1473 2246 1598 2274 virtuosa
1620 2245 1756 2282 potentiae
1770 2246 1961 2282 perpetuantis
1979 2254 2122 2275 assecura-

1272 2293 1313 2322 bit
1334 2292 1500 2322 irascibilem
1524 2292 1551 2320 in
1573 2292 1655 2321 firma
1676 2292 1804 2321 tentione.
1983 2299 1986 2301 ’

1353 2341 1443 2369 Primo
1464 2348 1582 2377 regnum
1605 2339 1653 2368 Dei
1676 2342 1717 2368 est
1731 2340 1892 2377 speciosum
1908 2340 1942 2369 ad
1957 2340 2121 2370 intuendum

1273 2390 1387 2424 propter
1408 2386 1617 2424 refulyentiam
1647 2386 1765 2415 (livinae
1796 2386 1942 2416 claritatis
1949 2397 1959 2421 ,·
1981 2387 2054 2416 unde
2076 2388 2122 2416 Sa-

1273 2435 1391 2471 pientiae
1413 2434 1510 2471 01111110
1526 2434 1553 2462 ⁹:
1576 2434 1725 2471 Accipient
1747 2434 1850 2462 Sancti
1870 2442 1994 2472 requam
2009 2434 2120 2463 decoris

1273 2485 1298 2510 et
1318 2481 1457 2510 diadema
1477 2481 1583 2518 speciei
1603 2481 1637 2509 cte
1657 2489 1751 2509 manu
1775 2481 1899 2510 Domini.
1922 2481 1999 2510 Sicut
2013 2481 2120 2510 caelum

1273 2531 1389 2557 ornatur
1411 2528 1613 2563 luminaribus,
1630 2528 1668 2557 sic
1683 2536 1800 2565 regnum
1816 2528 1864 2557 Dei
1880 2527 2052 2565 refulgentiis
2066 2527 2121 2565 spi-

1274 2575 1421 2604 ritualibus
1442 2578 1470 2604 et
1491 2575 1697 2612 sapientialibus
1718 2583 1755 2604 ex
1776 2575 1931 2612 praesentia
1946 2575 2015 2604 lucis
2033 2577 2121 2604 aeter-

1273 2630 1324 2651 nae
1339 2622 1496 2651 irradiantis
1512 2630 1596 2659 super
1611 2622 1715 2656 Beatos,
1731 2629 1802 2659 quae
1817 2625 1857 2650 est
1869 2621 2026 2659 speciosior
2047 2621 2104 2650 sole
2110 2632 2121 2655 ,-

436 2795 443 2807 ¹
462 2796 591 2823 Respicitur
608 2797 674 2818 Prov.
694 2797 730 2824 25,
750 2797 787 2819 27.

434 2835 443 2849 ἵ
462 2835 535 2857 Verba
555 2841 627 2864 qaam
644 2834 680 2858 sol
697 2835 827 2865 sapientiae
842 2836 937 2865 patitur
954 2840 1055 2859 assumta
1069 2840 1120 2860 suut
1138 2843 1163 2860 ex
1183 2843 1218 2860 co-

373 2873 468 2896 dicibus.

435 2912 443 2926 ³
461 2912 515 2940 Cap.
533 2912 554 2934 i.

435 2951 444 2963 ⁴
463 2951 529 2973 Vers.
550 2952 567 2973 1.
585 2958 633 2980 seq.

1336 2796 1345 2809 ⁵
1363 2797 1493 2825 Respicitur
1511 2797 1546 2819 Ps.
1569 2796 1607 2823 15,
1628 2796 1666 2824 ll;
1684 2795 1789 2824 sequitur
1806 2795 1862 2817 Gen.
1885 2795 1902 2822 l,
1921 2795 1958 2817 26.

1336 2834 1345 2847 ⁵
1363 2836 1428 2858 Yers.
1447 2837 1469 2858 2.
1486 2842 1552 2864 seqq.
1907 2833 1915 2846 ⁷
1932 2833 1997 2856 Vers.
2016 2834 2036 2856 3.
2054 2839 2118 2863 seqq.

1336 2873 1345 2887 ⁸
1363 2875 1430 2897 Prov.
1452 2876 1490 2903 15,
1509 2875 1551 2902 273
1569 2874 1673 2903 sequitur
1691 2875 1799 2901 August„
1818 2873 1855 2896 Vl.
1875 2873 1904 2896 de
1927 2872 2027 2896 Confess.
2045 2879 2064 2895 0.
2087 2873 2120 2895 ll.

1274 2921 1295 2937 n.
1318 2915 1352 2937 l9.

1335 2952 1344 2965 ⁰
1362 2953 1427 2975 Vers.
1452 2953 1491 2980 i7;
1510 2953 1562 2975 dein
1580 2953 1702 2981 respicitur
1720 2952 1773 2980 Sap.
1790 2951 1812 2981 7,
1831 2952 1868 2974 29.

2136 373 2188 396 nem,
2201 379 2243 394 cumi

2136 397 2243 418 strenuitate

2147 421 2229 441 0110111111.

2137 1591 2182 1610 Pars
2194 1591 2214 1610 ll.
2226 1591 2235 1610 1

2142 1614 2235 1634 excellenti

2136 1638 2232 1665 inhabitati

2179 1667 2214 1681 ms.

2233 1645 2236 1655 1

2137 1731 2235 1751 8011011131(

2135 2344 2163 2363 De
2175 2343 2232 2367 refulg

2145 2367 2170 2386 tia
2182 2366 2231 2386 divin

2150 2390 2232 2410 clai-itatis
