2243 3348
221 709 271 729 Item,
286 707 346 730 Virgi-

220 736 263 749 num
273 731 349 749 doman-

226 755 248 773 do
263 759 343 772 carnem.

227 1081 272 1099 Pars
285 1080 305 1098 ll.
320 1080 346 1099 De

246 1104 330 1127 praemio

228 1127 348 1146 beatitudinis

219 1151 305 1169 dicuntur
313 1156 351 1169 sex.

242 1455 284 1481 Vita
297 1455 334 1478 glo-

261 1484 316 1497 [1052.

251 1785 344 1803 Vin-tunsa.

233 2020 345 2043 Tranquilia.

249 2395 347 2418 Opulenta.

368 160 423 187 600

366 237 546 266 obedientiam
570 237 596 264 in
619 244 701 273 opere
709 246 718 268 ;
741 235 863 263 Psalnius
880 235 904 261 ¹:
929 232 1076 269 Confessio
1101 235 1126 260 et
1144 230 1211 268 put-

367 284 481 312 eritudo
503 284 533 311 in
555 286 703 319 conspeetu
725 281 803 314 eius,
825 279 1024 308 sanctimonia
1051 283 1075 306 et
1097 277 1211 314 77109)ῑὶ-

365 330 481 366 ficentia
502 330 532 358 in
553 328 782 364 sanctificatione
803 327 873 355 eius.
896 326 946 354 Sed
969 329 1073 358 contra,
1088 324 1122 352 de
1141 324 1210 352 inul-

367 377 400 405 tis
428 376 529 405 dieitur
557 383 605 412 per
631 374 788 410 Apostolum
804 373 829 401 ²:
858 373 980 405 Dicunt,
1002 380 1031 399 se
1052 379 1134 399 nosse
1158 370 1211 398 Do-

366 423 495 455 minum,
517 422 605 458 factis
626 424 721 449 autem
744 423 868 457 neyant:
889 421 916 447 et
938 418 963 446 lii
987 418 1021 446 ab
1046 417 1107 445 aliis
1128 417 1209 445 etiam

366 470 507 498 veritatem
532 468 627 496 audire
643 467 755 499 nolunt;
772 466 867 494 isaias:
885 464 1016 501 Populus
1031 464 1071 492 ad
1090 463 1211 492 iracun-

365 516 445 544 diam
460 522 623 551 provocans
638 517 678 541 est
692 517 716 541 et
726 512 782 549 filii
795 512 956 545 mendaces,
969 511 1021 549 qui
1034 511 1149 539 dicunt:
1163 510 1212 538 Lo-

365 561 491 599 quimini
505 560 585 588 nobis
597 560 754 596 placencia,
767 559 856 587 ¹vt'dete
870 558 952 586 nobis
967 566 1089 586 errores.
1103 557 1147 585 llis
1158 556 1209 585 dici

366 611 453 645 potest
475 607 541 635 illud
563 607 680 643 Apostoli
698 607 723 634 in
741 606 865 634 Actibus:
885 605 907 633 Ο
921 605 1000 642 plene
1015 605 1095 632 omni
1108 604 1172 632 dolo
1187 607 1211 631 et

366 654 445 683 omni
462 652 600 690 fidlaeia,
622 652 666 689 (iti
688 652 818 680 diaboti!
839 660 896 680 non
918 651 1027 679 desinis
1047 650 1212 678 subvertere

367 702 429 729 vias
447 700 563 729 Domini
585 704 686 728 rectas.
703 716 739 719 —
755 699 792 727 De
808 702 896 731 sexto,
913 698 1010 726 Petrus
1021 697 1048 725 ³:
1066 697 1212 725 Succincti

366 747 476 776 lumbos
497 747 599 775 mentis
627 750 753 779 vestrae,
774 745 866 773 sobrii
890 743 1014 781 perfecte
1038 747 1152 781 sperate
1180 744 1211 771 in

365 803 427 823 cam
450 803 524 832 quae
544 792 664 831 offertur
687 793 764 821 vobis
784 792 931 829 qratiam,
955 800 1011 819 non
1032 790 1213 828 conliyurati

364 841 515 879 prioribus
539 840 723 877 ignorantiae
747 843 859 867 vestrae
880 838 1048 871 desideriis,
1070 837 1209 876 quoniam

364 888 507 925 scriptum
523 891 578 915 est:
595 886 697 915 Sancti
713 886 794 914 eritis
816 884 898 919 mihi,
914 885 1053 923 quoniam
1071 893 1121 922 eqo
1142 893 1211 912 san-

365 940 428 963 ctas
449 943 523 963 sum.
543 934 585 962 Sic
607 942 681 970 ergo,
696 933 760 970 quia
783 933 861 961 Pater
875 936 969 961 noster
990 935 1102 960 sanctus
1123 934 1164 960 est
1185 934 1212 959 et

366 985 453 1009 mater
475 984 568 1009 sancta
588 983 645 1013 est,
668 988 717 1008 nos
738 979 819 1008 etiam
842 979 927 1007 sancti
949 986 1008 1007 esse
1029 978 1170 1007 debemus.

445 1028 471 1055 ll.
496 1027 526 1055 Et
548 1027 609 1055 licet
632 1027 697 1054 haec
719 1026 814 1063 gravia
836 1026 991 1059 videantur,
1011 1025 1147 1054 confortat
1162 1033 1211 1053 nos

366 1074 439 1111 quod
468 1074 610 1110 sequitur:
632 1073 723 1101 vitam
754 1072 834 1101 iliani
859 1076 1060 1109 exspectamus
1081 1075 1132 1100 etc.
1161 1071 1209 1100 Ubi

364 1120 523 1153 notandum,
545 1120 616 1156 quod
640 1120 695 1147 vita
717 1119 762 1147 illa
785 1119 863 1147 beata
884 1123 940 1147 est:
960 1118 1102 1156 9ioriosa,
1125 1118 1210 1146 victo-

364 1167 456 1200 riosa,
479 1166 652 1204 tranquilla,
673 1166 825 1202 opulenta,
848 1165 1002 1199 deliciosa,
1024 1165 1209 1202 sempiterna.

365 1213 474 1242 Ratione
490 1213 570 1250 primi
586 1216 720 1249 appetunt
734 1220 793 1241 eam
808 1211 928 1249 superbi
941 1216 968 1240 et
983 1211 1082 1246 invidi;
1106 1212 1211 1240 ratione

363 1260 491 1293 secundi,
513 1260 686 1296 impatientes
707 1263 733 1288 et
749 1259 891 1288 iracundi
898 1270 907 1292 ;
930 1259 1035 1288 ratione
1053 1259 1142 1293 tertii,
1164 1266 1210 1287 ne-

363 1307 495 1344 gligentes
506 1310 532 1334 et
547 1306 705 1338 accidiosi:
721 1306 826 1334 ratione
838 1306 944 1343 quarti,
956 1306 1046 1342 cupidi
1063 1309 1090 1334 et
1104 1306 1210 1339 avari;

363 1354 468 1382 ratione
489 1353 592 1390 quinti,
612 1353 710 1390 pulos-i
724 1356 751 1381 et
772 1353 893 1386 inscita,-
915 1353 1020 1381 ratione
1035 1353 1106 1381 sexti
1128 1360 1211 1389 appe-

363 1404 425 1429 tunt
447 1400 585 1428 universi.
608 1400 659 1429 Sed
682 1401 724 1429 isti
747 1408 807 1429 eain
830 1408 883 1428 non
906 1403 1127 1437 consequuntur,
1146 1400 1211 1437 quia

363 1449 435 1477 circa
456 1456 514 1476 earn
539 1448 608 1477 inale
629 1448 799 1477 afficiuntur.
820 1464 855 1468 —
874 1448 910 1476 De
930 1448 1028 1484 primo,
1045 1448 1168 1476 Psalmus
1183 1448 1210 1475 ¹¹:

370 1496 461 1523 Vitam
482 1496 563 1532 petiit
585 1504 604 1524 a
625 1499 666 1529 te,
688 1499 713 1523 et
734 1495 866 1524 tribuisti
885 1495 912 1523 ei
926 1495 1134 1533 lonyitudinem
1153 1495 1211 1523 die-

364 1552 431 1572 runi
453 1543 483 1571 in
504 1543 653 1571 saeculum
677 1547 701 1571 et
732 1543 761 1571 in
782 1542 934 1571 saeculum
955 1543 1074 1571 saeculi.
1101 1543 1211 1580 Mayna

363 1595 402 1619 est
421 1591 520 1628 gloria
542 1591 604 1619 eius
619 1591 650 1618 in
671 1590 803 1618 satutari
817 1594 865 1618 tuo
881 1593 931 1618 etc.
949 1590 1021 1618 Hanc
1042 1593 1134 1618 autem
1150 1597 1212 1618 con-

363 1642 518 1675 sequuntur
541 1637 680 1671 lutmiles;
702 1638 866 1666 proverbia:
891 1637 949 1673 Qui
972 1637 1105 1675 sequitur
1127 1637 1210 1665 iusti-

363 1686 451 1719 tiam,
481 1685 583 1714 scilicet
612 1685 763 1713 humilians
795 1692 823 1713 se
852 1685 960 1721 ipsum,
992 1688 1016 1712 et
1043 1684 1211 1712 miscricor-

363 1733 461 1766 diam,
484 1732 517 1761 ad
539 1732 713 1769 proximum,
738 1732 859 1760 inveniet
882 1731 989 1765 vitam,
1013 1731 1157 1759 iustitiam
1186 1735 1211 1759 et

361 1780 498 1817 gylorianz.
522 1797 557 1800 -
575 1780 612 1808 De
634 1779 765 1813 secundo,
781 1779 970 1816 Apocalypsis:
993 1779 1122 1807 Vincenti
1135 1779 1211 1807 dabo

363 1827 443 1855 edere
464 1827 497 1855 de
512 1827 589 1865 tiyno
607 1828 698 1861 vitae,
720 1827 798 1865 quoti
818 1831 857 1855 est
874 1827 904 1855 in
916 1826 1063 1863 paradiso
1081 1826 1132 1854 Dei
1146 1826 1209 1854 mei.

363 1874 434 1902 Hanc.
456 1874 538 1902 vitam
555 1874 728 1902 victoriosam
745 1876 956 1910 consequuntur
968 1873 1127 1910 patientes;
1142 1873 1212 1909 Apo-

363 1921 478 1957 calypsis
492 1921 518 1949 ⁵:
541 1921 632 1955 Beati,
647 1921 699 1959 qui
713 1920 814 1949 lavant
827 1920 917 1948 stolas
931 1929 1003 1948 suas
1021 1920 1050 1948 in
1065 1920 1211 1958 sanquine

365 1968 451 2005 Agyni,
475 1972 506 1996 ut
527 1968 634 1996 intrent
649 1977 703 2005 per
716 1972 820 2005 portas
842 1967 872 1995 in
894 1967 1039 1996 civitatem
1060 1972 1085 1996 et
1106 1968 1144 1995 sit
1161 1976 1211 2004 po-

364 2019 450 2043 testas
464 2024 563 2044 eorum
587 2016 617 2044 in
639 2016 717 2053 tiyno
733 2016 817 2044 vitae.
833 2033 871 2036 —
887 2016 924 2044 De
940 2015 1030 2049 tertio,
1046 2015 1210 2044 Proverbia:

365 2062 583 2099 Longiitudinem
600 2062 715 2091 dierum
731 2066 755 2090 et
770 2071 864 2091 annos
878 2062 954 2091 vitae
969 2066 994 2091 et
1007 2071 1107 2099 pacem
1124 2071 1211 2100 appo-
1232 2089 1236 2092 ,

365 2113 427 2137 nent
449 2109 507 2137 tibi.
530 2110 602 2138 Hanc
617 2113 709 2138 autern
727 2110 904 2147 tranquillam
926 2110 1008 2138 vitan]
1031 2117 1207 2146 consequun-

364 2161 409 2184 tur
430 2161 599 2193 operantes,-
621 2157 647 2185 in
679 2157 839 2194 Evangelio:
863 2157 895 2186 Si
916 2157 959 2185 vis
987 2157 1028 2185 ad
1052 2156 1142 2185 vitam
1166 2157 1209 2185 in-

362 2203 455 2238 ssi-edi,
471 2212 557 2231 serua
578 2204 740 2237 mandata;
756 2204 878 2232 Psalnius
890 2204 916 2232 ⁶:
940 2204 1145 2232 Transivimus
1156 2212 1210 2241 per

364 2250 456 2287 iynem
479 2255 503 2278 et
531 2259 658 2289 aquam,
680 2255 705 2279 et
725 2251 854 2279 eduxisti
875 2260 927 2279 nos
950 2251 980 2279 in
1006 2250 1208 2288 refm'yerium.

365 2297 414 2326 Sed
436 2301 548 2326 econtra
578 2298 680 2327 dicitur
712 2298 738 2327 in
771 2298 942 2327 Proverbiis:
976 2298 1065 2335 Piper
1089 2301 1210 2335 propter

365 2343 464 2381 frigus
479 2353 570 2373 arare
584 2345 691 2378 noluit:
706 2344 882 2373 mendicabit
896 2353 965 2382 erqo
980 2348 1098 2378 aestate,
1113 2348 1138 2372 et
1151 2353 1210 2372 non

366 2390 485 2418 dabitur
508 2391 557 2419 itti.
573 2408 609 2411 —
625 2392 663 2420 De
685 2396 800 2429 quarto,
817 2392 945 2420 loannes:
963 2391 1021 2427 Qui
1043 2392 1119 2419 metit
1135 2400 1208 2419 mer-

1041 153 1213 183 SERMONES
1233 153 1276 182 DE
1298 153 1438 181 SANCTlS.

1268 230 1361 258 cedem
1385 230 1491 267 accipit
1513 234 1537 258 et
1558 233 1714 267 conyreyat
1735 230 1869 268 fructum
1897 231 1929 259 in
1955 231 2047 259 vitam
2068 239 2115 259 ae—

1268 280 1390 304 ternam.
1414 277 1459 304 llla
1481 276 1553 305 enim
1576 277 1631 305 vita
1653 285 1717 306 vere
1732 280 1773 306 est
1794 278 1939 314 opulenta,
1955 278 2001 306 ubi
2024 277 2116 306 omnia

1269 322 1339 350 bona
1359 322 1442 351 siinul
1464 326 1529 351 sunt
1550 327 1722 360 congregata.
1755 324 1827 352 Hanc
1848 324 1930 352 vitam
1956 324 2114 361 opulentam

1268 369 1407 405 accipiunt
1429 369 1576 397 voluntarii
1597 378 1741 407 pauperes
1749 381 1759 404 ‚·
1784 371 1938 399 Matthaeus
1953 371 1979 398 ⁷:
2004 370 2115 403 Omnis,

1268 415 1320 452 qui
1339 415 1489 453 reliquerit
1508 420 1623 453 patrem
1646 420 1698 445 aut
1719 420 1843 445 matrem
1858 420 1919 451 etc„
1932 421 2051 454 propter
2068 425 2115 446 no-

1268 470 1330 490 men
1353 470 1460 496 meum,
1483 463 1649 500 centuplum
1671 464 1793 500 accipiet
1813 468 1838 492 et
1853 464 1944 492 vitam
1966 468 2115 493 aeternam

1265 509 1431 545 possidebit.
1457 510 1628 547 Centuptum
1655 511 1707 539 boc
1735 511 1934 547 perfectionem*
1960 511 2116 548 opulentiae

1268 555 1392 592 designat
1414 564 1532 593 surgens
1553 557 1588 585 ab
1609 557 1715 586 unitate
1744 558 1769 585 in
1792 557 1937 586 denarium
1967 560 1994 586 et
2015 557 2060 586 illo
2088 557 2114 586 in

1269 610 1297 631 se
1318 602 1408 631 decies
1437 603 1567 637 reducto;
1598 604 1775 633 Ecclesiastae
1803 608 1898 633 sexto:
1929 604 2007 641 Quid
2034 603 2116 633 habet

1268 649 1398 685 amptius
1418 650 1536 686 sapiens
1557 658 1576 678 a
1597 650 1705 678 stulto?
1730 651 1762 679 Et
1780 651 1851 689 quid
1869 659 1996 688 pauper,
2011 651 2070 680 nisi
2084 656 2116 680 ut

1265 700 1372 732 pei-yut
1393 695 1478 730 illuc,
1503 696 1552 724 ubi
1577 702 1616 725 est
1646 697 1727 725 vita?
1749 698 1908 734 Apostolus:
1933 698 2021 735 Eleyit
2040 706 2116 735 pau-

1265 750 1349 778 peres
1371 742 1401 771 in
1423 741 1475 771 ltoc
1496 744 1615 777 mundo,
1638 744 1740 773 divites
1762 745 1792 773 in
1813 744 1869 782 lide
1890 749 1915 773 et
1937 744 2051 774 heredes
2072 754 2116 773 re-

1266 789 1326 826 yni.
1340 805 1376 809 —-
1390 790 1427 818 De
1441 790 1548 826 quinto,
1565 791 1721 820 Psainu1s⁸z
1738 791 1969 821 Inebriabuntur
1984 792 2020 821 ab
2036 792 2116 821 uber-
2134 799 2228 820 Deliciosa.

1268 839 1325 864 tate
1345 836 1450 865 domus
1472 841 1554 871 tuae,
1570 841 1596 866 et
1610 841 1736 867 torrente
1749 839 1908 876 voluptatis
1924 842 1990 867 tuae
2003 839 2117 876 potabis

1268 891 1322 911 eos.
1345 883 1417 912 Hanc
1432 887 1643 921 consequuntur
1658 884 1850 918 abstinentes;
1865 885 2024 923 Apostolus:
2040 886 2116 914 Mor—

1269 929 1314 957 tui
1333 930 1409 964 estis,
1431 935 1456 958 et
1478 931 1538 959 vita
1559 935 1658 960 vestra
1672 935 1713 960 est
1727 932 1899 961 abscondita
1914 940 1981 961 cum
2002 931 2116 961 Christo

1269 977 1299 1005 in
1317 977 1372 1005 Deo
1393 980 1444 1006 etc.
1469 994 1504 998 —
1525 978 1562 1007 De
1577 982 1666 1013 sexto,
1684 979 1810 1008 loannes:
1829 979 1900 1008 Oves
1920 988 2000 1008 meae
2020 988 2116 1009 vocem
2129 987 2230 1011 Samnitem

1269 1032 1362 1052 ineam
1385 1025 1523 1059 audiunt,
1539 1029 1564 1053 et
1584 1034 1635 1063 eyo
1649 1026 1685 1054 do
1700 1026 1740 1054 eis
1761 1026 1850 1055 vitani
1870 1030 2028 1055 aeternam.
2045 1027 2117 1055 Hanc

1268 1074 1360 1099 auten]
1375 1071 1457 1100 vitani
1470 1080 1567 1100 omnes
1583 1073 1654 1101 iusti
1668 1077 1892 1110 consequuntur;
1904 1073 1937 1102 ad
1949 1073 2116 1102 Romanos&

1271 1117 1398 1146 Liberali
1418 1127 1496 1147 nunc
1518 1128 1537 1147 a
1557 1123 1684 1156 peccato,
1706 1119 1815 1149 lzabetis
1836 1119 1969 1158 fructum
1989 1124 2117 1149 vestrum

1268 1165 1298 1193 in
1320 1164 1599 1202 sanctificationem,
1620 1166 1707 1203 linem
1727 1176 1794 1196 vero
1816 1168 1907 1196 vitam
1928 1171 2086 1196 aeternam.

1604 1262 1695 1290 Sannio
1718 1262 1737 1289 ll
1753 1261 1783 1289 ¹⁰.

1349 1355 1407 1392 Eyo
1430 1355 1553 1383 loannes
1574 1355 1636 1383 vidi
1655 1360 1789 1384 sanctam
1815 1355 1977 1390 civitatem,
2001 1356 2117 1385 Ierusa-

1269 1401 1320 1429 tem
1343 1410 1468 1436 novam,
1490 1401 1700 1430 descendentem
1726 1402 1759 1430 de
1787 1402 1864 1431 caelo
1889 1411 1908 1431 a
1931 1403 2004 1437 Deo,
2023 1411 2117 1440 para-

1269 1451 1330 1476 tam
1350 1447 1425 1476 sieut
1446 1456 1585 1484 sponsam
1607 1452 1744 1477 ornatam
1768 1449 1832 1477 viro
1852 1457 1921 1483 suo,
1943 1449 2117 1487 Apocalypsis

1269 1495 1401 1532 vigesimo
1423 1495 1512 1531 priino
1528 1496 1560 1522 ¹¹.

1347 1542 1524 1579 (Protherna).
1547 1542 1700 1580 Sapientia
1721 1542 1887 1581 aedificavit
1911 1543 1969 1572 sibi
1988 1544 2116 1573 domum.

1268 1589 1413 1626 Sequitur:
1436 1589 1514 1618 Misit
1536 1589 1662 1618 ancillas
1682 1598 1772 1624 suas,
1794 1593 1827 1618 ut
1848 1594 1985 1619 vocarent
2006 1591 2045 1620 ad
2067 1600 2117 1620 ar-

1268 1645 1327 1665 cem.
1348 1640 1373 1665 et
1395 1637 1435 1665 aa
1456 1637 1571 1665 moenia
1593 1637 1738 1672 civitatis,
1761 1637 1974 1666 Proverbiorum
1997 1646 2076 1667 nono.

1348 1684 1374 1712 ln
1399 1684 1483 1713 verbo
1505 1685 1557 1713 isto
1582 1685 1680 1713 ultimo
1708 1685 1875 1714 describitur
1900 1685 2118 1722 praedicatoris

1268 1732 1406 1760 officinm:
1434 1732 1571 1760 mittentis
1604 1732 1796 1766 auctoritate,
1825 1740 1887 1761 cuin
1917 1732 2034 1761 dieitur:
2064 1733 2117 1762 Sa—

1266 1779 1388 1816 pientia,
1410 1782 1452 1807 et:
1476 1779 1561 1807 Misit.
1586 1779 1643 1816 lpse
1658 1782 1699 1808 est
1714 1779 1786 1808 enim
1806 1779 1850 1808 ille
1865 1779 1912 1817 qui
1934 1779 2000 1808 dicit
2013 1780 2050 1808 ¹²:
2068 1780 2116 1814 lte,

1268 1826 1369 1853 messis
1391 1825 1505 1864 quidem
1529 1825 1638 1859 mulla,
1661 1826 1795 1862 operarii
1815 1830 1912 1855 autem
1931 1827 2032 1863 pauci.
2059 1827 2117 1864 Ipse

1268 1876 1318 1907 est,
1340 1873 1399 1901 sine
1420 1873 1500 1901 cuius
1521 1873 1686 1902 auctoritate
1706 1873 1812 1902 nullius
1834 1873 2000 1910 praedicatio
2017 1877 2058 1903 est
2079 1874 2117 1903 ef-

1269 1920 1341 1948 ficax
1363 1923 1390 1949 et
1417 1923 1537 1957 accepta.
1561 1920 1645 1948 Missi
1673 1920 1842 1954 idoneitate,
1865 1928 1928 1949 c-um
1954 1921 2034 1949 dicit:
2064 1929 2116 1949 an-

1268 1966 1352 1995 cillas
1372 1976 1461 2001 suas,
1485 1967 1511 1995 in
1534 1966 1680 2001 feminino,
1703 1975 1756 1996 non
1780 1970 1892 2004 propter
1921 1976 2007 1997 sexus
2034 1968 2116 2005 fragi-

1268 2014 1382 2048 litatem,
1397 2014 1442 2043 sed
1459 2014 1525 2051 quia
1542 2014 1613 2043 servi
1639 2014 1701 2043 licet
1719 2015 1773 2043 sint
1787 2015 1988 2052 expeditiores,
2003 2015 2117 2044 ancillae

1268 2064 1359 2090 tamen
1382 2064 1448 2090 sunt
1462 2065 1489 2090 et
1503 2061 1657 2090 seduliores
1672 2062 1698 2090 in
1714 2061 1896 2091 ministrando
1911 2066 1937 2091 et
1952 2062 2116 2091 humiliores

1269 2108 1294 2136 in
1317 2108 1484 2142 obediend0;
1507 2109 1533 2136 iu
1556 2117 1612 2145 quo
1633 2108 1815 2146 significatur,
1838 2109 1911 2146 quod
1934 2109 2114 2146 praedicatori

1267 2159 1309 2184 est
1331 2156 1484 2184 necessaria
1505 2156 1587 2184 studii
1609 2156 1751 2185 sedulitas
1772 2159 1799 2185 et
1820 2157 1920 2194 ingenii
1947 2155 2116 2191 humilitas,-

1267 2206 1294 2232 et
1314 2203 1335 2231 si
1358 2203 1476 2231 alterum
1498 2202 1642 2237 deficeret,
1664 2203 1774 2240 ineptus
1795 2207 1866 2232 esset
1882 2204 1991 2240 penitus
2005 2203 2038 2232 ad
2056 2203 2116 2233 offi-

1266 2250 1339 2278 cium
1363 2253 1417 2278 tam
1434 2249 1524 2278 nobile
1538 2253 1565 2279 et
1585 2250 1704 2278 arduum
1727 2251 1946 2288 exsequendum.
1963 2251 2015 2280 Ista
2033 2251 2114 2280 etiam

1266 2297 1455 2325 auditoribus
1475 2300 1540 2326 sunt
1562 2297 1716 2326 necessaria
1730 2297 1763 2326 ad
1779 2298 1840 2332 hoc,
1862 2298 1935 2335 quod
1958 2298 2057 2327 habeat
2078 2298 2116 2327 ef-

2136 1550 2241 1569 Prothoum.

1266 2344 1388 2372 ficaoiain
1412 2344 1437 2372 in
1461 2344 1527 2381 ipsis
1556 2344 1672 2373 verbum
1695 2345 1752 2373 Dei.
1777 2345 1861 2373 Finis
1882 2345 2022 2378 utilitate,
2052 2353 2114 2374 cum
2161 2378 2168 2379 ἶ

1265 2390 1346 2419 dicit:
1369 2395 1401 2419 ut
1421 2394 1560 2419 vocarent
1580 2391 1619 2419 ad
1635 2399 1732 2419 arcem
1748 2395 1772 2419 et
1787 2392 1828 2420 ad
1842 2391 1957 2420 moenia
1978 2392 2114 2420 civitatis.

428 2563 435 2576 ¹
455 2564 535 2586 Psalm.
553 2565 596 2592 95,
613 2567 634 2587 6.

428 2602 436 2614 ²
455 2603 498 2624 Tit.
520 2605 536 2631 17
559 2604 596 2630 16,
614 2609 741 2633 sequuntur
759 2606 807 2628 lsai.
826 2606 867 2633 30,
886 2607 907 2627 9.
925 2612 974 2634 seq.
991 2609 1013 2628 et
1030 2607 1079 2627 Act.
1099 2606 1138 2633 13,
1160 2605 1193 2627 10.

428 2640 436 2652 ³³
455 2642 523 2669 Epist.
542 2643 556 2664 l.
577 2643 632 2664 Deir.
655 2643 672 2669 1,
699 2644 730 2665 13.
749 2650 813 2673 seqq.
839 2645 902 2671 (Lev.
924 2645 958 2671 11,
977 2644 1031 2672 tt).

427 2680 436 2691 ⁴
455 2680 535 2702 l'salrn.
547 2682 583 2708 20,
597 2681 617 2703 4.
631 2688 691 2710 ser1.;
709 2686 837 2711 sequuntur
856 2684 921 2706 l‘rov.
935 2684 972 2711 2l‚
984 2684 1022 2705 21.
1037 2686 1059 2706 et
1070 2684 1143 2711 Apoc.
1155 2684 1176 2711 ·2,
1187 2683 1209 2705 7.

428 2718 436 2730 ⁵
453 2719 507 2747 Cap.
526 2721 563 2747 22,
584 2721 622 2747 14;
641 2726 769 2750 sequuntur
788 2723 854 2745 vrov.
871 2724 893 2750 3,
911 2724 931 2745 2.
950 2727 972 2745 et
990 2724 1066 2746 llinttli.
1089 2724 1122 2750 19,
1144 2723 1177 2745 17.

428 2757 437 2770 ⁶
455 2759 533 2780 psalm.
553 2760 589 2785 65,
611 2761 649 2787 11;
667 2764 794 2789 sequuntur
814 2763 879 2784 l‘rov.
897 2763 934 2790 20,
954 2763 973 2784 4.
991 2766 1013 2784 et
1030 2764 1089 2785 loun.
1110 2762 1130 2790 t,
1149 2763 1185 2784 36.

429 2796 436 2808 ⁷
454 2797 501 2825 Cap
531 2798 563 2824 19,
582 2799 623 2826 29;
641 2802 769 2828 sequuntur
788 2801 858 2823 Eccle.
876 2801 898 2827 6,
916 2802 937 2823 8.
954 2805 977 2824 et
994 2802 1036 2823 lac.
1055 2802 1076 2827 2,
1093 2801 1115 2823 5.

428 2835 436 2847 ‘³
456 2836 535 2858 Dsnlin.
554 2837 590 2864 35,
608 2838 634 2864 ὃς
652 2842 780 2866 sequuntur
798 2838 843 2861 Col.
863 2840 884 2866 3,
902 2840 922 2861 3.
941 2845 960 2861 ei
980 2841 1040 2862 toan.
1063 2840 1096 2866 10,
1114 2840 1152 2862 27.

429 2873 438 2885 ⁰
455 2874 510 2902 Cap.
527 2876 548 2903 6,
567 2877 602 2897 22.
619 2889 650 2892 -
669 2877 735 2899 Deest
753 2883 805 2904 pars
823 2878 894 2899 tertia.

429 2913 448 2924 ¹¹¹
466 2914 505 2934 lli<-
517 2920 593 2936 sermo
606 2915 680 2937 editus
692 2919 726 2937 est
738 2916 766 2937 ab
780 2917 869 2943 Ucceiii,
879 2916 1005 2940 Sermones
1015 2917 1039 2941 S.
1053 2917 1154 2941 Tliomae
1166 2920 1210 2939 etc.

367 2957 420 2979 pag.
437 2952 477 2973 161
490 2959 563 2980 seqq„
575 2958 596 2975 et
607 2957 697 2976 sumtus
714 2961 739 2976 ex
755 2955 806 2977 cod.
819 2954 922 2977 biblioth.
936 2956 1067 2979 parisiensis
1079 2957 1208 2983 Nummus,

1267 2572 1288 2588 n.
1306 2566 1385 2588 15956.
1400 2566 1507 2594 (sorbon.
1520 2567 1573 2588 816.
1589 2572 1641 2594 pag.
1658 2566 1717 2594 117),
1736 2566 1775 2588 ubi
1793 2565 1938 2589 inscribitur:
1957 2566 1988 2589 De
2005 2566 2115 2590 omnibus

1267 2605 1370 2633 Sanctis,
1381 2605 1566 2633 Remmium-a,-
1578 2607 1618 2628 cfr.
1629 2606 1704 2633 Lecoy
1714 2611 1768 2633 pag.
1781 2605 1832 2628 135.
1843 2608 1865 2628 ct
1878 2605 1930 2632 462,
1940 2606 1963 2627 Ρ.
1973 2605 2063 2632 Fidelis,
2074 2606 2115 2628 Ra-

1267 2644 1298 2668 tio
1311 2648 1353 2666 etc.
1366 2650 1419 2672 pos.
1438 2645 1486 2666 191.
1499 2644 1565 2666 Multa
1578 2650 1604 2666 ae
1622 2644 1701 2672 gravia
1717 2644 1772 2666 vitia
1784 2644 1858 2667 dictae
1876 2644 1981 2667 editionis
1992 2645 2113 2667 emendata

1266 2687 1320 2706 sunt
1336 2683 1479 2705 arciiratiore
1495 2683 1599 2706 eiusdem
1613 2683 1699 2706 codicis
1716 2683 1883 2706 examinatione
1895 2686 1918 2706 et
1930 2683 2065 2706 lectionibus
2077 2690 2115 2706 va-

1266 2722 1391 2749 riantibus,
1408 2729 1466 2751 (inas
1484 2722 1590 2751 praebuit
1607 2723 1658 2745 cod.
1676 2723 1797 2745 Trecensis
1814 2729 1835 2744 n.
1852 2723 1917 2745 1464.
1935 2723 1971 2745 101.
1988 2723 2013 2745 15
2025 2729 2055 2749 v.‚
2073 2723 2113 2745 ubi

1267 2762 1303 2784 liic
1321 2768 1397 2784 serino
1414 2762 1482 2784 etiam
1505 2761 1612 2784 tribuitur
1631 2762 1810 2784 Bonflventurae.
1836 2762 1890 2784 Pars
1912 2762 1985 2790 prima
2009 2762 2112 2785 eiusdem

1267 2801 1379 2823 sermonis
1397 2800 1494 2823 liabetur
1517 2802 1584 2823 etiain
1608 2801 1629 2823 in
1647 2801 1699 2823 cod.
1719 2800 1822 2823 biblioth.
1841 2801 1972 2823 Parisieusis
1993 2801 2114 2824 Nationalis

1267 2846 1289 2862 n.
1310 2840 1391 2863 14557.
1409 2840 1431 2862 in
1449 2840 1505 2868 sine,
1523 2841 1563 2863 sed
1582 2840 1725 2863 brevissime.

1329 2879 1347 2891 ¹¹
1367 2879 1430 2901 Vers.
1449 2881 1470 2901 ·2.
1488 2892 1518 2896 —
1537 2880 1664 2906 Protliema,
1678 2880 1740 2908 quod
1755 2879 1852 2902 liabetur
1864 2880 1930 2902 l'rov.
1943 2880 1963 2906 9,
1981 2880 1997 2902 Ι.
2011 2880 2032 2902 3.
2045 2883 2078 2902 est
2090 2880 2112 2902 in

1266 2918 1314 2941 solo
1331 2918 1383 2941 cod.
1402 2919 1529 2941 varisiensi.

1329 2956 1347 2970 ¹²
1365 2958 1418 2980 Luc.
1441 2958 1475 2984 10,
1492 2958 1513 2980 3.
1532 2959 1552 2980 2.
