2243 3348
16 1482 107 1505 lequeutia

18 1505 99 1524 rationis.

16 1528 98 1547 ‹artholo-

18 1556 85 1571 maeus.

7 2651 32 2670 Η
45 2651 65 2671 ΙΙ.
80 2653 107 2671 De

19 2676 95 2703 lectione

12 2703 98 2723 uecipna.

709 180 751 208 DE
774 181 799 208 S.
822 179 1087 209 BARTHOLOMAEO
1109 179 1288 208 APOSTOLO.
1817 182 1869 209 571

128 259 234 288 Dicitur
256 259 281 286 in
304 259 535 288 Deuteronomio:
558 258 613 287 Sex
634 258 734 287 (liebus
756 257 931 295 operaberis,
947 261 972 286 et

127 305 246 342 septimo
267 305 313 334 die
333 305 509 343 requiesces;
534 314 585 333 sea:
612 305 729 339 diebus,
752 305 778 334 id
799 308 839 334 est
862 313 909 341 per
931 308 972 334 to-

128 356 186 381 tum
208 355 317 389 tempus
339 352 417 381 vitae.
440 352 569 386 Attende,
590 352 663 389 quod
686 352 796 389 quando
817 352 899 381 instat
923 352 972 381 ali-

128 407 182 436 qua
210 406 308 435 magna
339 399 512 433 solemnitas,
534 402 565 427 ut
593 398 724 428 Nativitas
752 398 875 432 Domini,
905 402 971 428 tuuc

127 445 234 482 operari
263 445 406 478 festinant,
429 448 460 473 ut
490 445 596 481 possint
626 445 776 481 adimplere
807 453 890 481 opera
911 453 970 474 sua.

127 491 329 528 Adimpleamus
349 491 442 519 onmia
469 499 553 528 opera
579 495 688 525 nostra,
710 494 857 528 antequam
881 491 971 520 veniat

128 538 172 568 illa
192 538 324 567 festivitas
346 541 406 574 post
427 538 518 567 carnis
539 542 670 572 mortem;
686 538 769 567 Osee:
788 539 858 567 Post
875 539 972 568 Domi-

125 593 197 614 num
219 584 412 613 ambulabunt
439 589 464 613 et
484 585 644 613 avolabunt
664 585 752 623 quasi
775 585 839 613 auis
860 594 895 613 ea·
917 586 971 614 Ae-

124 635 212 669 qypto
239 635 264 660 et
284 632 373 669 quasi
393 631 526 660 columba
547 632 580 660 ae
601 636 682 661 terra
705 632 908 670 Assyriorum.
932 632 970 660 llli

123 682 188 714 post
211 678 367 707 Dominum
389 677 557 712 ambulant,
572 679 619 715 qui
642 679 713 707 bona
734 686 819 715 opera
839 679 971 715 multipli-

126 728 203 759 cant;
225 729 252 754 et
273 728 378 761 quanto
400 725 478 761 plura
501 733 586 761 opera
606 725 681 759 facis,
703 728 779 753 tanto
794 725 888 762 plures
909 734 971 762 pas-

126 779 174 800 sus
195 772 377 808 multiplicas,
391 775 418 800 et
439 775 543 809 quanto
565 772 659 809 plures
680 780 778 808 passus
794 772 970 808 multiplicas,

127 821 201 847 tanto
223 819 309 855 magis
329 819 535 855 appropinquas
556 819 589 847 ad
611 819 707 848 Deum.
730 819 787 847 Non
809 818 892 847 debes
913 826 971 848 ees-

126 873 202 899 sare,
225 865 270 894 sed
304 873 413 902 semper
444 866 629 902 multiplicare
657 866 728 894 hona
749 873 841 902 opera.
864 865 914 894 Sed
937 865 970 894 ad

126 911 208 941 istum
232 912 385 948 profectum
415 912 569 949 requiritur
592 912 686 941 vitatio
708 912 854 941 malorum.
876 912 971 940 Nonne

125 958 238 988 demens
266 962 445 995 reputaretur
476 960 523 996 qui
552 959 634 988 vellet
665 961 828 987 construere
859 958 970 995 aliquod

124 1005 289 1040 aedificium,
311 1005 332 1034 si
355 1006 388 1034 de
409 1009 489 1035 nocte
509 1006 666 1035 destrueret
687 1006 820 1043 quidquid
843 1008 970 1034 constru-

124 1053 211 1082 xisset
231 1053 264 1081 de
285 1053 345 1082 die?
366 1053 448 1087 item,
470 1053 580 1090 gloriosi
605 1053 729 1082 homines
751 1057 777 1081 et
799 1053 903 1081 nobiles
924 1061 970 1081 vo-

125 1100 185 1129 lunt
207 1100 309 1129 habere
331 1108 457 1137 magnam
478 1100 618 1137 sequelam
640 1104 667 1129 et
689 1109 814 1138 magnam
830 1100 970 1129 familiam.

124 1147 240 1184 sequela
260 1151 302 1176 est
322 1147 445 1176 collectio
464 1147 672 1184 operationum
689 1147 715 1175 in
731 1148 888 1184 Apocalypsi
902 1148 911 1164 ¹
934 1147 971 1175 di-

124 1194 212 1223 citur:
237 1194 333 1231 Opera
354 1194 430 1222 enini
445 1193 565 1223 illoram
578 1197 742 1232 sequuntur
758 1194 829 1223 iilos.
846 1194 969 1228 Attende,

124 1241 214 1277 qualis
235 1241 270 1269 sit
291 1241 404 1277 sequela
427 1244 487 1275 tua;
503 1241 524 1269 si
540 1249 616 1269 ames
631 1249 714 1278 opera
730 1241 883 1275 tenebrosa,
899 1249 970 1269 nun-

124 1296 206 1324 quam
228 1295 293 1317 cum
315 1288 360 1316 tali
383 1287 485 1316 familia
505 1287 621 1316 intrabis
643 1288 668 1316 in
693 1296 809 1325 regnum
831 1288 894 1321 Dei;
915 1291 970 1316 ter-

125 1334 152 1363 tii
175 1335 278 1371 Regum
300 1334 406 1363 decimo
426 1335 543 1363 dicitur:
565 1335 704 1372 supressa
718 1339 758 1363 est
773 1335 877 1372 reqina
892 1334 971 1363 Saba

124 1381 155 1410 in
175 1381 334 1410 Ierusalem
356 1381 446 1410 multo
468 1390 535 1410 euni
556 1382 695 1410 comitatu
717 1385 768 1410 etc.

203 1428 356 1464 Quartum,
371 1428 443 1465 quod
461 1429 580 1465 pertinet
594 1428 626 1457 ad
643 1428 840 1462 innocentiam,
856 1432 896 1457 est
910 1428 970 1465 fre-

124 1475 243 1512 quentia
264 1475 380 1503 devotae
402 1475 546 1503 orationis
578 1479 708 1512 tanquam
736 1476 970 1504 conservativam

124 1521 304 1550 innocentiae.
333 1522 449 1550 Multum
481 1522 578 1550 orabat
605 1522 703 1551 heatus
735 1523 969 1551 Bartholomaeus

124 1568 228 1597 Bonum
245 1572 286 1597 est
300 1569 416 1597 orationi
439 1569 553 1597 devotae
575 1569 700 1598 insistere
719 1577 844 1606 se1nper3
862 1578 910 1606 per
925 1578 969 1598 co-

124 1615 255 1644 lambant
275 1616 466 1652 significantur
488 1616 564 1644 tales.
580 1616 713 1645 Columba
734 1617 816 1645 hahet
837 1617 969 1653 gemitum

125 1671 175 1699 pro
197 1666 295 1696 cautim
317 1663 436 1699 gemitus
462 1663 577 1692 devotae
597 1664 729 1692 orationis
749 1667 791 1692 est
816 1663 860 1692 ille
881 1663 969 1692 dulcis

96 1740 99 1743 ,
124 1713 234 1744 cantus,
256 1709 303 1746 qui
327 1710 415 1746 placet
438 1710 508 1743 De0;
532 1710 605 1738 unde
626 1710 653 1738 in
675 1710 828 1739 Canticis2:
858 1710 968 1747 Surgye,

121 1765 261 1794 propera,
283 1757 382 1785 antica
412 1765 495 1790 mea,·
516 1760 543 1785 et
564 1757 707 1793 sequitur:
730 1757 814 1785 Sonet
838 1765 894 1785 'vox
916 1761 969 1785 tua

124 1804 155 1832 in
176 1803 302 1832 auribus
324 1803 412 1837 ineis;
433 1812 489 1832 vox
517 1804 591 1832 enini
625 1808 677 1832 tua
698 1804 810 1837 (iaicis,
831 1808 856 1832 et
877 1803 968 1841 facies

124 1854 176 1879 tna
207 1850 320 1878 decora.
351 1850 430 1878 Istam
460 1858 552 1879 vocem
585 1850 664 1879 docet
695 1850 802 1879 devotio
836 1851 968 1886 lacryma-

124 1905 203 1931 rum;
219 1897 315 1926 isaias:
339 1897 397 1933 Qui
416 1901 484 1925 sant
506 1898 556 1925 isti
581 1898 632 1935 qui
657 1902 688 1926 ut
715 1897 805 1926 nubes
825 1898 924 1926 volant
944 1901 968 1926 et

123 1945 211 1982 quasi
237 1944 385 1973 columbae
410 1945 450 1973 acl
470 1943 615 1981 fenestras
642 1944 736 1973 suas?
759 1945 853 1973 Anima
875 1948 968 1973 sancta

123 1991 205 2020 <lebet
225 1999 284 2020 esse
305 1991 385 2028 plena
406 1991 485 2028 aquis
510 1991 678 2025 devotionis,
701 1999 772 2028 quae
793 2000 842 2028 per
863 1991 968 2020 deside-

125 2038 197 2067 rium
213 2038 300 2067 elevat
319 2046 347 2067 se
366 2047 380 2066 a
403 2039 536 2071 terrenis;
558 2038 701 2075 fenestrae
722 2043 786 2067 suut
807 2046 905 2067 sensus
921 2046 968 2066 no-

124 2085 189 2119 stri,
210 2093 281 2122 quos
311 2085 456 2122 diligenter
487 2086 621 2114 debemus
649 2093 770 2114 servare.
802 2086 967 2122 Gregorius:

127 2143 140 2158 a
156 2133 212 2161 Non
233 2132 296 2161 licet
310 2132 410 2161 intueri
426 2132 499 2169 quod
515 2141 568 2161 non
592 2133 654 2161 licet
676 2133 831 2169 concupisci
849 2143 875 2166 »;
900 2133 968 2161 lere-

123 2179 229 2208 mias³:
246 2179 324 2208 Mors
345 2179 467 2208 intrauit
487 2188 539 2216 per
559 2178 705 2216 fenestras
721 2184 846 2208 nostras.
867 2179 968 2208 Claude

123 2234 189 2263 ergo
210 2226 351 2255 fenestras.
374 2226 431 2255 Non
453 2230 494 2255 est
519 2227 619 2263 aliquis
641 2227 711 2255 inter
733 2235 798 2261 nos,
820 2227 840 2255 si
863 2226 968 2255 dicere-

124 2277 170 2302 tur
191 2273 231 2307 ei‚
253 2274 326 2310 quod
349 2282 423 2302 mors
454 2274 544 2302 currit
572 2282 621 2311 per
650 2274 722 2303 vicos
751 2274 916 2303 Parisienses
941 2277 968 2303 et

123 2320 207 2349 intrat
228 2328 277 2357 per
298 2320 444 2355 fenestras,
459 2329 528 2358 quas
543 2322 647 2350 invenit
667 2324 791 2358 apertas,
814 2321 886 2358 quod
910 2321 967 2358 ipse

123 2370 297 2403 exspectaret
317 2368 450 2397 famulum
473 2376 554 2397 suum
570 2368 604 2397 ad
618 2368 800 2397 claudendum
823 2368 966 2402 fenestras,

123 2414 208 2443 immo
228 2415 319 2443 statim
342 2415 496 2449 clauderet;
514 2416 609 2444 lsaias:
626 2415 786 2452 Raqieinas
800 2415 888 2452 quasi
902 2415 968 2444 ursi

123 2470 220 2490 omnes
240 2466 265 2490 et
286 2462 373 2499 quasi
393 2462 541 2491 columbae
563 2463 732 2491 meditantes
750 2471 906 2499 peni-emus.
930 2479 967 2483 ——

123 2509 166 2537 Sic
187 2517 252 2546 ergo
275 2510 399 2538 Ionathas
413 2509 464 2538 fuit
479 2509 576 2538 beatus
590 2510 816 2538 Bartholomaeus
832 2518 881 2546 per
897 2510 967 2538 vitae

123 2555 322 2590 innocentiam,
342 2556 376 2584 ad
398 2564 481 2593 quam
503 2560 623 2593 quatuor
644 2557 782 2594 praedicta
804 2557 966 2593 exiguntur,

124 2610 194 2639 quae
215 2611 264 2639 per
285 2603 430 2632 columbae
451 2604 633 2640 proprietates
655 2603 843 2640 designantur.

203 2650 230 2677 ll.
253 2650 384 2686 Sequitur
415 2650 448 2678 de
476 2650 597 2678 secundo
629 2650 787 2686 principali,
810 2650 913 2678 scilicet
934 2650 967 2678 de

125 2695 271 2724 dilectione
299 2696 369 2724 beati
404 2697 616 2730 Bartholomaei,
639 2705 711 2733 quae
742 2700 870 2730 notatur,
902 2705 966 2725 cum

188 2860 194 2872 ¹
213 2860 269 2888 Cap.
290 2861 323 2888 lli,
345 2862 383 2888 13;
401 2862 504 2890 sequitur
522 2862 554 2884 ill.
571 2863 627 2889 Reg.
650 2863 688 2888 10,
709 2863 727 2885 Ι,
745 2869 795 2891 seq.

187 2898 195 2911 ²
213 2899 267 2927 Cap.
286 2901 307 2927 Ξ,
326 2900 362 2921 10.
385 2900 422 2927 ¹43
440 2903 567 2929 sequuntur
585 2901 634 2923 lsai.
652 2901 689 2929 60,
707 2901 728 2923 S.
746 2905 767 2923 et
785 2902 889 2930 Gregor„
907 2903 966 2924 XXl.

124 2938 199 2960 Mol-ai.
218 2944 237 2960 c,
255 2939 277 2960 2.
294 2945 316 2961 n.
334 2939 355 2961 fi.

188 2977 197 2989 ³
213 2977 271 3006 cap.
290 2978 310 3005 9,
329 2979 370 3006 21;
389 2978 491 3007 sequitur
509 2978 557 3001 lsaI.
575 2978 613 3005 59,
634 2979 668 3001 11.

1029 258 1145 287 dicitur:
1169 257 1310 295 Ditiqeba>t
1332 257 1471 287 Ionathas
1495 259 1598 288 David.
1621 259 1732 289 loannes
1760 259 1825 288 dicit
1846 260 1873 288 in

1029 304 1164 334 Canonica
1185 305 1271 333 sua4:
1296 305 1354 340 Qui
1382 314 1440 334 non
1471 305 1566 343 diligit
1596 309 1695 335 manet
1716 306 1746 334 in
1774 311 1871 335 morte.

1029 352 1167 388 Quantum
1190 360 1255 388 ergo
1271 355 1301 380 tu
1316 352 1405 389 diligis
1420 353 1502 381 vitam
1521 356 1605 387 tuam,
1622 355 1728 382 tantum
1745 357 1774 383 tu
1789 354 1873 384 debes

1028 399 1149 436 diligere.
1173 399 1253 427 Istam
1274 398 1445 429 dilectionem
1467 399 1586 428 ostendit
1614 400 1711 429 beatus
1734 401 1872 430 Bartholo-

1028 454 1124 475 maeus
1146 454 1194 483 per
1216 448 1336 483 quatuor
1352 446 1436 483 signa.
1454 446 1574 476 Primum
1600 450 1641 476 est
1659 447 1806 477 detestatio
1828 449 1871 478 vel
1885 455 1971 497 323?ng
1983 454 2011 496 {⁴:-

1028 492 1122 522 odium
1139 492 1313 530 iniquitatis,
1326 496 1421 521 contra
1436 493 1496 522 illos
1511 494 1557 530 qui
1573 494 1745 524 delectantur
1760 496 1786 524 in
1799 497 1872 533 cogi·
1899 506 1940 524 gna.
1956 501 1994 519 Pri·

1918 530 1975 543 mum.

1029 540 1130 568 tatione
1145 540 1178 569 de
1194 543 1319 576 peecat03
1336 540 1471 569 Psalmus:
1495 541 1553 576 Qui
1573 541 1694 578 diligitis
1715 543 1871 572 Dominum

1029 586 1102 615 odite
1124 586 1243 615 malam.
1265 587 1348 615 Nota:
1370 587 1475 616 amicus
1496 588 1552 616 odit
1571 588 1704 626 quidquid
1720 590 1807 618 amico
1822 598 1872 620 suo

1028 636 1069 662 est
1087 633 1228 667 odiosum;
1251 638 1277 663 et
1298 634 1432 662 Dominus
1452 634 1532 663 dicit:
1556 635 1674 673 Iniquus
1695 637 1760 665 odio
1782 636 1873 665 lzabui

1028 683 1052 708 et
1073 680 1158 717 legem
1176 684 1257 708 tuam
1273 680 1362 708 dileaii
1382 683 1432 708 etc.
1449 681 1519 717 Ergo
1534 681 1554 709 si
1570 682 1698 718 diligeres
1713 683 1871 717 Dominum,

1029 727 1145 756 haberes
1159 727 1252 755 odium
1268 727 1454 763 iniquitatum.
1470 744 1506 748 —
1522 728 1677 757 Secundum
1700 729 1807 766 signum
1831 730 1871 758 di-

1029 774 1152 803 lectionis
1173 777 1214 802 est
1228 772 1391 811 frequentia
1410 774 1614 803 meditationis.
1637 776 1751 811 Quando
1772 777 1871 814 aliquis

1027 820 1115 856 diligit
1136 820 1273 856 aliquem,
1296 820 1444 849 meditatur
1475 829 1555 857 saepe
1585 822 1619 851 de
1647 822 1705 858 ipso
1733 826 1759 851 et
1781 824 1872 852 visitat

1028 866 1128 903 ipsum.
1144 866 1258 902 Quando
1281 870 1310 894 tu
1332 867 1434 903 cogitas
1455 867 1488 896 de
1510 868 1580 901 Dee,
1602 872 1632 896 tu
1655 869 1748 898 visitas
1764 870 1870 906 ipsum:

1028 913 1174 941 Meditatio
1196 913 1294 941 cordis
1315 914 1371 941 mei
1392 914 1421 942 in
1444 918 1594 951 conspectu
1611 919 1659 944 tuo
1674 924 1785 952 semper
1798 917 1817 944 ⁵.
1841 918 1872 946 Et

1027 959 1191 988 meditabar
1213 960 1244 987 in
1264 960 1414 988 mandatis
1436 960 1511 994 tuis,
1533 970 1607 999 quae
1627 962 1723 990 (Cileni.
1749 964 1872 992 Mandata

1027 1006 1181 1043 diliguntur
1203 1010 1316 1043 propter
1338 1010 1553 1043 praeceptorem.
1580 1008 1659 1037 Istam
1689 1009 1871 1046 frequentiam

1029 1053 1211 1082 meditationis
1232 1057 1259 1082 et
1280 1053 1467 1083 assiduitatem
1490 1055 1559 1084 bene
1582 1056 1677 1084 habuit
1700 1057 1796 1086 heatus
1811 1058 1873 1086 Bar-

1029 1100 1207 1128 tholomaeus.
1219 1117 1255 1120 —
1266 1100 1388 1129 Tertium
1404 1101 1511 1138 signum
1524 1105 1566 1130 est
1580 1103 1696 1140 benigna
1707 1107 1733 1132 et
1745 1105 1873 1141 prompta

1027 1147 1202 1176 sustinentia
1224 1147 1440 1181 trz'lmlaa‘om·s;
1462 1149 1535 1178 unde
1557 1150 1582 1177 in
1604 1150 1715 1179 loanne:
1732 1152 1871 1181 Maiorem

1028 1194 1083 1223 liae
1115 1194 1293 1223 dilectionem
1323 1203 1405 1223 nenio
1438 1194 1537 1230 lzahet,
1560 1201 1592 1225 ut
1623 1198 1756 1226 aiziinam
1783 1207 1871 1228 suain

1024 1246 1116 1278 ponat
1137 1241 1203 1279 quis
1222 1250 1277 1278 pro
1299 1242 1404 1270 amicis
1425 1243 1497 1270 sitis.
1521 1244 1603 1272 Multa
1630 1245 1724 1280 gravia
1755 1246 1872 1275 sustinet

1028 1288 1110 1316 homo
1132 1296 1182 1324 pro
1204 1288 1243 1317 eis
1264 1296 1335 1325 quae
1356 1288 1453 1326 diligit,
1475 1293 1505 1318 ut
1527 1293 1601 1326 patet
1615 1291 1648 1319 de
1664 1292 1872 1327 mercatoribus,

1028 1335 1075 1372 qui
1098 1338 1211 1372 propter
1233 1336 1343 1363 lucrum
1365 1336 1391 1363 in
1414 1336 1509 1365 multis
1531 1337 1661 1373 periculis
1676 1346 1703 1367 se
1719 1345 1871 1376 exponunt.

1029 1382 1098 1410 Bene
1119 1382 1282 1415 ostendunt,
1304 1383 1377 1419 quod
1401 1383 1518 1411 multum
1540 1384 1658 1421 diligunt
1674 1385 1793 1420 lucrum,
1808 1388 1873 1424 quia

1027 1437 1104 1457 amor
1137 1429 1205 1457 lucri
1238 1429 1302 1457 facit
1331 1429 1383 1466 pati
1416 1430 1511 1458 multa.
1542 1431 1568 1459 ln
1594 1431 1733 1461 Canticis⁶
1755 1433 1871 1463 dicitur:

1028 1476 1126 1504 Fortis
1148 1480 1188 1504 est
1209 1480 1242 1504 ut
1262 1485 1342 1504 niors
1363 1476 1494 1511 dilectio;
1515 1478 1561 1506 sed
1578 1478 1673 1506 fortior
1688 1487 1770 1515 quam
1788 1489 1871 1515 mors,

1028 1524 1093 1559 quia
1114 1523 1198 1551 vincit
1220 1527 1345 1552 mortem.
1367 1540 1405 1543 —
1428 1524 1525 1553 Beatus
1552 1525 1776 1555 Bartholomaeus
1804 1528 1872 1557 bene

1028 1570 1166 1606 probavit,
1182 1570 1256 1606 quod
1270 1570 1399 1607 diligebat
1414 1571 1570 1605 Christum,
1592 1572 1657 1608 quia
1671 1581 1764 1602 amore
1786 1574 1872 1610 ipsius

1027 1616 1158 1645 sustinuit
1190 1617 1365 1653 martyrium.
1389 1618 1429 1646 Tu
1451 1626 1533 1655 ergo,
1555 1618 1576 1647 si
1599 1618 1709 1655 diligas,
1736 1620 1871 1649 sustineas

1028 1671 1077 1699 pro
1098 1663 1207 1692 Christo
1229 1664 1437 1698 tribulationes;
1460 1665 1546 1693 vende
1562 1669 1587 1693 te
1608 1666 1708 1702 ipsum,
1723 1666 1757 1694 da
1779 1670 1805 1695 te
1820 1675 1870 1703 pro

1026 1709 1149 1743 Christ03
1173 1718 1226 1738 non
1250 1714 1326 1746 potes
1359 1714 1384 1739 te
1407 1711 1504 1740 melius
1526 1712 1652 1741 vendere.
1676 1729 1710 1733 —
1734 1714 1868 1749 Quartum

1026 1756 1133 1793 signum
1157 1760 1198 1785 est
1226 1758 1389 1786 assiduitas
1417 1758 1534 1786 diuinae
1562 1759 1668 1787 laudis.
1692 1760 1774 1794 Vide,
1797 1760 1869 1797 quod

1026 1804 1136 1840 quando
1157 1804 1256 1841 aliquis
1278 1808 1350 1832 amat
1372 1805 1515 1834 mulierem
1535 1814 1629 1834 amore
1645 1806 1796 1841 libidInoso‚
1813 1808 1870 1844 ipse

1026 1854 1116 1879 cantat
1137 1851 1170 1879 de
1192 1851 1237 1879 illa
1258 1855 1285 1880 et
1306 1851 1370 1880 facit
1391 1852 1547 1880 cantilenas.
1569 1853 1712 1887 Similiter,
1734 1854 1755 1882 si
1779 1858 1807 1882 tu
1830 1854 1869 1883 di-

1026 1898 1093 1935 ligas
1116 1898 1219 1932 Deum,
1241 1899 1363 1927 cantabis
1383 1899 1424 1927 de
1438 1899 1506 1936 ipso,
1522 1900 1547 1928 id
1569 1903 1625 1933 est,
1642 1900 1763 1929 laudabis
1779 1901 1869 1938 ipsum

1025 1949 1052 1974 et
1073 1945 1155 1974 facies
1176 1946 1339 1974 cantilenam
1362 1946 1395 1975 de
1417 1946 1484 1983 ipso.
1499 1947 1549 1975 Sed
1572 1947 1649 1975 multi
1666 1951 1745 1981 sunt,
1768 1948 1869 1984 quibus

1026 1992 1143 2021 multum
1177 1992 1302 2029 displicet
1333 1997 1444 2021 cantare
1474 1993 1507 2022 de
1539 1994 1662 2027 Christe,
1686 1998 1716 2022 ut
1742 1999 1815 2031 patet
1836 1995 1869 2023 de

1026 2039 1179 2072 canonicis,
1202 2039 1249 2075 qui
1272 2039 1362 2067 statim
1385 2043 1446 2076 post
1469 2040 1588 2076 primum
1611 2041 1702 2069 Gloria
1717 2044 1822 2069 exeunt
1836 2041 1869 2070 de

1026 2086 1119 2115 choro.
1143 2086 1273 2119 Videtur,
1290 2086 1362 2122 quod
1378 2086 1504 2115 diabolus
1520 2090 1610 2115 teneat
1624 2087 1726 2115 clavam
1744 2096 1867 2124 magnam

1026 2133 1142 2162 ferream
1167 2136 1193 2162 et
1214 2133 1335 2169 expellat
1363 2141 1424 2167 eos;
1446 2137 1473 2162 et
1494 2134 1520 2162 in
1544 2135 1595 2163 hoc
1617 2138 1704 2171 patet,
1727 2135 1799 2171 quod
1822 2143 1868 2171 pa-

1026 2188 1087 2208 rum
1110 2180 1227 2216 diligunt
1248 2180 1345 2208 Deum.
1368 2181 1394 2208 ln
1418 2181 1626 2209 Ecclesiastico⁷
1648 2182 1748 2210 dicitur
1769 2182 1802 2210 de
1818 2182 1868 2210 Da-

1026 2227 1086 2255 vid:
1111 2228 1150 2255 De
1170 2227 1250 2255 omni
1271 2228 1357 2256 corde
1377 2236 1431 2256 suo
1454 2228 1586 2256 laudauit
1604 2229 1757 2257 Dominum
1781 2234 1804 2257 et
1826 2229 1868 2257 (li-

1026 2274 1092 2302 lexit
1117 2275 1221 2308 Deum,
1244 2275 1295 2312 qui
1315 2274 1382 2311 fecit
1404 2275 1494 2303 illum.

1104 2322 1143 2350 lll.
1166 2322 1296 2358 Sequitur
1318 2322 1351 2350 de
1373 2322 1453 2350 tertio
1475 2322 1617 2359 principali
1640 2326 1667 2351 et
1682 2323 1795 2356 ultimo,
1817 2323 1868 2351 sci-

1025 2369 1087 2397 licet
1107 2369 1141 2397 de
1161 2369 1396 2397 commendatione
1417 2369 1487 2397 beati
1511 2369 1709 2398 Bartholomaei
1733 2373 1867 2406 qnantum

1024 2415 1057 2443 ad
1079 2415 1355 2444 consummationem
1373 2416 1552 2453 qloriosanm
1573 2416 1646 2452 quod
1669 2419 1789 2450 notatur,
1805 2424 1867 2445 cum

1023 2462 1140 2491 dicitur:
1161 2470 1232 2490 nani
1260 2462 1430 2499 exspoliavit
1450 2471 1479 2491 se
1507 2463 1607 2491 tunica
1627 2471 1685 2491 sua
1705 2466 1756 2492 etc.
1785 2463 1868 2497 Nota,

1024 2509 1097 2546 quod
1119 2509 1217 2538 heatus
1238 2509 1462 2538 Bartholomaeus
1479 2518 1581 2538 novum
1597 2518 1684 2546 genus
1703 2510 1826 2546 martyrii
1842 2513 1869 2538 et

1025 2556 1164 2592 singulare
1185 2564 1235 2584 nec
1256 2556 1323 2584 alias
1337 2556 1523 2593 excogitatum
1540 2556 1656 2591 (subiit),
1671 2557 1799 2593 quoniam
1820 2564 1869 2585 ex-

1025 2603 1145 2631 coriatus
1167 2602 1219 2631 suit
1235 2603 1329 2636 vivus3
1352 2606 1465 2639 propter
1481 2603 1532 2631 hoc
1547 2603 1657 2637 dicitur,
1673 2603 1744 2640 quod
1768 2612 1868 2640 exspo-

1026 2650 1107 2678 liavit
1133 2659 1163 2678 se
1190 2650 1291 2678 tunica
1318 2658 1392 2683 sua,
1421 2659 1481 2687 qua
1509 2655 1571 2679 erat
1602 2651 1740 2683 indatus,
1771 2650 1795 2678 id
1828 2654 1868 2678 est

1026 2697 1095 2733 pelle
1116 2705 1173 2725 sua.
1197 2697 1312 2725 Multum
1333 2696 1422 2725 devoti
1448 2697 1580 2726 dehemus
1605 2705 1663 2725 esse
1692 2698 1764 2725 circa
1786 2697 1867 2726 istum

1087 2863 1095 2874 ⁴
1115 2863 1182 2890 Epist.
1202 2863 1216 2884 l.
1234 2868 1253 2884 c.
1271 2863 1292 2888 3,
1314 2862 1352 2888 it;
1371 2866 1499 2890 sequuntur
1518 2863 1551 2883 l‘s.
1569 2862 1606 2888 06,
1624 2862 1656 2883 ¹0.
1669 2865 1688 2883 el
1703 2863 1735 2883 l‘s.
1753 2862 1802 2889 118,
1819 2862 1866 2884 113.

1087 2900 1096 2912 ‘³
1115 2902 1193 2923 Dsnlm.
1216 2901 1248 2927 18,
1265 2901 1303 2927 {45
1321 2904 1449 2929 sequuntur
1467 2901 1502 2923 ΡΞ.
1524 2901 1577 2928 118,
1597 2900 1632 2922 47.
1650 2904 1670 2922 ct
1691 2902 1751 2922 loun.
1773 2900 1811 2928 llzi,
1834 2900 1867 2922 13.

1086 2938 1095 2951 ⁶
1113 2939 1168 2967 Cap.
1186 2941 1207 2966 8,
1226 2940 1246 2961 6.

1086 2977 1094 2990 ⁷
1112 2978 1168 3006 Cap.
1191 2979 1222 3005 Π,
1245 2979 1277 3000 10.

1888 737 2000 756 Secundum.

1890 1111 1979 1130 Tertium.

1889 1721 1985 1743 Quartum.

1886 2328 1930 2346 Pars
1943 2328 1972 2346 Ill.
1987 2328 2013 2347 De

1891 2357 2005 2370 consumma-

1902 2376 1952 2393 tione
1965 2376 2001 2398 glu-

1922 2399 1977 2417 riosa.
