2243 3348
684 166 840 195 DOMlNlCA
865 167 892 194 [l.
915 167 998 196 POST
1020 168 1147 196 PASCHA.
1171 169 1279 197 SERMO
1302 170 1330 198 V.

134 244 268 273 sacrificio
292 244 436 281 Apostolus
463 243 496 272 ad
524 243 631 272 Galatas
648 243 674 271 ¹:
704 242 818 272 Christo
849 244 982 279 confixus

133 299 200 319 sum
230 290 330 323 eruci,-
358 290 467 318 Glossa:
503 290 582 318 «Per
613 297 734 317 amorem
749 300 783 323 »3
815 292 842 318 et
873 290 981 318 subdit:

140 338 207 366 Vivo
228 341 342 371 autem,
363 337 423 365 iam
445 344 585 373 11011090;
607 335 676 364 vivit
698 335 811 363 veroin
831 343 876 363 1110
899 334 981 364 Cliri-

133 388 204 413 stus.
227 400 263 405 —-
291 384 358 412 Vivo
379 391 446 420 090,
474 391 529 411 000
557 382 708 411 secundum
738 389 864 415 carnem;
898 382 982 410 «vita

133 431 267 460 mirabilis
287 433 328 459 est
349 430 443 458 vivere
471 429 497 457 in
520 436 602 457 carne
630 432 740 465 praeter
768 436 879 456 carnem
896 440 921 455 n.
951 428 982 456 Et

133 478 198 506 dicit
213 477 249 506 ibi
264 477 372 505 Glossa:
390 475 504 505 Clzristo
519 475 603 504 cruci
622 474 756 511 confixus
776 483 860 503 sum.-
884 486 897 499 «
908 482 981 503 crux

133 524 260 553 ardorem
284 523 385 560 peccati
407 522 589 559 refrigerans,
611 522 733 558 vigorem
748 521 879 557 operandi
903 528 979 557 prae-

134 574 209 600 stans
225 582 251 598 ».
280 570 354 598 Vivit
373 578 440 598 vero
462 569 493 597 iu
514 577 558 597 me
575 567 723 602 Christus,
739 568 765 596 id
780 570 836 601 est,
852 568 907 596 vita
921 575 983 596 mea

133 617 160 645 10
183 617 238 645 vita
258 616 359 645 Christi
381 618 496 652 apparet
518 615 611 643 vivere
632 614 823 651 spiritualiter,
845 622 899 642 non
921 622 981 642 car—

133 664 240 692 naliter.
263 663 332 692 Haec
353 662 434 691 debet
461 670 521 691 esse
544 662 598 690 vita
619 661 782 695 Christiani,
811 669 865 689 non
887 661 981 689 vivere

133 710 285 739 secundum
307 717 434 742 carnem,
451 709 522 738 sicut
536 708 600 737 alibi
615 709 626 725 2
648 708 727 737 docet
747 708 907 744 Apostolus:
925 707 982 743 Qui

132 760 200 785 suut
223 756 333 786 Christi
358 764 477 784 earnem
505 763 593 784 suum
614 754 827 791 erucifixerunt
855 757 906 783 etc.
935 754 981 782 Di—

132 812 216 840 gnum
239 807 280 832 est
308 803 396 836 enim,
419 805 465 836 ut,
488 802 508 831 si
532 802 639 830 Domini
669 801 796 830 crucifixi
827 801 979 838 passionem

132 851 160 879 10
191 850 322 879 cordibus
354 850 455 878 nostris
486 849 654 882 habeamus,
679 857 695 877 a
723 848 854 877 fluctibus
884 856 981 877 carna-

133 897 200 926 lium
223 897 396 933 voluptatum
422 904 472 925 nos
496 896 692 924 abstineamus.
718 895 789 931 Quid
811 895 882 924 enim
909 895 981 924 valet

133 944 236 973 habere
258 951 356 972 nomen
371 942 535 977 Christiani,
551 946 579 971 et
600 950 653 970 nou
669 950 802 971 exercere
817 950 887 978 opus
902 942 980 970 Chri-

132 990 211 1020 stiani
225 990 250 1024 ³:
274 990 376 1019 habere
390 997 489 1018 nomen
507 989 613 1023 militis,
628 992 656 1018 et
670 997 723 1017 non
739 989 829 1017 facere
843 997 914 1025 opus
931 989 981 1017 mi—

133 1038 206 1066 litis?
220 1053 258 1057 —-
275 1037 301 1065 ln
324 1037 418 1065 multis
433 1036 514 1065 hodie
528 1036 699 1065 contrarium
715 1038 771 1070 est3
787 1036 896 1064 carnale
910 1043 981 1072 opus
1002 1074 1004 1077 ι

132 1086 264 1112 exercent
285 1086 312 1111 et
333 1083 477 1120 spirituale
498 1090 568 1119 opus
589 1082 771 1119 vilipendunt.
794 1082 873 1111 {stam
896 1082 979 1110 vitam

132 1130 302 1167 spiritualem
331 1130 489 1159 invenimus
512 1131 536 1157 in
560 1130 633 1166 ligno
657 1129 764 1163 crucis,
786 1132 833 1163 ut,
855 1129 927 1157 sicut
946 1129 980 1157 de

132 1177 205 1214 ligno
226 1177 297 1205 vitae
320 1176 418 1205 licebat
438 1176 544 1204 homini
566 1176 638 1204 vesci
660 1176 688 1204 in
703 1179 776 1205 statu
798 1176 979 1209 innocentiae,

131 1224 169 1252 ita
190 1224 272 1252 homo
295 1223 388 1252 vivens
410 1223 465 1251 vita
486 1223 622 1260 spirituali
645 1223 731 1259 possit
752 1223 823 1251 vesci
850 1223 980 1259 spiritua-

131 1270 194 1299 liter
214 1270 248 1299 de
270 1270 342 1307 ligno
363 1270 455 1298 crucis
482 1269 597 1303 Christi,
626 1270 673 1306 qui
702 1273 840 1306 opera-lus
864 1273 904 1297 est
931 1278 979 1298 sa-

131 1317 217 1346 lutem
245 1317 277 1345 iu
304 1317 397 1345 medio
426 1321 538 1350 terrae,
567 1316 670 1345 scilicet
700 1317 726 1344 in
755 1320 835 1345 utero
860 1316 980 1353 Virginis

131 1364 239 1393 Mariae.

209 1411 316 1445 Tertio,
339 1411 365 1439 in
395 1411 467 1447 ligno
492 1411 583 1439 0111015
611 1414 652 1439 051
680 1411 803 1439 invenire
830 1419 979 1439 smnmum

10 1465 11 1476 1
30 1464 112 1484 seruus.
127 1460 332 1493 paupertatem
354 1460 381 1485 et
402 1457 603 1490 voluntariam,
625 1459 657 1485 ut
679 1457 760 1485 homo
788 1465 868 1485 omne
891 1460 978 1485 terre-

24 2399 91 2424 Quartu
94 2405 102 2418 s
105 2414 109 2418 .

130 1511 196 1532 num
219 1507 369 1540 spontanea
397 1504 538 1532 voluntate
566 1507 731 1532 contemnat.
760 1504 814 1532 Hoc
841 1503 978 1541 estquod

129 1550 167 1578 ait
188 1550 332 1586 Apostolus
353 1550 386 1579 ad
415 1550 564 1579 Galatas4:
590 1549 663 1579 Milti
690 1554 786 1579 (tutem
815 1550 891 1579 absit
917 1550 977 1588 910-

130 1597 211 1625 rictri
230 1596 291 1625 nisa?
310 1597 342 1625 111
369 1605 455 1625 eruce
485 1597 604 1625 Domini
630 1597 726 1626 izo-stri
753 1598 819 1625 Iesu
849 1596 961 1626 Christi
967 1608 977 1631 ,·

129 1643 207 1681 quasi
229 1643 316 1672 dicat:
339 1644 366 1672 in
393 1644 446 1672 alio
475 1644 587 1681 gloriari
616 1644 745 1673 indecens
770 1647 819 1673 est.
849 1644 880 1673 Et
907 1653 977 1681 quo—

127 1691 227 1720 modo?
250 1691 299 1720 Per
320 1694 521 1728 paupertatem.
547 1692 612 1720 Nam
641 1692 787 1720 subditur:
810 1701 865 1729 per
892 1700 976 1730 quem

126 1737 201 1766 mihi
213 1738 344 1767 muudus
359 1738 522 1775 crucifixus
537 1742 590 1772 est,
606 1742 630 1767 et
651 1747 701 1776 eqo
716 1739 843 1772 munitm
859 1739 911 1768 1100
925 1742 976 1773 est,

127 1788 158 1813 ut
179 1793 230 1814 nec
252 1785 372 1814 mundus
395 1793 438 1814 me
459 1785 561 1814 alliciat
581 1785 614 1813 ad
637 1785 678 1814 sui
701 1793 839 1820 amorem,
855 1793 905 1814 000
925 1793 976 1822 ego

128 1832 272 1860 mundum.
295 1832 326 1861 Et
346 1832 413 1869 quid
427 1832 492 1861 facit
507 1833 571 1866 hoc,
593 1835 625 1861 ut
638 1840 689 1861 nec
704 1833 786 1861 homo
807 1835 976 1861 0111010100-

126 1879 209 1914 dum,
231 1887 281 1908 000
303 1879 425 1908 mundus
439 1883 525 1908 eum?
546 1880 625 1908 Certe
640 1888 706 1909 vera
726 1884 889 1917 paupertas,
903 1887 975 1917 quae

127 1927 277 1956 contemnit
298 1930 386 1955 totum
410 1927 553 1956 mundum.
584 1927 639 1956 Vae
659 1935 725 1964 ergo
750 1927 910 1956 hominibus
931 1927 975 1955 di-

126 1973 251 2008 vitibus,
273 1974 320 2011 qui
343 1977 427 2002 totam
449 1982 525 2011 spem
546 1982 624 2003 suam
654 1974 680 2002 in
706 1974 830 2011 pecuniis
851 1974 909 2003 suis
930 1982 975 2011 po-

126 2024 211 2049 nunt!
234 2021 376 2057 Quomodo
397 2021 499 2050 audent
514 2021 661 2050 detrahere
677 2021 848 2058 paupertati,
864 2020 974 2057 quando

126 2068 185 2096 Rex
206 2068 272 2096 caeli
294 2068 320 2096 10
343 2070 451 2096 tantum
472 2075 578 2104 pauper
600 2067 667 2101 fuit,
689 2068 763 2104 quod
783 2076 842 2096 11011
861 2067 973 2101 habuit,

126 2113 179 2143 ubi
198 2118 287 2151 caput
308 2122 396 2142 suum
420 2114 600 2142 reclinaret?
621 2114 693 2143 sicut
720 2114 758 2143 ait
780 2115 806 2143 in
829 2114 974 2151 Evangelio

126 2161 159 2189 de
180 2168 209 2189 se
230 2161 298 2198 ipso.
322 2161 372 2197 ipsi
401 2164 493 2190 autem
516 2161 607 2197 cupidi
638 2161 763 2190 homines
791 2165 818 2190 et
838 2161 914 2190 avari
940 2161 974 2190 de

126 2208 202 2236 nulla
217 2216 247 2237 re
266 2208 410 2245 temporali
432 2211 548 2245 possunt
569 2208 677 2242 satiari3
700 2208 878 2237 insaciabilis
900 2208 972 2237 enim

126 2258 167 2284 est
195 2255 296 2284 oculus
323 2255 425 2292 cupidi
432 2278 440 2289 ,
462 2259 486 2283 et
515 2264 629 2284 avarus
657 2264 714 2284 11011
739 2255 906 2292 implebitur
926 2264 972 2293 pe—

127 2302 226 2330 cunia.

206 2350 325 2385 Quarto,
348 2349 375 2377 in
397 2349 470 2386 ligno
491 2349 583 2378 010015
603 2353 645 2378 est
660 2349 784 2378 invenire
805 2350 973 2378 eminenten'z

127 2394 319 2424 humilitatem
341 2396 374 2424 ad
396 2396 587 2425 detestandum
609 2404 720 2425 omnem
741 2396 917 2433 superbiam3
939 2396 973 2425 ad

128 2443 314 2479 Philippenses
326 2443 352 2471 ⁵:
377 2443 549 2471 Exiuuuivit
562 2443 758 2480 semetipsum,
773 2443 923 2472 humilians
945 2451 973 2472 se

189 2642 196 2655 ¹
214 2643 270 2671 Cap.
287 2644 309 2670 2,
331 2644 364 2666 19.
381 2650 430 2672 seq.
449 2657 477 2660 —
496 2644 603 2673 Sequitur
626 2645 704 2667 Glossa
729 2644 904 2674 interlinearis;
922 2652 970 2674 seq.

125 2682 234 2704 sententia
257 2686 291 2704 est
314 2683 371 2705 Ρο11.
392 2682 527 2711 Chrysolog.
551 2689 620 2705 50110.
648 2683 697 2706 143.
714 2690 737 2706 0.
758 2684 784 2711 1;
802 2687 824 2706 et
840 2684 918 2706 Glossa
937 2688 971 2707 est

126 2721 183 2743 Petri
201 2721 335 2744 Lombardi.

187 2760 197 2774 2
214 2761 261 2782 Gal.
280 2760 307 2788 5,
325 2761 362 2783 24.

188 2799 197 2812 ³
214 2799 259 2822 Csr.
276 2799 390 2828 Ambros.,
408 2807 476 2823 serm.
496 2801 531 2823 30.
551 2801 582 2829 (In
600 2802 738 2831 appendice)
751 2808 773 2824 n.
786 2802 807 2824 3.
819 2815 847 2818 —
862 2802 971 2831 Sequitur

126 2838 160 2861 i's.
178 2838 215 2865 73,
237 2840 269 2860 1‘2.

187 2877 197 2889 ⁴¹
214 2877 268 2905 Cap.
287 2878 308 2906 6,
327 2878 367 2905 =14;
385 2878 438 2900 dein
456 2879 577 2906 respicitur
594 2880 649 2902 Luc.
661 2880 682 2906 6,
696 2879 737 2906 2st
755 2883 882 2908 sequuntur
895 2880 970 2902 aladii.

126 2917 151 2943 8,
169 2917 210 2944 20:
228 2917 294 2939 Eccli.
313 2917 353 2945 14,
371 2917 393 2939 9.
410 2920 432 2940 et
449 2918 521 2940 Eccle.
540 2919 566 2946 5,
584 2919 605 2940 9.

188 2955 197 2967 ⁵
214 2955 269 2983 Cap.
287 2956 308 2984 2,
326 2956 348 2978 7.
365 2962 412 2984 seq.

219 3001 246 3024 S.
262 3002 355 3025 Bonae.
370 3015 400 3019 —
413 3003 483 3025 Toni.
498 3003 536 3025 lX,

1821 177 1876 205 305

1039 244 1095 273 Deo
1117 245 1187 273 Patri
1204 254 1295 283 usque
1316 247 1356 274 ud
1376 251 1504 275 mortem,
1524 248 1594 276 Dicit
1615 250 1784 284 Bernardus,
1806 254 1877 288 quod

1039 298 1101 318 01101
1124 291 1265 320 humilitas
1279 292 1314 320 sit
1329 294 1469 328 praeclara
1489 294 1517 322 in
1532 295 1695 330 praeclaris,
1715 298 1878 332 praeclarior

1038 336 1065 364 in
1087 337 1335 373 praeclarioribus,
1358 340 1574 375 praeclarissima
1603 344 1644 369 est
1672 341 1697 369 111
1720 344 1878 378 praeclaris-

1039 382 1122 411 simis.
1153 383 1204 411 Sed
1232 384 1290 420 ipse
1318 388 1359 413 est
1386 385 1549 414 altissimus
1576 395 1664 423 super
1686 396 1794 416 0111110111
1825 394 1879 417 ter-

1038 437 1104 456 ram
1120 429 1142 463 ⁴³,
1164 430 1207 457 001
1234 430 1358 459 subiecta
1379 435 1444 459 sunt
1471 432 1599 466 caelum,
1629 437 1725 467 terra,
1747 444 1829 463 mure
1856 441 1880 464 et

1038 475 1154 508 omnia,
1176 484 1251 512 (111110
1272 476 1302 504 iu
1324 477 1364 504 eis
1384 481 1461 505 suut.
1491 478 1560 515 Ergo
1581 479 1640 507 eius
1669 480 1808 509 humilitas
1829 482 1880 509 fuit

1038 521 1265 556 praeclarissima.
1282 522 1457 551 Consuetudo
1473 532 1557 560 prava
1577 529 1618 553 est
1635 526 1791 560 hominum,
1807 528 1879 564 quod

1038 574 1100 595 cum
1122 567 1215 604 aliqua
1236 568 1307 596 bona
1328 569 1460 598 dicuntur
1487 570 1520 598 de
1546 571 1700 607 aliquibus,
1723 573 1880 602 diminuunt

1037 621 1081 647 ea,
1096 617 1231 650 quantum
1247 618 1377 651 possunt3
1400 616 1420 644 si
1437 616 1470 644 de
1492 617 1530 645 eis
1545 618 1637 654 aliqua
1655 619 1725 646 mala
1740 618 1880 654 dicuntur,

1037 661 1128 688 statim
1152 661 1252 689 vellent
1280 662 1396 690 exaltari
1427 670 1515 699 usque
1540 664 1574 691 ad
1595 665 1716 699 caelum;
1738 665 1804 694 alios
1830 667 1880 695 hu-

1036 707 1159 741 miliant,
1180 715 1209 736 se
1231 709 1362 736 exaltant.
1379 709 1476 737 Totum
1499 711 1668 739 contrarium
1684 712 1735 740 suit
1757 713 1782 741 in
1805 713 1880 742 Chri-

1037 756 1094 787 sto;
1116 761 1145 782 se
1161 754 1331 788 humiliavit,
1353 758 1384 783 ut
1399 755 1466 784 alios
1481 757 1629 791 exaltaret,
1644 766 1733 795 usque
1754 760 1786 787 ad
1806 760 1880 796 igno-

1037 800 1185 828 miniosum
1210 808 1298 837 genus
1325 802 1423 830 mortis
1452 803 1588 831 latronum
1618 807 1645 832 et
1672 805 1879 835 homicidarum.

1038 846 1111 875 Unde
1126 846 1220 875 Glossa
1232 847 1241 863 ⁷
1257 847 1293 875 ibi
1309 848 1389 876 dicit:
1413 848 1588 877 Humiliavit
1608 852 1791 887 semetipsum
1813 857 1880 881 eto:

1042 904 1055 918 «
1070 893 1140 929 Quid
1162 901 1228 930 ergo
1249 894 1393 930 superbis,
1416 898 1492 923 terra
1506 899 1532 924 et
1553 896 1642 924 einis?
1663 897 1750 934 Caput
1768 902 1809 927 est
1831 900 1879 927 hu-

1036 940 1113 974 mile,
1135 943 1163 969 et
1177 943 1220 974 tu,
1236 940 1391 969 membrum
1409 941 1525 976 humile,
1541 943 1668 978 superbis
1680 947 1717 971 »?
1739 944 1799 973 Ideo
1818 945 1882 974 dicit

1037 987 1194 1015 Bernardus
1209 987 1235 1015 ⁸:
1261 998 1274 1013 «
1291 988 1434 1016 Humilitas
1459 992 1500 1017 est
1521 989 1623 1023 virtus,
1651 998 1706 1026 qua
1728 991 1809 1019 homo
1838 999 1881 1020 ve-

1038 1034 1147 1062 rissima
1167 1034 1305 1070 agnitione
1327 1034 1377 1062 sibi
1401 1035 1449 1071 ipsi
1473 1035 1620 1064 vilescit».
1643 1036 1810 1073 impossibile
1825 1042 1880 1072 est,

1037 1081 1157 1117 aliquem
1180 1081 1237 1109 sive
1259 1081 1285 1109 in
1314 1082 1467 1117 praesenti,
1489 1083 1546 1111 sive
1567 1083 1593 1110 in
1616 1083 1711 1112 futuro
1732 1084 1825 1113 venire
1848 1085 1881 1113 ad

1037 1128 1231 1156 exaltationem
1255 1128 1305 1156 nisi
1330 1136 1378 1164 per
1400 1129 1593 1158 humilitatem.
1610 1131 1634 1158 Si
1651 1131 1723 1159 enim
1744 1132 1881 1168 superbus

1036 1175 1119 1203 homo
1140 1174 1281 1203 exaltatur
1302 1174 1334 1203 ad
1357 1175 1476 1211 aliquam
1499 1175 1656 1212 dignitatem
1674 1177 1715 1205 vel
1738 1178 1880 1213 praelatio-

1036 1229 1114 1255 nem,
1138 1221 1189 1249 hoc
1211 1221 1298 1250 estad
1314 1221 1501 1250 confusionem
1517 1230 1610 1256 suam,
1633 1224 1697 1259 quia
1719 1232 1771 1252 non
1794 1225 1881 1261 placet

1036 1269 1092 1297 Deo
1114 1268 1175 1297 talis
1196 1268 1342 1302 exaltatio:
1366 1269 1514 1297 Ezechielis
1529 1269 1554 1297 9;
1578 1270 1637 1306 Eyo
1661 1270 1800 1298 Dominus
1828 1270 1881 1299 ltu-

1035 1315 1152 1343 miliavi
1172 1315 1285 1352 liguum
1305 1314 1428 1343 sublime
1442 1320 1467 1343 et
1481 1316 1610 1344 exaltavi
1623 1316 1735 1353 liguum
1757 1316 1880 1351 ammte,-

1036 1362 1174 1390 Psalmus:
1205 1361 1269 1390 Vidi
1297 1362 1422 1398 impium
1449 1363 1700 1399 superexaltatum
1708 1374 1718 1396 ,·
1739 1365 1880 1400 sequitur:

1042 1409 1196 1442 Trausivi,
1225 1412 1249 1437 ec
1280 1417 1354 1443 ecce,
1382 1417 1439 1436 11011
1468 1412 1539 1437 erut.
1573 1410 1624 1438 Sed
1655 1410 1688 1438 de
1716 1411 1881 1440 exaltatione

1034 1456 1136 1485 Christi
1159 1459 1273 1492 propter
1295 1456 1478 1484 humilitatem
1494 1456 1637 1485 subditur:
1661 1458 1784 1494 Propter
1806 1459 1881 1496 quod

1034 1506 1058 1530 et
1082 1503 1157 1530 Deus
1178 1502 1319 1531 exultavit
1340 1502 1420 1530 illum
1444 1506 1494 1531 etc.

1112 1550 1213 1578 Ultimo
1234 1549 1261 1577 in
1278 1549 1336 1586 ipso
1351 1549 1442 1578 crucis
1458 1550 1530 1586 ligno
1545 1554 1586 1578 est
1607 1550 1729 1580 invenire
1743 1552 1879 1580 virtutem

1034 1596 1259 1634 insuperabilem
1274 1596 1308 1624 ad
1323 1596 1540 1633 expugnandum
1557 1597 1648 1625 onmia
1663 1598 1880 1627 machinamenta

1033 1644 1214 1677 daemonum;
1230 1643 1304 1672 unde
1319 1644 1463 1680 Apostolus
1484 1644 1517 1672 ad
1532 1644 1686 1673 Corinthios
1700 1645 1736 1672 ¹⁰:
1759 1646 1879 1679 Fratres,

1033 1691 1152 1719 verbum
1174 1691 1273 1719 erucis
1292 1691 1482 1728 pereuntibus
1503 1692 1619 1729 quidem
1639 1692 1764 1720 stulticia
1786 1696 1832 1720 esc.
1849 1693 1880 1732 Et

1033 1738 1079 1775 qui
1103 1741 1167 1767 sunt
1188 1738 1240 1776 qui
1260 1738 1403 1775 pereunt?
1424 1738 1504 1767 Certe
1519 1738 1556 1766 illi
1573 1739 1619 1775 qui
1638 1742 1723 1767 totum
1746 1740 1878 1768 mundum

1032 1788 1060 1813 et
1073 1793 1107 1813 ea
1119 1793 1193 1823 quae
1203 1789 1272 1813 sum
1284 1785 1446 1819 inmundo,
1463 1785 1581 1821 sapiunt.
1595 1785 1705 1814 Talibus
1716 1786 1824 1814 difficile
1839 1789 1880 1815 est

1032 1832 1193 1869 praedicare
1213 1840 1325 1861 crucem
1348 1832 1540 1868 poenitentiae.
1563 1832 1683 1861 Stultitia
1704 1832 1812 1861 videtur
1827 1833 1878 1867 eis,

1031 1879 1097 1915 quia
1118 1887 1172 1907 non
1194 1879 1311 1907 credunt
1332 1879 1457 1908 invenire
1485 1880 1559 1908 aliud
1588 1880 1737 1908 saeculum.
1761 1880 1811 1908 Sed
1839 1880 1879 1907 eis

1032 1926 1084 1964 qui
1103 1926 1181 1954 salvi
1192 1925 1285 1962 fiunt,
1308 1926 1360 1955 1100
1381 1929 1435 1960 est,
1451 1927 1499 1963 qui
1514 1927 1613 1955 salvari
1630 1927 1741 1961 volunt,
1758 1927 1810 1955 Dei
1822 1927 1879 1955 vir-

1032 1976 1079 2001 tus
1099 1977 1153 2007 est,
1176 1973 1266 2002 virtus
1287 1976 1384 2010 potens
1405 1981 1539 2010 superare
1559 1974 1651 2002 omnia
1671 1974 1769 2002 diaboli
1792 1977 1878 2002 tenta-

1033 2024 1132 2049 menta.
1163 2021 1265 2049 Tantae
1294 2021 1406 2049 virtutis
1433 2024 1474 2050 est
1503 2021 1606 2058 lignum
1639 2021 1730 2049 crucis
1760 2021 1877 2054 Christi,

1032 2068 1105 2104 quod
1128 2068 1237 2100 statim,
1260 2068 1331 2097 facto
1359 2068 1451 2105 signo,
1481 2068 1550 2105 fugit
1578 2068 1703 2097 diabolus
1731 2068 1877 2101 confusus,

1031 2115 1103 2143 sicut
1124 2115 1157 2143 de
1172 2115 1291 2152 quodam
1308 2115 1406 2144 Iudaeo
1421 2116 1522 2152 legitur
1534 2117 1566 2149 ¹¹,
1589 2115 1635 2152 qui
1652 2123 1680 2144 se
1695 2115 1811 2151 signavit
1826 2115 1877 2143 1100

1031 2162 1123 2198 signo,
1145 2162 1188 2190 cui
1211 2162 1358 2191 daemones
1373 2170 1472 2191 nocere
1487 2171 1541 2190 non
1556 2165 1722 2199 potuerunt,
1738 2161 1783 2190 sed
1799 2161 1876 2189 dixe-

1031 2212 1112 2237 runt:
1139 2220 1153 2234 «
1168 2209 1236 2243 Vae,
1252 2217 1314 2243 vae,
1337 2217 1384 2237 vas
1399 2217 1517 2238 vacuum
1534 2213 1560 2238 et
1575 2209 1710 2245 signatum
1727 2220 1740 2233 »
1754 2210 1758 2236 t
1783 2208 1809 2235 [n
1825 2208 1876 2235 hoc

1031 2255 1104 2292 ligno
1125 2256 1217 2284 crucis
1244 2256 1325 2285 debet
1353 2256 1469 2293 quilibet
1496 2256 1668 2284 Christianus
1696 2263 1770 2291 spem
1797 2262 1874 2283 suam

1031 2310 1150 2340 ponere,
1171 2303 1193 2332 si
1216 2303 1275 2331 vult
1297 2306 1393 2332 contra
1407 2303 1596 2332 adversarium
1612 2310 1707 2336 suum,
1723 2301 1875 2334 diabolum,

1030 2350 1131 2378 acriter
1154 2358 1291 2387 pugnare,
1306 2350 1372 2387 quia
1386 2351 1520 2387 scriptum
1537 2353 1591 2378 est:
1618 2361 1631 2374 «
1646 2349 1725 2378 Nulla
1746 2349 1820 2377 salus
1834 2351 1875 2376 est

1031 2396 1057 2425 in
1079 2397 1174 2431 domo,
1196 2397 1246 2426 nisi
1269 2405 1353 2426 01000
1374 2397 1464 2425 munit
1479 2397 1560 2425 homo
1575 2409 1602 2430 n,
1625 2400 1655 2424 ut
1676 2396 1715 2424 sic
1736 2395 1821 2432 possit
1841 2394 1874 2422 ad

1030 2443 1130 2480 gaudia
1151 2444 1216 2472 caeli
1240 2444 1402 2480 pervenire,
1424 2451 1495 2480 quae
1516 2443 1594 2471 nohis
1616 2442 1745 2471 concedat
1766 2445 1816 2470 etc.

1091 2645 1100 2658 Ε·
1118 2646 1199 2668 Psalm.
1217 2646 1258 2674 96,
1277 2646 1302 2673 95
1321 2645 1425 2674 sequitur
1442 2646 1477 2667 Ps.
1500 2645 1553 2671 145,
1571 2645 1593 2666 6.

1092 2684 1100 2697 ⁷
1119 2685 1208 2707 Scilicet
1226 2684 1351 2708 ordinaria
1369 2685 1390 2706 10
1409 2686 1469 2706 hunc
1486 2684 1575 2711 locum,
1592 2689 1651 2712 quae
1669 2686 1703 2705 ost
1720 2689 1744 2705 ex
1769 2684 1872 2709 August„

1028 2730 1096 2746 serm.
1110 2724 1164 2746 304.
1176 2724 1240 2752 (alias
1257 2724 1294 2745 37.
1310 2724 1339 2745 de
1358 2724 1453 2750 Divers„
1472 2724 1508 2745 vel
1526 2729 1595 2745 serm.
1612 2723 1633 2745 3.
1652 2723 1673 2744 in
1691 2722 1803 2744 solemnit.
1820 2722 1873 2743 Lau-

1028 2766 1085 2785 rent.
1104 2762 1204 2791 Martyr.)
1223 2768 1241 2784 c.
1262 2762 1281 2783 4.
1299 2769 1320 2784 n.
1339 2762 1359 2784 3.

1091 2801 1100 2813 ⁸
1119 2802 1194 2823 Tract.
1212 2801 1241 2823 de
1259 2801 1353 2823 Gradib.
1371 2801 1450 2823 humil.
1468 2806 1488 2822 0.
1510 2801 1526 2822 l.
1546 2806 1567 2822 n.
1585 2801 1606 2822 2.

1092 2839 1101 2852 ⁹
1118 2839 1172 2867 Cap.
1192 2840 1228 2866 17,
1247 2839 1287 2866 24;
1305 2842 1434 2868 sequuntur
1451 2840 1485 2861 Ps.
1505 2840 1541 2867 36,
1560 2840 1596 2861 35.
1614 2845 1662 2867 seq.
1680 2842 1701 2861 et
1719 2839 1773 2860 Phil.
1792 2840 1812 2866 2,
1830 2839 1852 2859 9.

1092 2878 1111 2891 ¹⁰
1129 2879 1198 2906 Epist.
1217 2880 1231 2900 1.
1252 2885 1272 2900 c.
1296 2879 1314 2905 l,
1336 2879 1377 2905 r180
1401 2879 1504 2907 sequitur
1525 2879 1539 2900 l.
1560 2879 1620 2900 loon.
1641 2879 1668 2905 2,
1693 2879 1724 2900 15.
1745 2880 1767 2899 et
1787 2878 1800 2899 Ι.
1820 2877 1871 2900 Cor.

1034 2919 1050 2946 1,
1073 2919 1105 2939 18.

1093 2956 1109 2969 ¹¹
1129 2957 1232 2984 Gregor„
1251 2957 1282 2978 lli.
1300 2957 1387 2984 Dialog.
1405 2962 1423 2978 c.
1441 2957 1462 2978 7.

1748 3003 1775 3024 30
