2243 3348
212 762 257 780 Pars
269 761 298 779 111.
313 760 339 778 De

224 785 298 803 civitate
311 784 329 802 in

214 809 271 826 Deum
285 807 342 826 redu-

212 832 271 850 cenda
283 836 316 854 per
331 831 339 848 l

236 855 320 873 virtutes.

214 1416 281 1433 Harum
297 1420 340 1432 una-

213 1443 297 1462 quaeque
309 1439 339 1456 tri>

236 1462 320 1485 plicatur.

240 1743 266 1761 De
279 1745 330 1766 porta

225 1767 342 1789 prudentiae.

217 2118 252 2135 lsta
266 2118 346 2142 triplica-

359 165 414 193 (504

358 242 495 271 terminos
518 245 581 269 tuos
603 240 633 268 in
655 238 766 275 lapides
787 235 999 265 desiderabiles
1018 250 1051 254 —
1069 234 1118 262 Per
1132 241 1199 269 sap-

356 289 457 326 phiros
479 289 504 316 in
528 286 704 315 fundamento
726 284 843 320 positos,
865 282 911 318 qui
934 284 999 310 sunt
1020 280 1103 313 aerei,
1120 279 1144 307 id
1160 282 1201 307 est

357 335 480 365 caelestis
501 333 615 366 coloris,
637 331 827 367 significantur
850 329 898 365 ipsi
921 327 1051 356 caelestes
1066 325 1200 362 Apostoli,

357 383 435 411 iuxta
451 381 516 409 illud
531 379 625 408 Psalmi
640 380 664 405 ¹:
679 376 758 405 Caeli
770 378 914 403 enarrant
927 373 1056 411 yloriam
1071 372 1122 400 Dei
1135 375 1199 405 etc.;

357 436 406 466 per
427 427 567 464 iaspidem
591 424 709 461 positum
732 423 757 450 in
781 420 1002 458 propugnaculo,
1028 419 1075 455 qui
1098 421 1139 446 est
1161 418 1200 445 vi-

358 475 423 504 ridis
444 474 558 505 coloris,
582 472 731 506 Martyrum
756 468 870 496 virilitas
898 467 1073 503 designatum
1090 473 1139 501 per
1158 465 1200 492 la-

355 522 436 558 pules
456 519 583 555 sculptos
605 517 719 545 invicem
742 514 909 551 applicatos,
931 512 1085 541 obedientia
1106 514 1133 539 et
1154 519 1199 539 ca—

358 568 423 595 ritas
444 566 653 596 Consessorum;
676 571 725 599 per
754 561 864 598 lapides
885 559 1108 592 desiderabiles,
1137 566 1199 586 san-

356 614 434 642 ctitas
455 611 611 648 virginalis,
633 617 703 646 quae
731 611 843 645 propter
872 614 949 634 suam
984 604 1198 642 pulcritudinem

355 660 389 688 ab
410 659 538 687 omnibus
559 656 740 685 desideratur.

436 706 473 734 111.
497 704 588 733 Tertio
611 702 798 739 principaliter
819 707 967 737 possumus
990 697 1063 734 loqui
1085 697 1118 726 de
1143 697 1202 733 ipsa

357 753 474 785 civitate,
503 751 528 779 in
558 753 692 786 quantum
722 751 763 776 est
788 747 828 775 acl
852 747 940 774 Deum
963 744 1140 773 ordinanda.
1172 743 1202 771 Et

357 802 491 836 quantum
523 798 555 825 ad
589 798 639 825 lioc
670 794 836 824 describitur
867 791 1042 829 Apocalypsis
1070 790 1202 827 vigesimo

358 847 445 883 primo
461 847 480 879 Β,
502 845 548 873 ubi
571 844 682 875 illicitur,
704 841 776 879 quod
805 840 909 869 civitas
930 838 1053 867 babebat
1080 845 1200 865 uturum

357 901 497 929 maymim
513 896 537 920 et
553 891 644 919 altum
667 893 693 918 et
713 892 816 926 portas
838 886 997 915 duodecim.
1022 885 1064 913 Ab
1089 884 1203 913 Oriente

354 944 457 977 portae
479 943 552 971 tres,
582 937 618 965 ab
642 935 783 974 i—‘lquiloue
808 937 911 971 portae
934 937 1006 966 tres,
1033 931 1069 960 ab
1092 933 1202 959 Austro

353 992 456 1024 portae
478 989 550 1018 tres,
573 984 609 1012 ab
631 983 777 1011 Occidente
801 985 905 1018 portae
931 984 996 1008 tres.
1025 979 1101 1008 Siout
1129 978 1202 1006 enim

356 1034 496 1066 videmus,
519 1031 591 1068 quod
614 1033 735 1067 quatuor
764 1032 828 1057 sunt
857 1028 1007 1060 elementa,
1035 1034 1072 1055 ex
1100 1025 1203 1062 quibus

356 1088 435 1109 omne
455 1080 589 1111 mixtum,
612 1080 732 1114 quatuor
754 1075 901 1113 qualitates
916 1074 1128 1110 complectentes
1142 1080 1203 1100 cor-

357 1136 407 1164 pus
430 1128 595 1158 humanum,
618 1128 738 1161 quatuor
761 1126 884 1159 tempora
906 1120 1055 1149 dividentia
1082 1126 1203 1152 annum,

356 1179 382 1203 et
403 1178 523 1211 quatuor
547 1175 638 1209 partes
652 1171 728 1199 orbis
744 1174 849 1203 terrae;
871 1169 909 1197 sie
931 1171 997 1196 sunt
1011 1170 1132 1204 quatuor
1148 1166 1202 1193 vir-

358 1225 429 1249 tutes
459 1219 622 1256 principales
650 1218 707 1246 sive
735 1216 903 1248 cardinales,
925 1214 1029 1251 quibus
1060 1213 1204 1250 perficitur

357 1268 438 1296 homo
460 1266 573 1294 interior
596 1268 622 1293 et
645 1263 788 1292 reducitur
809 1262 841 1290 ad
865 1262 969 1295 Deum,
1000 1260 1104 1289 scilicet
1131 1268 1201 1296 pru-

357 1314 464 1347 dentia,
479 1312 632 1349 sbi-titudo,
645 1309 848 1347 temperantia,
865 1309 990 1342 iustitia,
1006 1316 1058 1336 non
1076 1307 1102 1335 in
1117 1315 1204 1344 quan-

359 1364 415 1388 tum
438 1363 502 1388 sunt
517 1357 781 1387 consuetmlinales5
805 1359 927 1388 tanturn,
950 1354 997 1383 sed
1018 1355 1044 1382 in
1067 1357 1203 1390 quantum

357 1410 422 1436 sunt
442 1406 582 1443 politicae,
606 1404 781 1442 purgatoriae
802 1406 829 1431 et
849 1402 931 1431 animi
955 1403 1007 1430 iam
1025 1400 1143 1438 purgati.
1159 1401 1205 1428 Se-

358 1454 478 1483 cundum
501 1453 572 1481 enim
600 1453 664 1480 isias
685 1450 853 1479 differentias
875 1450 913 1478 sic
935 1449 960 1477 in
984 1448 1124 1485 aliquibus
1149 1455 1203 1475 ma-

358 1502 398 1539 gis
413 1505 438 1529 et
454 1501 545 1529 minus
561 1500 721 1536 perliciunl,
737 1498 773 1526 ila
788 1497 861 1534 quod
877 1496 1016 1533 quaelibet
1036 1495 1205 1531 triplicatum

358 1556 428 1585 quae
450 1547 640 1584 significantur
664 1553 711 1582 per
735 1545 793 1572 illas
814 1547 944 1581 quatuor
962 1546 1067 1579 portas
1088 1540 1206 1569 civitatis

360 1595 522 1632 triplicabis,
545 1597 571 1621 et
593 1601 641 1629 per
658 1592 717 1620 illas
738 1594 859 1628 quatuor
882 1593 974 1627 portas
997 1588 1147 1625 triplicatas
1162 1595 1205 1616 re-

357 1642 468 1670 ducitur
492 1640 609 1669 Ecclesia
629 1639 662 1667 ad
686 1639 781 1668 Deum.

438 1689 485 1716 Per
508 1690 614 1724 portam
638 1686 722 1723 igitur
741 1684 912 1713 orientalem
929 1684 1089 1720 designatur
1105 1681 1206 1719 fulyor

358 1735 548 1773 prudentiae,
571 1738 598 1763 et
620 1735 691 1762 hanc
711 1732 821 1770 aperuit
843 1731 921 1760 nobis
943 1731 999 1759 sive
1014 1729 1133 1758 ostendit
1154 1729 1206 1757 Do-

360 1784 451 1812 minus
466 1783 491 1811 in
515 1791 563 1811 sua
581 1781 722 1810 nativitate
743 1783 770 1808 et
785 1780 812 1808 in
833 1778 1041 1808 conversatione
1063 1785 1112 1805 seu
1128 1784 1206 1813 prae-

359 1830 500 1859 dicatione.
521 1830 558 1857 De
581 1829 631 1857 liae
653 1828 754 1856 dicitur
778 1826 822 1855 lob
844 1825 975 1862 vigesimo
996 1832 1069 1852 nono
1083 1824 1110 1851 4:
1135 1823 1207 1859 Quis

361 1876 432 1905 milti
453 1876 582 1909 tribuat,
605 1880 635 1903 ut
656 1875 711 1903 sim
735 1874 821 1902 ittarta
850 1881 959 1901 menses
978 1871 1137 1909 pristinos,
1165 1879 1207 1898 se-

360 1924 487 1952 cuudum
504 1924 579 1956 (lies,
595 1921 700 1960 qttibus
717 1922 793 1949 Deus
812 1919 990 1948 custodiebat
1011 1918 1074 1946 me?
1089 1917 1207 1955 quaudo

360 1970 522 2007 splendebat
544 1970 665 1998 lucerna
686 1969 750 1997 eius
770 1976 859 2004 super
880 1970 969 2003 eaput
994 1974 1100 1999 meum,
1122 1969 1147 1992 et
1168 1964 1208 1992 att

360 2018 456 2046 ltwuen
467 2018 528 2045 eius
543 2016 734 2045 (liubulabam
749 2016 780 2043 in
794 2014 932 2047 teiieb1·is;
943 2013 1061 2051 quaudo
1072 2011 1209 2048 procede-

361 2064 427 2093 bam
449 2065 488 2093 acl
507 2068 622 2101 portam
643 2062 780 2096 civitatis,
796 2066 820 2089 et
836 2061 867 2089 in
878 2061 977 2098 platea
990 2059 1140 2097 parabant
1160 2066 1209 2087 ea-

362 2111 492 2139 tliedram
508 2110 588 2139 milti.
603 2127 639 2131 —
653 2110 683 2138 Et
698 2113 770 2143 nota,
786 2108 858 2146 quod
875 2108 1031 2144 triplicatur
1047 2108 1126 2143 porta
1141 2105 1208 2138 ista;

364 2158 444 2187 babet
465 2158 537 2186 enim
555 2157 701 2194 prudentia
718 2156 878 2184 memoriam
898 2154 1146 2191 praeteritorum,
1168 2152 1209 2180 in-

363 2205 537 2242 telligentiam
551 2204 752 2241 praesentium
767 2205 794 2231 et
808 2201 1007 2239 providentiam
1022 2199 1208 2237 futurorum,

363 2252 513 2281 seeundum
536 2252 655 2279 Tullium
672 2251 691 2278 ⁵.
715 2251 753 2279 Ab
775 2250 826 2278 ista
840 2252 932 2277 autern
949 2250 1028 2285 porta
1044 2247 1156 2276 deviare
1170 2246 1210 2275 fa-

363 2299 399 2327 cit
414 2298 567 2327 sollicitudo
582 2306 630 2327 seu
651 2297 831 2326 tenebrositas
845 2295 1010 2328 avaritiam
1027 2294 1101 2322 unde
1120 2293 1209 2322 Eccle-

363 2346 473 2374 siastes:
490 2345 585 2374 Labor
600 2345 758 2373 stultorum
772 2343 883 2380 affliget
902 2351 947 2371 eos
962 2342 1014 2380 qui
1033 2341 1164 2369 nesciunt
1178 2340 1210 2368 iu

364 2392 464 2420 urbem
485 2401 618 2429 peryere;
632 2392 774 2425 nesciunt,
791 2391 912 2427 inquam,
934 2389 1000 2426 quia
1020 2387 1210 2425 supercecidit

365 2439 458 2476 tynis,
480 2443 504 2467 et
525 2448 583 2467 uon
603 2439 739 2467 viderunt
761 2437 856 2466 solem.
877 2437 894 2464 E
917 2443 1050 2465 converso
1065 2443 1114 2472 per
1130 2434 1209 2463 istam

365 2489 471 2522 portam
497 2486 645 2514 introducit
673 2485 848 2514 observantia
870 2482 1057 2520 paupertatis
1085 2482 1211 2510 volunta-

365 2533 437 2566 riae;
456 2533 528 2560 unde
552 2533 724 2561 Ecclesiastes
739 2532 765 2560 ὃς
790 2531 899 2560 Civitas
913 2538 1021 2567 parva,
1036 2533 1062 2557 et
1075 2528 1166 2566 pauci
1180 2528 1210 2556 iit

365 2587 399 2607 ea
421 2579 495 2611 viri,-
518 2579 591 2607 oenit
612 2583 714 2607 eontra
736 2587 800 2607 eam
823 2587 874 2606 rex
896 2585 1023 2614 ”taynus
1044 2580 1068 2604 et
1089 2575 1212 2604 vallavit

365 2634 429 2653 eam
445 2629 509 2659 etc.;
525 2626 663 2662 sequitur:
682 2626 873 2662 Intentusque
887 2628 926 2652 est
941 2624 972 2651 in
986 2632 1020 2651 ea
1035 2623 1082 2651 vir
1095 2630 1211 2659 pauper

429 2800 435 2813 ¹
455 2802 536 2823 Psalm.
557 2803 590 2828 lit,
608 2803 629 2823 2.

429 2840 437 2852 ³
456 2841 513 2863 vido
530 2847 598 2868 supra
618 2848 670 2868 pag.
689 2841 743 2867 556,
760 2845 837 2863 notam
861 2842 877 2863 1.

429 2879 438 2890 ⁴
458 2880 521 2901 vei-s.
539 2881 559 2901 2.
578 2881 599 2901 3.
618 2881 639 2901 7.

429 2916 438 2928 ⁵
456 2917 516 2939 Libr.
535 2919 556 2939 ll.
574 2919 603 2940 de
622 2919 752 2940 {mentione
774 2919 898 2945 rhetorica,
920 2925 939 2941 c.
963 2919 999 2941 53.
1025 2931 1055 2934 —-
1078 2919 1210 2946 Sequuntur

368 2956 440 2978 Eccle.
463 2957 495 2984 10,
518 2957 549 2978 15.
568 2960 588 2978 et
608 2958 641 2978 vs,
659 2957 695 2984 57,
714 2958 734 2978 8.

997 2801 1006 2814 2
1025 2802 1090 2823 Vers.
1112 2801 1145 2822 12.
1162 2806 1210 2828 seq.

1026 156 1198 185 SERMONES
1220 156 1262 183 DE
1284 155 1424 183 SANCTlS.

1257 237 1281 260 et
1301 232 1420 268 sapiens
1439 234 1464 259 et
1479 230 1613 259 liberavit
1627 230 1726 259 urbem
1746 240 1800 268 per
1813 230 1990 267 sapientia-m
2004 238 2100 258 suam.

1256 295 1295 299 —
1318 278 1428 306 Civitas
1449 277 1500 306 ista
1514 280 1556 306 est
1577 277 1705 311 Ecclesia,
1720 285 1792 314 quae
1812 280 1853 306 est
1865 285 1964 314 parva
1986 284 2035 313 per
2050 276 2102 305 hu-

1258 324 1415 358 militatem3
1435 324 1528 361 pauci
1548 324 1579 352 in
1600 332 1634 352 ea
1654 324 1723 357 viri,
1738 324 1804 361 quia
1820 324 1881 353 licet
1898 323 1985 352 multi
1997 323 2101 357 vocati,

1255 370 1348 407 pauci
1368 373 1459 399 tamen
1480 370 1566 398 electi.
1584 371 1643 399 Rex
1656 379 1799 407 maynus,
1816 370 1840 398 id
1856 373 1897 399 est
1911 370 1988 398 dives
2002 377 2103 398 avarus

1257 417 1300 445 vel
1320 416 1459 450 diabolus,
1481 416 1603 445 vallavit
1623 425 1696 445 eam.
1719 417 1857 445 Inventus
1882 420 1922 445 est
1949 416 1980 444 iu
2001 424 2036 444 ea
2055 416 2102 444 vir

1254 472 1382 500 pauper,
1397 463 1422 491 id
1438 466 1480 492 est
1499 463 1626 492 Christus
1647 472 1698 500 pro
1720 463 1798 492 nobis
1820 471 1924 500 pauper
1945 463 2059 492 effectus
2076 465 2103 491 et

1257 509 1418 546 praedicans
1434 512 1641 546 paupertatem3
1656 513 1681 537 et
1700 509 1834 538 liberavit
1848 517 1908 538 eain
1920 518 1974 546 per
1988 509 2104 546 sapien-

1258 556 1340 589 tiam,
1352 559 1379 585 et
1395 556 1469 584 misit
1484 556 1676 592 pauperrimos
1687 556 1828 592 Apostolos
1842 556 1875 584 ad
1891 556 1951 584 eius
1967 555 2103 584 liberatio-

1258 610 1335 636 nein;
1358 605 1385 631 et
1407 603 1474 631 haec
1489 606 1530 631 est
1551 603 1594 631 via
1616 602 1792 631 securissima
1812 606 1839 631 et
1857 602 2017 636 rectissima,
2033 610 2104 639 quae

1257 649 1334 677 ducit
1349 649 1375 677 in
1391 649 1546 683 civitaten1;
1563 649 1636 678 unde
1651 649 1677 677 in
1690 650 1841 678 Matthaeo:
1856 649 1947 682 Beati,
1957 657 2104 686 pauperes

1257 696 1380 732 spiritu,
1403 696 1545 734 quoniam
1566 695 1700 732 ipsorzmz.
1720 699 1760 724 est
1782 704 1905 733 reynum
1926 695 2083 724 caelorum.

1338 743 1387 772 Per
1410 746 1516 779 portam
1533 742 1736 781 aquilonarem
1752 742 1912 779 designatur
1933 742 2017 779 viyor
2037 750 2104 771 eou-

1258 789 1395 823 stantiae,
1411 790 1476 826 quia
1491 789 1527 817 ab
1542 789 1682 827 Aquilone
1695 790 1843 826 pandetur
1857 797 1938 817 omne
1953 789 2065 817 malum
2077 789 2103 823 ⁷3

1258 839 1286 864 et
1307 836 1378 864 hanc
1399 836 1527 864 Christus
1548 836 1574 864 in
1597 844 1648 864 sua
1665 836 1791 872 passione
1805 836 1923 872 aperuit.
1941 835 2104 873 Oportebat,

1257 883 1323 919 pati
1345 882 1493 911 Christum
1520 886 1545 911 et
1573 883 1616 911 ita
1644 883 1759 911 intrare
1787 882 1818 911 in
1844 882 1972 920 gloriam
1999 890 2087 910 suam
2095 892 2105 915 ,-

1260 929 1333 958 unde
1354 930 1529 966 Apocalypsis
1551 929 1682 966 vigesimo
1704 929 1841 958 secundo:
1865 930 1963 963 Beati,
1985 929 2037 967 qui
2064 929 2106 957 la-

1259 980 1330 1005 vam
1350 976 1440 1005 stolas
1460 985 1533 1005 suas
1555 976 1586 1005 ‘m
1607 976 1752 1013 sauguine
1769 976 1861 1013 Ayni,
1885 979 1915 1004 ut
1928 976 1967 1004 sit
1978 979 2107 1012 potestas

1259 1032 1361 1052 eorum
1383 1024 1414 1051 in
1435 1023 1513 1060 liquo
1535 1023 1624 1057 vitae,
1647 1028 1671 1051 et
1689 1031 1743 1060 per
1762 1026 1866 1060 portas
1886 1023 1995 1051 intrent
2015 1022 2046 1050 iit
2068 1022 2106 1050 ei-

1259 1070 1388 1103 vitatem,
1410 1070 1435 1098 id
1465 1074 1515 1104 est,
1537 1078 1586 1107 per
1608 1070 1788 1099 constantiam
1813 1070 1838 1098 in
1860 1069 1983 1098 adversis
2005 1069 2108 1098 intrent

1261 1117 1286 1145 in
1303 1117 1449 1146 civitatem.
1463 1134 1499 1137 —
1513 1117 1543 1145 Et
1558 1117 1713 1153 triplicatur
1729 1117 1779 1145 ista
1795 1120 1882 1153 porta,
1896 1117 1961 1153 quia
1975 1115 2107 1145 fortitudo

1260 1165 1317 1193 sive
1339 1164 1491 1193 constantia
1519 1164 1622 1193 habere
1650 1163 1751 1192 dicitur
1780 1163 2053 1201 mayuam'mitatem
2079 1163 2107 1191 in

1260 1211 1460 1248 aggrediendo,
1485 1210 1654 1239 virilitatem
1683 1211 1709 1239 in
1739 1210 1947 1247 prosequendo,
1976 1209 2108 1247 toiiyam'-

1260 1258 1388 1286 mitatem
1411 1258 1437 1286 in
1461 1258 1671 1294 perseverando.
1699 1258 1749 1286 Per
1777 1257 1855 1286 istam
1878 1261 1970 1286 autem
2000 1260 2108 1294 portam

1262 1313 1314 1333 non
1338 1305 1458 1333 intratur
1480 1304 1531 1333 nisi
1553 1312 1603 1341 per
1618 1304 1810 1332 strenuitatem
1833 1303 1954 1332 militiae.
1973 1303 2032 1332 ideo
2047 1303 2108 1331 Vir-

1261 1352 1338 1388 gines
1360 1351 1430 1379 vitae
1456 1351 1619 1379 iuvenculae
1633 1350 1645 1367 ⁸
1667 1351 1773 1379 virilem
1796 1350 1919 1379 animum
1942 1349 2108 1383 induerunt,

1262 1402 1293 1427 ut
1308 1398 1386 1426 istam
1405 1402 1511 1435 portam
1528 1398 1709 1434 infringerent
1724 1401 1750 1426 et
1765 1397 1916 1431 intrarent;
1939 1401 2026 1425 areta
2044 1404 2110 1433 ergo

1262 1446 1312 1474 via
1333 1450 1391 1480 est,
1413 1454 1488 1484 quae
1510 1446 1589 1474 ducit
1611 1445 1651 1473 ad
1678 1445 1778 1473 vitarit.
1801 1445 1936 1481 Quantam
1958 1452 2025 1481 ergo
2046 1451 2111 1472 con-

1262 1493 1397 1521 fusionem
1420 1493 1598 1521 sustinebunt
1628 1492 1655 1520 in
1686 1492 1730 1520 die
1761 1491 1852 1520 iudicii
1876 1499 1954 1520 senes
1985 1490 2110 1524 barbati,

1263 1541 1346 1568 immo
1368 1539 1534 1578 effeminati,
1558 1540 1635 1568 vacui
1658 1539 1693 1567 ab
1714 1539 1842 1567 omnibus
1864 1538 1995 1575 operibus
2016 1537 2109 1571 bonis;

1263 1587 1373 1624 quando
1396 1588 1431 1616 ibi
1447 1586 1592 1624 apparebit
1613 1587 1691 1615 beata
1706 1587 1793 1623 Agnes
1814 1585 1958 1614 duodecim
1974 1592 2111 1613 annorum

1262 1634 1351 1670 gladio
1373 1637 1487 1671 gutture
1510 1633 1654 1666 transfixa,
1676 1632 1791 1661 Caecilia
1812 1631 1979 1668 decapitata,
2009 1631 2112 1668 Agatha

1264 1681 1384 1709 mamilla
1407 1683 1493 1714 torta,
1515 1680 1596 1709 etsie
1616 1680 1650 1708 de
1672 1679 1775 1713 multis,
1791 1687 1862 1715 quae
1877 1678 1995 1706 multum
2011 1677 2111 1706 debent

1263 1736 1312 1755 nos
1333 1727 1366 1755 ad
1389 1727 1547 1763 passionum
1571 1726 1743 1754 tolerantiam
1765 1726 1896 1754 animare.

1342 1775 1392 1802 Per
1414 1777 1520 1810 portam
1547 1772 1708 1801 australem
1736 1772 1897 1809 designatur
1925 1771 2005 1800 nobis
2032 1770 2111 1799 nitor

1262 1821 1444 1854 munditiae,-
1465 1824 1492 1849 et
1508 1821 1578 1849 hanc
1592 1823 1699 1856 portam
1715 1819 1825 1856 aperuit
1838 1818 1966 1847 Christus
1980 1822 2007 1847 et
2020 1821 2111 1846 osten-

1263 1868 1303 1897 dit
1324 1868 1403 1897 nobis
1424 1868 1451 1896 in
1477 1876 1527 1896 sua
1554 1867 1728 1901 ascensione;
1757 1866 1907 1895 Ezechielis
1934 1865 2111 1903 quadragesi-

1264 1924 1309 1943 mo
1324 1915 1350 1943 ⁰:
1374 1916 1467 1943 Facta
1488 1919 1527 1943 est
1548 1923 1638 1951 super
1659 1922 1703 1942 me
1732 1922 1839 1942 luanus
1863 1913 1980 1941 Domini
2007 1916 2031 1941 et
2059 1912 2112 1940 ad-

1265 1963 1350 1991 duxit
1371 1971 1415 1991 me
1437 1962 1513 1990 illue.
1538 1962 1572 1990 In
1592 1961 1754 1990 visionibus
1777 1961 1829 1989 Dei
1858 1960 1985 1989 adduxit
2009 1968 2053 1988 me
2081 1959 2112 1987 iii

1266 2015 1377 2039 terram
1402 2009 1495 2038 lsrael
1525 2013 1550 2037 et
1581 2008 1691 2037 (limisit
1723 2016 1767 2036 me
1797 2016 1886 2045 super
1913 2011 2035 2036 montem
2065 2015 2112 2035 ex-

1266 2058 1370 2086 celsum
1396 2057 1500 2090 nimiis,
1522 2065 1611 2093 super
1632 2064 1716 2094 quem
1744 2059 1808 2084 erat
1829 2055 1917 2093 quasi
1944 2054 2112 2091 aedificium

1266 2105 1393 2133 civitatis
1414 2104 1557 2141 veryentis
1578 2103 1618 2131 ad
1640 2105 1803 2136 Austrum,
1825 2106 1850 2130 et
1878 2101 2042 2130 introduxit
2069 2109 2113 2129 me

1268 2152 1344 2180 illue.
1368 2152 1420 2179 Ista
1441 2151 1513 2179 enim
1536 2153 1616 2187 porta
1636 2150 1818 2187 temperantia
1839 2157 1889 2178 seu
1917 2148 2051 2177 munditia
2072 2150 2114 2177 est

1267 2198 1378 2235 proprie
1399 2198 1426 2226 in
1449 2198 1536 2226 Deum
1557 2197 1694 2233 dirigens;
1716 2196 1789 2225 unde
1810 2196 1837 2224 in
1853 2196 2002 2224 Matthaeo:
2021 2194 2112 2228 Beati,

1266 2245 1376 2273 mii-udo
1398 2245 1492 2278 eorde,
1515 2244 1656 2282 quoniam
1678 2244 1735 2281 ipsi
1758 2243 1845 2272 Deum
1869 2242 2013 2271 videbunt.
2029 2258 2067 2262 —
2082 2241 2113 2270 Et

1268 2293 1334 2321 haec
1356 2294 1434 2329 porta
1455 2292 1620 2328 triplicatur.
1643 2291 1803 2328 Requiritur
1831 2293 1923 2319 autem
1949 2289 1981 2318 ad
2004 2288 2113 2318 mundi-

1268 2340 1332 2368 tiam
1355 2339 1412 2367 sive
1434 2338 1642 2375 temperantiam
1665 2337 1806 2366 sobrietas
1827 2337 1853 2365 in
1876 2339 1976 2373 gustu,
1992 2335 2113 2364 castitas

1268 2387 1294 2414 in
1316 2389 1407 2420 tactu,
1430 2384 1564 2413 honestas
1586 2385 1612 2413 in
1634 2384 1771 2413 convictu.
1792 2384 1822 2412 Et
1845 2391 1892 2419 per
1913 2383 1983 2411 hanc
2006 2385 2113 2419 portam

1267 2433 1422 2470 specialiter
1453 2432 1554 2460 debent
1585 2431 1711 2460 incedere
1743 2430 1793 2459 viri
1825 2429 2016 2463 ecclesiastici,
2049 2428 2114 2466 quia

1267 2480 1367 2509 omma
1398 2487 1482 2516 opera
1513 2487 1563 2507 sua
1594 2477 1706 2506 honeste.
1737 2481 1761 2505 et
1792 2476 1951 2505 secuudum
1983 2475 2113 2504 ordinem

1267 2528 1367 2556 debent
1388 2527 1487 2560 facere,
1509 2526 1574 2563 quia
1595 2525 1696 2554 debent
1717 2532 1776 2553 esse
1797 2524 1869 2553 sicut
1891 2523 2055 2552 luminaria
2071 2522 2114 2550 lu-

1268 2574 1361 2603 centia
1394 2574 1424 2601 iu
1455 2573 1603 2601 iizuiitlom
1631 2576 1657 2601 et
1687 2572 1754 2600 alios
1782 2571 1953 2604 illuminare;
1986 2569 2112 2598 Matthaei

1268 2621 1380 2658 quinto:
1408 2619 1471 2648 Non
1503 2620 1574 2648 enim
1605 2622 1696 2656 potest
1724 2618 1827 2646 civitas
1859 2616 2000 2645 abscondi
2025 2623 2113 2653 super

1330 2798 1340 2811 θ
1356 2798 1412 2826 Cap.
1431 2798 1452 2824 9,
1475 2797 1508 2819 14.
1525 2803 1587 2825 seq.;
1604 2799 1733 2825 sequuntur
1750 2795 1826 2817 Metili.
1845 2795 1882 2821 20,
1901 2794 1938 2815 16.
1955 2796 1976 2815 et
1994 2799 2014 2815 c.
2031 2793 2053 2819 5,
2071 2793 2092 2815 3.

1331 2836 1339 2850 ⁷
1358 2839 1399 2859 ler.
1420 2838 1439 2864 l,
1460 2836 1498 2863 14;
1517 2839 1645 2865 sequuntur
1662 2836 1716 2857 Luc.
1735 2834 1771 2862 24,
1790 2834 1825 2855 26.
1844 2836 1865 2855 et
1882 2833 1952 2861 Apoc.
1971 2833 2008 2859 22,
2027 2832 2063 2854 lt.

1330 2875 1339 2889 Β
1358 2875 1484 2899 luvenouln
1498 2876 1534 2897 liic
1546 2875 1644 2898 sumitur
1656 2874 1774 2896 adiective.
1787 2886 1817 2889 —
1830 2872 1937 2901 Sequitur
1949 2872 2025 2893 Matm.
2041 2871 2063 2898 7,
2080 2870 2114 2892 14,

1330 2915 1339 2928 ⁰
1358 2916 1422 2938 Vers.
1442 2917 1462 2937 ’1.
1479 2921 1555 2943 seqq.;
1573 2917 1702 2943 sequuntur
1720 2914 1795 2935 Mattli.
1814 2913 1835 2938 5,
1854 2912 1875 2933 8.
1887 2914 1909 2934 et
1927 2912 1940 2933 Ι.
1956 2910 2008 2933 Cor.
2027 2910 2063 2938 14,
2077 2909 2113 2931 40.

1332 2955 1350 2968 ¹⁰
1369 2956 1423 2977 Phil.
1442 2956 1463 2981 2,
1486 2955 1521 2982 15;
1539 2954 1644 2982 sequitur
1662 2954 1737 2975 llattli.
1755 2952 1775 2980 ὃ,
1798 2951 1831 2974 14.
1849 2958 1896 2980 seq.

2118 736 2243 812 cauas}

2128 1122 2164 1141 ista
2176 1121 2231 1146 tripli-

2153 1147 2210 1165 catur.

2129 1309 2155 1328 De
2168 1309 2196 1328 Su.
2209 1309 2236 1329 Ἧι

2124 1333 2196 1356 ginibus
2204 1333 2237 1352 Mai

2150 1356 2224 1380 tyrihns.

2132 1807 2175 1821 mun
2190 1802 2237 1822 iliae.

2135 2249 2170 2267 ista
2182 2247 2239 2271 tripli·

2158 2273 2216 2291 catur.
