2243 3348
35 1539 77 1559 ran
89 1539 120 1557 lv.

14 1562 98 1583 Remedia
112 1562 122 1580 7

6 1587 99 1607 {alvum-is.

705 164 864 193 DOMINICA
886 164 914 191 Il.
938 163 1119 192 ADVENTUS.
1143 163 1253 191 SERMO
1275 164 1305 191 V.
1840 167 1871 194 511

135 248 324 278 immunditiae
345 244 562 282 turpitudinem,
584 242 672 271 surdi
691 250 740 279 per
765 241 977 277 malignitatem,

135 294 247 324 mortui
266 301 315 331 per
346 292 451 329 gratiae
481 290 647 323 absentiam,
667 296 814 325 pauperes
835 295 884 324 per
906 286 978 315 defe-

136 345 211 371 ctum
232 340 412 372 meritorum,
434 336 562 375 infelices
583 343 633 373 per
656 334 861 363 multitudinem
878 341 979 370 poena-

136 388 255 416 litatum.
277 402 315 407 -—
341 386 381 414 Ex
396 385 497 413 harum
520 383 629 411 taudem
651 380 868 410 consideratione
888 387 979 408 assur-

135 442 200 472 gere
231 434 364 462 debemus
394 432 428 460 ad
459 429 662 467 implorandum
695 428 844 457 adventum
873 426 977 463 gratiae

135 482 194 510 Iesu
216 480 327 508 Christi.
343 496 381 499 —
395 477 525 506 clarescit
539 477 621 505 etiam
643 475 722 504 nobis
743 483 779 503 ex
800 474 844 502 his
865 476 979 510 septem,

135 530 239 565 quanta
253 526 337 555 fuerit
352 524 500 554 necessitas
514 532 530 552 a
541 526 620 560 parte
634 525 738 555 nostra,
750 525 782 550 ut
793 521 877 549 Filius
891 520 938 548 Dei
951 520 978 548 in

136 574 210 602 huno
227 572 361 601 mundum
384 571 498 600 veniret.
516 586 552 590 —
567 569 698 598 Clarescit
713 568 795 597 etiam
814 575 850 596 ex
866 567 909 595 his
923 574 979 594 mo-

135 620 187 648 dus
207 618 368 647 adveniendi
391 617 478 654 ipsius
499 619 526 645 et
540 616 672 652 dignitas,
689 617 802 651 propter
817 621 888 650 quae
903 620 980 641 sacer

135 670 162 695 et
183 665 370 695 sanctificatus
390 671 557 701 praecursor
573 663 686 691 Ioannes
700 669 754 689 non
769 660 908 689 immerito
922 659 980 688 suis

134 712 276 748 discipulis
297 714 402 747 septem
425 712 597 739 sacramenta
618 708 740 745 praefata
771 707 813 735 sui
844 706 980 735 adventus

136 767 184 796 per
206 758 349 796 propriam
372 760 399 786 et
413 757 557 794 specialem
574 755 761 793 quaestionem
778 754 811 782 ad
833 753 979 781 Dominum

137 809 164 835 et
185 805 352 834 ordinariam
374 804 539 833 solutionem
573 802 690 832 reserari
724 801 848 834 volebat,
870 800 979 828 dicens:

141 853 184 881 Tu
206 860 244 886 es,
265 852 317 889 qui
337 855 479 879 venturus
500 858 545 883 es,
567 858 608 877 aii
633 849 726 877 alium
758 845 980 884 exspectamus?

135 902 161 929 et
182 899 312 928 audiens:
337 897 422 927 Caeci
442 897 553 929 vident,
569 895 670 924 claudi
690 894 859 927 ambulant,
875 893 982 930 leprosi

134 946 336 978 mundantur,
367 944 456 972 surdi
486 943 631 976 audiunt,
664 941 775 970 mortui
802 943 980 977 resumunt,

132 1000 280 1030 pauperes
299 990 561 1028 evanyelizautur,
583 993 608 1017 et
629 989 746 1021 beatus,
762 988 814 1026 qui
835 996 894 1015 nou
917 985 981 1023 fue-

133 1040 175 1068 rit
193 1039 420 1067 scandalizatus
435 1038 467 1065 iii
482 1045 532 1065 mc.
555 1036 625 1073 QuIa
646 1036 719 1064 enim
740 1035 868 1063 Christus
884 1033 958 1062 venit
970 1034 978 1049 ¹

134 1086 168 1115 ad
183 1089 287 1122 septem
302 1084 475 1113 incommoda
497 1083 644 1112 relevanda
662 1082 828 1119 praemissa,
850 1084 881 1109 ut
903 1080 982 1109 novis

135 1132 263 1162 remediis
284 1134 311 1160 et
332 1131 478 1160 contrariis
506 1130 668 1167 opponendo
695 1129 818 1166 perIcula
850 1128 979 1165 pelleret;

135 1180 195 1209 ideo
206 1178 349 1216 respondit
362 1181 476 1215 septem,
492 1180 524 1206 ut
539 1177 621 1206 simul
636 1178 774 1205 assereret
794 1178 821 1204 et
837 1175 981 1212 probaret,

136 1235 164 1256 se
185 1226 292 1255 venisse
313 1225 465 1254 secuudum
488 1224 674 1261 septiformem
696 1223 886 1251 necessitatem
903 1229 982 1258 prae-

136 1274 255 1307 missam,
277 1272 355 1310 quasi
383 1272 535 1301 secundum
562 1270 750 1308 septiformem
782 1270 981 1307 proprietatem

136 1323 239 1358 septem
261 1320 359 1348 diebus
379 1319 542 1348 conditionis
563 1318 711 1355 primariae
732 1317 896 1345 mirabiliter
918 1324 982 1345 con-

137 1369 287 1397 sonantem.
304 1384 343 1387 —-
363 1366 488 1395 Ostendit
509 1365 590 1394 etiam
613 1365 646 1393 de
662 1365 704 1393 his
720 1367 840 1401 septem,
856 1371 927 1400 quae
942 1371 983 1392 re-

136 1414 259 1452 spondit,
281 1413 468 1450 septiformem
490 1412 637 1440 utilitatem
663 1411 817 1440 evidentem
837 1411 878 1439 sui
901 1410 983 1438 mise-

137 1461 253 1490 ricordis
267 1460 410 1489 adventus.

210 1507 250 1535 IV.
260 1507 339 1535 Venit
346 1514 412 1543 ergo
421 1506 573 1535 secundum
581 1505 733 1542 praemissa
741 1508 772 1533 ut
781 1505 831 1533 lum
843 1505 984 1542 iyiiorau-

137 1555 211 1584 tium
232 1562 281 1591 per
306 1554 471 1582 documenta
492 1553 634 1587 veritatis;
657 1552 763 1581 Ioannis
783 1552 982 1580 duodecimo2:

137 1603 197 1639 Eyo
209 1601 260 1630 lua:
271 1601 303 1629 iu
317 1600 462 1629 mundum
473 1600 547 1634 veni,
559 1603 593 1628 ut
603 1600 707 1633 omnis,
722 1599 775 1637 qui
785 1599 876 1627 credit
886 1599 917 1627 iii
928 1607 982 1633 me,

136 1648 167 1676 iu
198 1647 321 1676 tenebris
353 1655 411 1675 uon
432 1650 567 1679 maman
590 1646 672 1675 Isaiae
700 1646 841 1683 trigesimo
869 1646 982 1682 quinto:

143 1695 223 1723 Tunc
238 1694 409 1731 aperientur
424 1693 501 1721 oculi
515 1701 678 1721 caecorum.
694 1709 733 1713 -—
747 1693 780 1721 Ut
791 1693 888 1720 virtus
903 1692 984 1729 iufir-

136 1749 253 1770 morum
272 1748 320 1778 per
335 1740 465 1776 exempla
482 1740 607 1773 virtutis;
630 1740 712 1768 Isaiae
733 1739 944 1776 quadragesimo
956 1739 982 1767 ³:

139 1789 217 1822 Ecce,
231 1787 372 1815 Dominus
384 1787 415 1815 iu
425 1786 600 1824 fortitudine
610 1786 709 1820 veniet,
722 1789 747 1814 et
758 1785 913 1814 brachium
921 1785 984 1814 eius

136 1834 339 1864 dominabitur
350 1844 360 1867 ;
374 1836 401 1862 et
416 1834 499 1862 Isaiae
513 1833 655 1870 trigesimo
670 1833 782 1870 quinto:
805 1833 885 1861 Tunc
899 1832 985 1861 saliet

136 1882 212 1910 sicut
226 1889 328 1910 cervus
349 1880 482 1909 claudus.
500 1896 536 1900 —-
552 1880 585 1908 Ut
603 1880 745 1908 sauctitas
760 1880 983 1908 immumlorum

137 1937 186 1966 per
207 1929 382 1957 Sacramenta
398 1927 507 1961 salutis;
530 1927 637 1955 Ioannis
647 1927 772 1963 primo4:
787 1928 866 1960 Ecce,
880 1929 900 1954 A
906 1934 984 1964 quus

140 1976 203 2010 Dei,
218 1983 293 2009 ecce,
305 1975 357 2013 qui
372 1974 442 2003 tollit
451 1978 603 2011 peceatum
615 1974 727 2002 muudi.
746 1974 800 2002 Hic
814 1978 864 2007 est,
880 1974 914 2002 cle
928 1982 984 2011 quo

137 2023 217 2051 dixi:
240 2023 311 2050 Post
330 2030 374 2050 me
395 2021 471 2049 venit
491 2021 556 2055 vir,
579 2021 631 2059 qui
651 2024 718 2049 aute
737 2029 782 2049 me
802 2020 902 2058 factus
923 2024 982 2054 est,-

138 2069 230 2107 quarti
261 2070 362 2105 Regum
393 2068 505 2105 quinto:
534 2068 611 2096 Vade
639 2071 664 2096 et
694 2068 796 2096 lavare
823 2068 925 2105 septies
953 2068 984 2096 iu

138 2117 275 2145 Iordauo.
291 2133 330 2136 —
343 2116 377 2144 Ut
398 2115 547 2152 legislator
568 2115 793 2143 inobedientium
809 2123 858 2152 per
874 2123 984 2152 praeoe-

138 2166 185 2200 pta
205 2163 352 2196 claritatis;
376 2162 458 2191 Isaiae
480 2162 622 2199 trigesimo
643 2162 761 2190 terti05:
784 2162 926 2191 Domitius
948 2162 984 2190 le-

137 2209 215 2248 gifer
246 2213 360 2243 uester,
392 2210 453 2246 ipse
484 2208 610 2237 salvabit
640 2217 710 2242 uos;
739 2209 822 2237 Isaiae
844 2209 985 2245 trigesimo

138 2257 250 2294 quinto:
274 2257 370 2285 Aures
390 2256 553 2285 surdorum
568 2255 714 2292 patebunt.
732 2272 769 2276 —
783 2256 817 2284 Ut
831 2256 892 2284 vita
906 2264 984 2284 mor-

139 2308 259 2333 tuorum
280 2311 330 2340 per
351 2303 518 2332 charismata
549 2303 668 2339 Spiritus
690 2303 792 2337 sancti;
815 2303 922 2331 Ioannis
942 2303 985 2331 de-

139 2350 249 2379 cimo⁶z
274 2351 332 2387 Eyo
353 2350 427 2383 veui,
450 2353 482 2378 ut
502 2350 593 2378 vitam.
620 2348 744 2378 habeam
774 2353 801 2377 et
830 2350 985 2378 abuudan-

140 2397 198 2426 tius
219 2396 361 2430 babeaut;
392 2396 425 2425 ad
453 2397 589 2425 Romanos
620 2399 734 2433 quarto:
768 2396 827 2432 Qui
855 2396 985 2433 vivificat

139 2447 270 2472 mortuos
291 2447 317 2472 et
337 2446 421 2471 vocat
452 2451 485 2471 ea
507 2451 581 2480 quae
611 2451 669 2471 iiou
694 2446 763 2471 suut
789 2447 931 2481 tauquam
952 2451 986 2471 ea

140 2499 214 2529 quae
234 2493 310 2519 suut.
325 2507 365 2510 -—
379 2490 412 2518 Ut
427 2490 511 2527 copia
523 2498 693 2527 pauperum
708 2498 757 2527 per
772 2491 885 2519 consilia
900 2491 986 2518 Evan—

1034 240 1096 276 gelii
1118 240 1311 276 provehentis;
1334 240 1430 276 Aggaei
1460 240 1615 269 secund0⁷:
1640 242 1674 269 Et
1694 243 1783 270 veniet
1804 243 1876 270 desi-

1034 286 1155 314 deratus
1177 286 1289 314 cunctis
1307 286 1454 323 gentibus,
1470 290 1496 315 et
1509 286 1629 323 implebo
1650 288 1769 316 domum
1790 289 1877 317 istam

1033 332 1149 369 9loria,·
1171 332 1254 361 Isaiae
1275 333 1407 369 vigesimo
1428 341 1514 361 nono:
1538 334 1688 371 Pauperes
1703 333 1830 363 homiues
1845 336 1876 363 iii

1035 382 1135 406 sancto
1158 379 1250 407 lsrael
1270 379 1463 407 exsultabunt.
1486 395 1525 398 —
1546 380 1579 408 Ut
1599 380 1744 408 beatitudo
1758 381 1878 409 miscro-

1035 433 1105 453 rum
1127 433 1176 461 per
1198 426 1320 461 praemia
1340 426 1458 462 paradisi
1479 427 1672 463 glorificantis;
1696 428 1822 456 Matthaei
1838 429 1878 456 vi-

1036 472 1140 508 gesimo
1161 472 1293 508 quintoss:
1317 473 1401 506 Ecce,
1423 481 1548 509 sponsus
1569 474 1653 507 venit,
1669 474 1741 502 emite
1762 474 1876 503 obviam

1036 519 1062 546 ei
1069 528 1078 551 ,·
1100 519 1189 546 Lucae
1210 518 1341 555 vigesimo
1356 520 1490 548 secundo:
1512 520 1565 548 Vos
1578 520 1655 554 estis,
1677 521 1729 558 qui
1742 529 1878 557 perman-

1013 565 1116 594 csistis
1129 573 1242 593 mecum
1264 565 1295 593 in
1316 566 1521 594 tentationibus
1541 567 1620 595 meis.
1638 568 1672 596 Et
1686 576 1736 604 eqo
1757 568 1878 604 dispono

1035 611 1125 645 vobis,
1140 611 1218 640 sicut
1238 612 1382 648 disposuit
1395 612 1468 641 milti
1483 614 1572 642 Pater
1586 623 1676 648 meus,
1692 623 1825 651 requam,
1847 619 1880 642 ut

1035 657 1128 686 edatis
1149 661 1175 686 et
1195 658 1298 686 bibatis
1312 667 1400 695 super
1415 668 1545 688 mensam
1559 669 1653 689 meam
1669 662 1699 689 iu
1714 670 1802 698 reyno
1818 670 1878 690 meo

1036 709 1061 733 et
1081 705 1204 733 sedeatis
1224 713 1314 741 super
1335 704 1453 734 tltrouos
1474 707 1636 735 iudicantes
1658 708 1805 736 duodecim
1827 709 1879 737 tri-

1037 752 1090 780 bus
1112 752 1213 780 Israel.

1116 799 1350 835 Recognosceutes
1371 807 1450 836 ergo,
1467 800 1591 834 Fratres,
1608 808 1693 837 supra
1707 802 1779 830 dicta
1800 803 1878 831 bene-

1036 845 1098 874 ficia
1118 845 1253 873 adventus
1274 845 1331 873 Filii
1354 845 1411 878 Dei,
1435 846 1477 874 his
1499 847 1600 875 sanctis
1620 847 1717 876 diebus
1748 856 1876 877 recurra-

1038 900 1100 920 mus
1120 891 1152 920 ad
1175 899 1238 920 eum
1260 892 1332 920 sicut
1353 892 1385 920 ad
1408 892 1508 921 fontem
1525 893 1614 926 lucis,
1630 894 1732 922 fontem
1747 895 1878 929 virtutis,

1036 939 1138 967 fontem
1161 939 1343 972 sanctitatis,
1366 939 1467 968 fontem
1490 940 1573 977 leyis,
1597 940 1696 969 sontem
1729 942 1880 970 immorta-

1039 986 1143 1019 litatis,
1166 986 1268 1014 fontem
1289 985 1462 1022 opulentiae,
1484 987 1585 1015 fontem
1608 986 1774 1024 felicitatis;
1796 991 1827 1016 ut
1842 989 1880 1017 sic

1038 1032 1188 1061 liberemur
1210 1039 1225 1059 a
1247 1035 1350 1068 septem
1374 1031 1525 1060 defectibus
1540 1033 1697 1069 praemiSsis
1712 1034 1821 1062 uostris.

1377 1118 1467 1147 SEumo
1490 1119 1510 1146 V
1523 1119 1542 1146 ⁹.

1109 1200 1182 1229 Rem,
1204 1208 1284 1225 sermo
1303 1200 1391 1225 fratris
1409 1201 1599 1226 Bonaventurae
1618 1202 1698 1226 editus
1717 1202 1828 1227 Parisius
1847 1210 1884 1228 ea-

1038 1244 1093 1269 dem
1113 1244 1241 1269 Domiuica
1261 1244 1367 1268 secunda
1381 1244 1409 1268 de
1422 1244 1551 1273 Adventu,
1565 1252 1646 1269 coram
1661 1245 1792 1270 Fratribus
1805 1247 1883 1271 omni-

1039 1288 1085 1312 bus
1105 1288 1130 1312 in
1150 1286 1266 1318 Capitulo
1286 1287 1315 1312 de
1333 1295 1413 1312 mane.

1119 1361 1184 1389 Erit
1205 1361 1296 1389 radim
1318 1361 1405 1395 Iesse,
1428 1364 1453 1389 et
1472 1362 1524 1399 qui
1543 1365 1679 1399 exsuryet
1700 1371 1797 1399 repere
1815 1372 1883 1400 yen-

1040 1413 1089 1442 tes,
1111 1408 1142 1437 iu
1163 1417 1228 1436 eum
1248 1411 1346 1445 pentes
1365 1408 1539 1445 sperabunt,
1562 1408 1595 1436 ad
1625 1409 1757 1437 Romanos
1778 1409 1883 1438 decimo

1039 1456 1136 1493 quisito
1149 1456 1179 1483 ¹⁰.

1120 1502 1252 1531 Dominus
1275 1502 1363 1536 Iesus,
1386 1502 1433 1539 qui
1455 1502 1542 1531 exivit
1570 1511 1618 1539 per
1640 1506 1780 1531 aeternam
1800 1512 1882 1541 gene-

1040 1549 1174 1577 rationem
1197 1557 1213 1577 a
1235 1549 1313 1577 Patre
1334 1552 1361 1577 et
1382 1549 1457 1577 venit
1479 1549 1504 1577 in
1522 1549 1655 1577 mundum
1672 1557 1720 1586 per
1736 1551 1826 1579 carnis
1841 1559 1883 1579 as-

1040 1596 1221 1629 sumtionem,
1244 1596 1302 1632 ipse
1324 1596 1350 1624 in
1372 1599 1508 1633 quantum
1530 1596 1581 1624 lua·
1613 1597 1734 1625 omnium
1763 1597 1884 1625 scientia-

1040 1651 1103 1671 rum
1137 1646 1163 1672 et
1196 1643 1331 1672 luminum
1361 1651 1410 1671 nos
1442 1643 1590 1677 illuminet,
1612 1644 1638 1671 in
1661 1646 1795 1680 quantum
1816 1644 1883 1681 sous

1040 1691 1164 1719 omnium
1186 1690 1341 1719 bonitatum
1364 1694 1390 1719 et
1412 1690 1588 1719 sanctitatum
1620 1699 1669 1719 nos
1691 1690 1834 1725 informet,
1857 1692 1883 1719 in

1040 1740 1175 1774 quantum
1205 1737 1328 1765 Verbum
1349 1737 1543 1766 universarum
1574 1738 1710 1766 rationum
1733 1738 1883 1766 viventium

1040 1792 1090 1813 nos
1111 1784 1225 1813 irradiet
1256 1787 1283 1813 et
1304 1784 1427 1819 erudiat,
1450 1788 1481 1813 ut
1512 1785 1649 1821 possimus
1671 1785 1703 1813 ad
1725 1793 1802 1813 suam
1825 1785 1883 1813 lau-

1040 1830 1101 1859 dem
1116 1832 1138 1848 ¹¹
1160 1834 1210 1859 etc.

1123 1879 1186 1906 Erit
1199 1879 1290 1906 radix
1306 1879 1379 1906 Iesse
1392 1881 1443 1907 etc.
1460 1896 1496 1898 —
1513 1879 1539 1907 ln
1556 1879 1606 1907 hac
1622 1879 1739 1915 Epistola
1754 1879 1886 1907 hodierna

1040 1926 1139 1962 allegat
1161 1926 1306 1962 Apostolus
1327 1926 1359 1954 ad
1383 1926 1516 1954 Romanos
1537 1925 1642 1954 decimo
1663 1926 1760 1962 quinto
1790 1928 1884 1953 aucto-

1040 1973 1163 2007 ritatem,
1185 1981 1267 2010 quam
1291 1973 1375 2001 sumit
1402 1972 1436 2001 de
1467 1973 1550 2001 Isaiae
1571 1972 1715 2001 undecimo
1727 1973 1759 2005 12,
1782 1973 1807 2000 in
1830 1981 1885 2009 qua

1041 2020 1162 2056 explicat
1182 2019 1330 2048 adventum
1353 2019 1501 2048 Salvatoris
1531 2022 1557 2047 et
1585 2019 1718 2052 ostendit,
1740 2018 1813 2055 quod
1835 2018 1885 2047 iste

1040 2067 1177 2095 adventus
1205 2069 1246 2095 est
1277 2074 1328 2103 pro
1361 2066 1495 2100 Ecclesia,
1517 2066 1643 2103 quamvis
1665 2065 1830 2102 processerit
1850 2065 1883 2093 de

1041 2122 1186 2150 synagoga.
1202 2114 1278 2142 Unde
1293 2114 1376 2142 Isaiae
1397 2121 1469 2142 nono
1482 2114 1520 2141 ¹³:
1551 2113 1670 2141 Verbum
1686 2112 1766 2140 misit
1790 2112 1886 2140 Domi-

1040 2169 1098 2188 uus
1120 2161 1151 2189 iu
1176 2160 1262 2189 Iacob
1293 2164 1318 2188 el
1339 2160 1440 2189 cecidit
1460 2160 1491 2188 iu
1512 2160 1615 2193 lsrael,
1638 2159 1664 2187 id
1686 2164 1726 2187 est
1751 2159 1777 2187 in
1800 2166 1886 2195 popu-

1041 2208 1100 2236 lum
1130 2208 1329 2241 chriStianum,
1358 2215 1439 2236 veros
1472 2207 1583 2236 ludaeos
1605 2210 1631 2235 et
1652 2214 1717 2235 vere
1738 2205 1884 2234 Dominum

1042 2255 1165 2284 videntes
1180 2255 1212 2282 ¹4.
1245 2255 1417 2283 Describitur
1438 2257 1529 2283 autem
1561 2254 1695 2282 adventus
1726 2253 1825 2281 Christi
1858 2252 1885 2280 in

1042 2302 1127 2331 verbo
1149 2302 1284 2338 praesenti
1307 2305 1443 2338 quantum
1471 2301 1504 2329 ad
1538 2301 1604 2334 tria,
1626 2300 1728 2328 scilicet
1749 2302 1883 2336 quantum
1904 2304 1981 2323 Divisio.

1042 2349 1073 2377 ad
1097 2352 1193 2377 ortum
1215 2349 1431 2382 nobilissimum,
1447 2351 1581 2385 quantum
1603 2347 1635 2375 ad
1648 2346 1814 2383 profectum
1829 2346 1885 2373 sive

1042 2404 1220 2433 progressum
1242 2396 1470 2433 gratiosissimum
1493 2398 1519 2423 et
1540 2397 1674 2431 quantum
1697 2393 1729 2421 ad
1755 2392 1888 2430 fructum

1044 2443 1270 2471 saluberrimum.
1294 2443 1433 2476 Primum,
1456 2442 1508 2470 ibi:
1534 2441 1597 2469 Erit
1623 2440 1713 2468 radix
1735 2440 1823 2472 Iesse;
1845 2446 1887 2467 se-

1043 2489 1175 2523 cundum,
1192 2490 1244 2518 ibi:
1260 2493 1284 2517 et
1299 2489 1351 2527 qui
1361 2492 1497 2526 exsurget
1511 2496 1608 2525 repere
1626 2490 1739 2524 geute&
1761 2486 1884 2519 tertium,

205 2678 212 2690 ¹
232 2679 253 2700 ln
272 2679 288 2700 B
305 2678 363 2700 ordo
386 2678 551 2701 sententiarum
577 2684 630 2701 cum
656 2678 797 2707 quibusdam
823 2679 989 2702 mutationibus

142 2718 237 2740 omnino
255 2717 382 2740 invertitur.
398 2718 460 2740 Idem
479 2717 607 2740 notandum
630 2721 664 2740 est
688 2719 756 2740 etiam
775 2719 852 2747 quoad
870 2719 926 2741 alios
943 2725 987 2741 ser-

142 2762 224 2779 mones
240 2762 293 2778 cum
311 2756 393 2778 eodem
411 2757 513 2779 collatos.

205 2795 214 2808 ²
232 2795 298 2818 Vers.
316 2795 357 2823 463
375 2796 478 2824 sequitur
497 2796 545 2818 lsai.
562 2796 605 2823 35,
623 2797 644 2818 5.

205 2833 214 2846 ²³
232 2835 297 2857 Vers.
316 2834 351 2856 to.
370 2837 392 2856 et
409 2835 445 2861 35,
464 2835 486 2856 6,

205 2873 214 2886 ⁴²
232 2874 298 2896 Vers.
314 2873 350 2895 29.
371 2873 413 2900 303
430 2874 533 2902 sequitur
551 2874 587 2895 IV.
606 2874 663 2901 Reg.
681 2874 702 2900 5,
722 2875 756 2896 10.

206 2912 215 2925 ⁵
233 2913 298 2935 Vers,
315 2913 352 2935 22.
370 2915 392 2934 et
409 2912 446 2939 35,
464 2913 485 2934 5.

206 2950 215 2964 ‘³
233 2952 297 2974 Vers.
318 2952 357 2979 Ἰ10;
374 2951 478 2980 sequitur
495 2952 562 2974 Rom,
581 2951 601 2980 4,
623 2951 656 2974 17.

1108 2678 1116 2692 ⁷
1135 2679 1200 2701 Vers.
1218 2679 1244 2705 8;
1261 2678 1365 2706 sequitur
1383 2677 1430 2699 lsai.
1449 2676 1486 2703 29,
1505 2676 1541 2698 49.

1107 2717 1116 2730 ‘³
1135 2718 1200 2740 Vers.
1217 2718 1243 2744 63
1261 2716 1365 2745 sequitur
1382 2716 1437 2738 Luc.
1454 2716 1492 2741 22,
1510 2715 1588 2737 28-30.

1107 2756 1116 2769 ⁰
1134 2758 1163 2779 Ex
1181 2756 1263 2778 eodem
1281 2756 1361 2778 codice
1378 2755 1395 2777 A
1414 2755 1449 2776 sol.
1468 2755 1495 2776 ‘29
1515 2760 1536 2775 v.
1554 2756 1576 2775 et
1594 2754 1609 2774 B
1627 2753 1663 2775 fol.
1682 2752 1694 2774 4
1713 2758 1734 2773 v.

1107 2795 1127 2808 ¹⁰
1146 2796 1210 2817 vers.
1231 2795 1265 2816 1⁵2.

1108 2834 1125 2847 ¹¹
1144 2834 1208 2862 Quae
1225 2833 1368 2861 praecedunt
1384 2832 1543 2854 desiderantur
1561 2831 1582 2852 in
1600 2831 1624 2852 Β.

1108 2872 1127 2885 ¹²
1146 2873 1209 2894 Vers.
1232 2872 1264 2893 10.
1746 2866 1765 2879 ¹⁵
1782 2867 1847 2889 Vers.
1866 2867 1887 2889 8.

1108 2911 1127 2924 ¹⁴
1146 2911 1221 2933 verba
1239 2916 1306 2933 veros
1324 2910 1422 2933 ludaeos
1436 2912 1477 2932 etc.
1496 2908 1621 2931 sumsimus
1638 2913 1663 2930 ex
1680 2908 1710 2934 133
1728 2906 1804 2929 lsrael
1820 2906 1885 2928 inter·

1046 2954 1148 2979 pretatur
1168 2951 1239 2973 Deum
1258 2949 1345 2972 videns.

1895 805 1980 824 Monitio.

1900 1510 2019 1530 Iun-eductio.
