2243 3348
81 554 139 574 Nona.

0 1246 3 1266 3
40 1256 134 1281 Expositio

0 1297 2 1313 l
19 1279 142 1306 prothematis.

29 2240 112 2259 Boi-tatio
120 2240 143 2258 ad

35 2264 144 2283 orationem.

720 140 877 169 DOMlNlCA
900 142 916 169 1.
939 142 1121 171 ADVENTUS.
1144 144 1255 172 SERMO
1276 144 1353 173 xxti.
1863 150 1899 178 45

158 219 296 248 liberator
315 218 607 256 praestantissimus‚·
628 218 714 246 Exodi
737 218 819 246 tertio
832 219 854 246 ¹:
876 218 941 247 Vidi
954 218 1002 256 af-

156 265 310 303 flictionem
328 265 433 302 populi
452 265 509 294 mei
530 265 562 293 in
582 266 712 303 Aeyypto
727 268 752 293 et
766 264 922 293 clamorem
938 266 1001 293 eius

157 313 262 341 audivi
288 315 312 341 et
340 312 489 346 descendi,
519 315 551 340 ut
572 311 687 340 liberem
715 320 780 340 eum
802 311 835 339 de
863 311 1002 339 manibus

158 359 369 397 Aeyyptiorum
391 362 415 387 et
435 358 559 387 educam
581 358 612 386 in
633 361 745 386 terram
767 357 873 386 bonam
888 361 913 385 et
933 366 1002 394 spa-

157 406 276 440 tiosam,
298 414 373 444 quae
392 405 459 442 fluit
486 405 558 434 lacte
584 409 610 433 et
636 404 732 438 metle;
758 408 785 433 et
810 404 843 433 ad
872 404 1003 441 Ephesios

157 455 272 490 quarto:
295 452 446 481 Descendit
462 452 597 489 primum
619 452 650 480 in
664 451 820 489 inferiores
832 454 934 489 partes
949 454 1003 480 ter-

157 508 223 533 rae,
245 500 310 537 quia
332 499 458 528 Matthaei
488 499 585 527 tertio:
618 498 666 527 Sic
697 499 772 527 decet
802 506 855 526 nos
886 498 1004 535 implere

157 555 269 575 omnem
291 546 444 575 iustitiam.
472 563 508 566 —
538 546 585 574 Ad
605 544 835 583 ylorificandum
862 545 1004 573 subiectos

157 594 228 623 sicut
247 593 430 631 glorificator
451 593 631 626 ‹tltissimus;
653 592 686 620 ad
708 592 838 628 Ephesios
860 595 960 629 quarto
977 592 1003 619 ²:

1061 220 1119 255 Qui
1138 220 1298 255 descendit,
1319 222 1380 258 ipse
1401 226 1442 250 est
1455 227 1479 251 et
1494 223 1546 260 qui
1560 224 1688 253 ascendit
1702 233 1789 262 super
1804 235 1901 255 omnes

1059 266 1169 300 caelos,
1191 271 1223 295 ut
1254 268 1382 304 impleret
1411 269 1529 302 omnia;
1562 270 1649 299 factus
1670 274 1711 299 est
1732 272 1804 300 enim
1826 280 1903 309 pere-

1059 312 1156 349 grinus
1178 314 1329 342 secundum
1350 314 1418 343 illud
1433 315 1544 344 Genesis
1558 317 1735 345 duodecimo:
1755 318 1904 347 Descendit

1060 358 1173 386 Abram
1195 359 1227 387 in
1242 360 1415 397 Aegyptum,
1431 365 1464 389 ut
1474 363 1716 399 percyrinaretur
1730 363 1780 397 ihi,
1795 368 1826 392 ut
1840 372 1902 401 per-

1060 405 1169 441 egrinos
1191 406 1335 435 exaltaret.
1358 407 1433 436 Sicut
1453 408 1593 437 descendit
1617 413 1708 438 autem
1730 410 1758 438 10
1779 410 1903 439 incarna-

1060 451 1149 485 tione,
1171 452 1210 480 sic
1231 453 1352 481 ascendit
1374 454 1400 482 10
1422 455 1595 489 ascensione3
1622 460 1735 493 propter
1762 457 1835 494 quod
1863 458 1903 486 di-

1061 497 1133 526 citnr
1155 498 1237 527 Isaiae
1259 499 1399 535 trigesimo
1420 504 1515 530 octavo
1530 502 1556 530 3:
1576 503 1717 531 Reversus
1738 507 1778 531 est
1794 504 1838 532 sol
1857 504 1903 532 de-

1061 553 1120 573 cem
1143 544 1225 573 lincis
1245 554 1297 582 per
1316 546 1442 582 gradus,
1464 557 1536 585 quos
1557 550 1735 578 ascenderat.

766 709 923 738 DOMINICA
945 709 1092 738 SECUNDA
1114 709 1297 738 ADVENTUS.

503 828 594 856 Sannio
617 827 625 854 1
637 827 656 854 4.

239 921 310 950 Cum
332 922 463 950 audisset
484 921 607 950 loannes
628 921 659 949 in
674 919 800 949 vinculis
815 928 904 957 opera
921 918 1004 948 Chri-

157 969 211 1003 sti,
233 969 348 997 mittens
369 968 443 996 duos
465 968 498 996 de
525 967 680 1004 discipulis
707 967 785 1000 suis,
808 967 852 995 ait
871 966 931 995 illi:
962 966 1005 994 Tu

158 1024 196 1050 es,
218 1016 270 1055 qui
289 1019 431 1044 venturus
451 1024 496 1049 es,
519 1023 559 1043 an
580 1015 673 1043 alium
694 1013 917 1051 exspectamus?
940 1013 1005 1042 Mat-

159 1063 230 1092 thaei
254 1063 399 1091 undecimo
410 1063 430 1090 ⁵.

238 1110 391 1138 Prothema.
415 1109 487 1145 Quis
507 1109 613 1146 poterit
634 1108 797 1137 tonitruum
824 1107 1006 1145 maynz'tudi-

157 1157 204 1186 nis
225 1157 306 1186 illius
327 1156 457 1185 intueri?

237 1204 327 1233 Verba
348 1203 469 1232 secundo
491 1204 550 1232 loco
579 1203 718 1241 proposita
747 1206 811 1232 sunt
842 1202 928 1231 verba
960 1202 1005 1231 lob

159 1255 362 1280 sacramentum
383 1251 580 1279 incarnationis
603 1250 759 1279 Dominicae
780 1249 954 1278 formidantis
979 1252 1006 1278 et

158 1302 249 1328 sumta
270 1301 335 1327 sunt
355 1306 391 1327 ex
416 1298 462 1327 Iob
495 1298 625 1335 vigesimo
657 1300 745 1326 sexto.
779 1297 890 1326 Ratione
925 1297 1005 1325 cuius

159 1345 299 1374 sciendum
322 1349 377 1379 est,
400 1345 473 1382 quod
494 1345 522 1373 in
544 1345 655 1373 1101111110
676 1348 740 1373 ante
761 1344 909 1373 adventum
926 1343 1006 1372 Chri-

159 1392 192 1421 sti
216 1392 316 1428 triplex
346 1394 405 1420 erat
433 1391 571 1425 desectus,
594 1391 697 1420 50111001
726 1391 871 1428 potentiae
892 1390 918 1418 in
941 1398 1006 1426 ope-

159 1438 265 1467 ratione
287 1441 415 1475 respectu
435 1438 598 1471 debilitatis,
620 1437 815 1475 experientiae
835 1437 861 1465 in
885 1444 1006 1473 compre-

159 1485 291 1514 hensione
312 1488 440 1522 respectu
462 1478 844 1522 brevitatis,‘intelligentiae
865 1484 891 1512 10
914 1484 1006 1521 cogni-

160 1533 233 1561 tione
255 1536 382 1569 respectu
405 1532 590 1561 obscuritatis.
613 1532 755 1561 Defectum
778 1540 844 1569 ergo
862 1532 1007 1569 potentiae

159 1579 186 1607 in
201 1579 360 1616 operatione
375 1579 461 1616 tangit
476 1579 537 1613 lob,
552 1579 660 1607 dicens:
679 1579 750 1615 Quis
762 1578 887 1616 poterit?
904 1595 939 1598 —
955 1579 1006 1607 De—

159 1626 261 1655 sectum
274 1626 285 1642 θ
307 1626 501 1663 carpet-tentiae
521 1626 548 1654 in
570 1626 817 1662 comprehensione
839 1626 925 1663 tangit
947 1626 1006 1660 lob,

161 1681 224 1702 curn
253 1673 452 1710 subiungitur:
485 1673 649 1701 tonitruum
677 1673 894 1710 maynitudinis
925 1673 1006 1706 eius;

159 1720 232 1757 quod
264 1723 306 1749 est
338 1720 491 1749 tonitruum
525 1720 645 1749 auditui
674 1724 715 1749 est
737 1720 897 1757 magnitudo
918 1720 1005 1748 visui.

159 1767 225 1796 Hinc
246 1767 298 1795 fuit
319 1767 419 1796 Christi
441 1767 576 1796 adventus
596 1767 623 1795 in
639 1775 722 1796 carne
737 1767 922 1796 existentibus
944 1770 1007 1796 ante

159 1814 257 1851 Legem
280 1814 504 1850 (formidandus),
527 1814 633 1843 ratione
654 1814 734 1843 cuius
765 1814 830 1843 dicit
851 1823 925 1843 unus
947 1814 1006 1843 illo—

160 1869 241 1896 rum,
263 1861 367 1890 scilicet
382 1861 513 1890 -Habacuc
526 1861 546 1896 ⁷,
568 1861 725 1890 admirans:
745 1862 880 1896 Domine,
903 1862 1008 1890 audivi

162 1908 340 1937 auditionem
363 1912 445 1937 tuam
467 1912 492 1937 et
513 1908 614 1943 timui,
636 1908 823 1937 consideravi
843 1917 932 1945 opera
954 1912 1007 1937 tua

160 1959 186 1984 et
205 1956 319 1993 expavi.
343 1956 371 1984 10
392 1956 498 1984 auditu
527 1956 599 1984 enim
629 1956 737 1990 timuit,
766 1956 792 1984 in
824 1956 891 1984 visu
922 1964 1008 1993 expa-

159 2003 206 2032 vit.
222 2019 261 2023 —
282 2003 423 2032 Deiectum
446 2003 649 2040 intelligentiae
673 2003 700 2031 in
726 2003 880 2040 cognitione
907 2004 1007 2040 tangit,

162 2058 225 2079 cum
254 2050 405 2079 subinfert:
434 2050 551 2079 intueri.
581 2050 792 2088 Caliyaverunt
822 2051 897 2079 enim
931 2050 1009 2079 oculi

163 2097 258 2131 Isaac,
275 2100 299 2125 ct
313 2097 410 2125 videre
431 2105 489 2125 non
508 2101 640 2134 poterat,
655 2100 687 2125 ut
708 2097 811 2126 dicitur
833 2097 945 2126 Genesis
968 2097 1008 2126 vi-

159 2143 263 2181 gesimo
284 2144 400 2180 septimo
412 2143 431 2172 8.

219 2201 222 2204 ⁴
239 2190 341 2220 Omnes
362 2199 428 2228 ergo
449 2194 562 2228 propter
578 2192 630 2220 1100
644 2194 708 2220 ante
722 2191 814 2220 omnia
828 2191 936 2220 divinae
952 2191 1008 2228 pie-

162 2238 226 2267 tatis
247 2238 420 2267 clementiam
444 2238 639 2275 imploremus,
654 2242 686 2267 ut
708 2238 786 2267 nobis
802 2241 933 2275 tanquam
949 2238 1009 2267 exi-

162 2285 298 2314 stentibus
319 2285 371 2314 sub
392 2285 456 2322 iugo
487 2285 631 2314 suavitatis
651 2289 679 2314 et
710 2294 794 2315 onere
817 2286 934 2315 levitatis
958 2294 1009 2323 po-

162 2332 282 2361 tentiam
304 2332 432 2361 fortificet
461 2333 488 2361 in
517 2333 692 2369 operatione,
721 2334 933 2370 experientiam
954 2342 1009 2362 am-

163 2379 265 2416 plificet
287 2379 313 2407 in
336 2379 581 2416 comprehensione
603 2383 629 2408 et
659 2380 766 2409 tandem
789 2380 1010 2417 intelligentiam

165 2426 297 2454 clarificet
318 2426 344 2453 in
367 2426 536 2463 cognitione,
557 2430 588 2455 ut
610 2426 637 2455 in
659 2427 819 2463 operatione
842 2427 959 2461 vivaces,
982 2427 1008 2455 in

163 2473 409 2509 comprehensione
431 2481 556 2510 sagaces,
573 2474 598 2502 in
615 2473 769 2510 cognitione
785 2482 897 2503 veraces
918 2475 1011 2511 aliqua

162 2520 300 2557 possimus
321 2520 447 2549 conferre
469 2520 496 2549 in
518 2520 657 2555 medium,
673 2529 744 2558 quae
769 2521 824 2550 sint
845 2522 871 2550 in
894 2522 1009 2558 gloriam

1061 828 1087 854 et
1110 826 1217 855 laudem
1241 827 1283 855 sui
1306 827 1469 856 sanctissimi
1490 829 1608 858 nominis
1636 830 1770 859 benedicti
1793 835 1819 860 et
1840 840 1904 861 con-

1061 873 1221 902 solationem
1244 874 1400 903 animarum
1422 879 1590 904 nostrarum.
1613 877 1704 905 Amen.

1142 920 1212 949 Cam
1236 921 1367 950 audisset
1388 922 1512 951 Ioannes
1530 926 1581 951 ete.
1604 924 1695 952 Verba
1715 928 1780 953 sunt
1801 925 1906 954 loannis
1923 930 1994 949 sermo.

1061 967 1095 996 ad
1116 968 1267 1004 discipulos
1289 976 1354 997 suos
1375 972 1402 997 et
1424 977 1474 1006 pro
1495 970 1534 998 eis
1556 970 1670 1006 prolata.
1693 971 1749 999 Non
1772 975 1812 1000 est
1834 972 1905 1001 enim

1061 1014 1246 1049 credendum,
1268 1015 1368 1044 Christi
1401 1024 1611 1052 praecursorem
1641 1020 1667 1045 et
1698 1017 1842 1054 baptistam
1874 1018 1906 1047 de

1061 1061 1184 1091 adventu
1212 1061 1313 1090 Christi
1346 1062 1371 1090 in
1404 1070 1514 1091 carnem
1546 1062 1701 1097 dubitasse,
1724 1072 1755 1092 eo
1777 1064 1850 1101 quod
1879 1065 1907 1093 in

1061 1108 1226 1145 baptismate
1258 1117 1274 1137 a
1302 1109 1406 1146 Spiritu
1428 1113 1522 1138 sancto
1551 1110 1577 1138 in
1600 1112 1690 1147 specie
1711 1112 1853 1140 columbae
1874 1112 1907 1140 de

1062 1156 1136 1184 caelo
1157 1156 1340 1185 descendente
1361 1159 1388 1185 et
1409 1164 1494 1193 super
1516 1156 1656 1185 Christum
1672 1159 1821 1187 manente9
1842 1158 1908 1187 didi-

1062 1206 1137 1231 cerat
1159 1205 1186 1231 et
1206 1211 1301 1232 vocem
1323 1204 1410 1232 Patris
1424 1204 1565 1233 audierat:
1587 1205 1642 1233 Hic
1657 1208 1696 1233 est
1718 1205 1812 1233 Filius
1827 1214 1907 1234 meus

1062 1249 1199 1284 dilectus,
1222 1258 1272 1279 nec
1303 1258 1358 1279 non
1390 1254 1417 1279 et
1448 1251 1635 1279 testimonium
1665 1252 1688 1280 ei
1712 1252 1906 1288 perhibuerat:

1064 1297 1149 1331 Ecce,
1167 1298 1271 1334 Agynus
1295 1297 1353 1326 Dei.
1376 1298 1401 1326 Si
1424 1299 1497 1327 enim
1512 1299 1603 1335 ipsum
1620 1299 1726 1327 venisse
1747 1299 1907 1336 ignorasset,

1062 1344 1201 1381 quomodo
1223 1352 1286 1372 eum
1309 1348 1482 1381 praesentem
1504 1345 1588 1382 digito
1609 1345 1823 1374 demonstrasset
1843 1350 1869 1375 et
1884 1347 1907 1375 ei

1063 1391 1252 1419 testimonium
1284 1391 1494 1428 perhibuisset?
1527 1392 1701 1429 Relinquitur
1731 1400 1812 1429 ergo,
1834 1393 1908 1430 quod

1062 1445 1113 1466 000
1134 1438 1192 1475 ipse
1214 1438 1343 1475 ignorans
1364 1439 1501 1475 quaesivit
1522 1447 1571 1468 nec
1600 1439 1730 1468 dubitans
1760 1439 1908 1476 discipulos

1062 1485 1152 1519 misit,
1175 1485 1296 1514 maxime
1317 1486 1339 1514 si
1361 1486 1447 1514 verba
1468 1486 1605 1522 Evangelii
1634 1486 1779 1523 diligenter
1810 1487 1908 1515 intelli-

1062 1536 1171 1569 gantur.
1184 1533 1250 1561 Nam
1263 1532 1288 1561 in
1302 1532 1387 1561 verbo
1399 1533 1539 1569 proposito
1556 1533 1608 1561 tria
1618 1536 1758 1567 notantur,
1774 1541 1823 1570 per
1837 1542 1908 1571 quae

1063 1579 1192 1608 omnibus
1213 1580 1316 1608 veritas
1337 1583 1426 1616 potest
1458 1588 1517 1609 esse
1549 1580 1701 1609 manifesta.
1724 1581 1813 1609 Primo
1835 1582 1907 1610 enim

1062 1629 1176 1655 notatur
1198 1626 1369 1663 multiplicis
1390 1626 1516 1656 hominis
1537 1631 1634 1656 status
1661 1627 1837 1665 siynilicatio
1859 1636 1908 1665 per

1064 1673 1171 1702 Ioannis
1191 1674 1317 1708 vincula,
1339 1682 1402 1702 01110
1429 1674 1546 1703 dieitur:
1572 1674 1644 1703 Cum
1676 1674 1805 1703 audisset
1827 1675 1909 1703 Ioan-

1062 1729 1113 1748 nes
1129 1721 1159 1749 in
1173 1720 1300 1749 vinculis
1321 1729 1409 1758 opera
1434 1720 1562 1754 Clu-isa,-
1577 1721 1707 1756 secundo,
1722 1721 1861 1758 proposita
1875 1722 1909 1750 de

1063 1767 1191 1796 adventu
1215 1767 1326 1797 Christi
1346 1768 1546 1797 dubitantium
1561 1768 1705 1807 quaestio,
1723 1776 1785 1798 cum
1800 1768 1906 1797 subdit:

1064 1814 1177 1843 Mittens
1192 1815 1266 1844 duos
1280 1824 1314 1843 ex
1329 1815 1484 1852 discipulis
1505 1816 1577 1850 suis,
1600 1816 1643 1844 ait
1657 1815 1717 1844 illi:
1739 1816 1781 1844 Tu
1802 1824 1844 1850 es,
1859 1816 1911 1854 qui

1063 1866 1206 1891 venturus
1234 1871 1279 1896 es,
1308 1871 1347 1891 an
1380 1863 1473 1891 atium
1506 1863 1727 1900 exspectamus?
1748 1863 1838 1897 tertio,
1859 1871 1909 1900 per

1064 1910 1180 1945 mystica
1201 1917 1285 1946 opera
1306 1914 1410 1946 aperta
1443 1909 1553 1939 Cltristi
1572 1910 1738 1946 responsio,
1760 1918 1822 1939 01101
1845 1910 1909 1938 sub-

1065 1956 1184 1985 infertur
1196 1957 1234 1984 ¹⁰:
1257 1957 1440 1994 Respondens
1468 1958 1550 1985 lesus
1577 1957 1621 1986 ait
1641 1957 1715 1986 illis:
1738 1958 1845 1986 Euntes
1865 1966 1909 1985 re-

1064 2004 1198 2032 nuntiate
1229 2004 1337 2032 Ioanni
1367 2012 1441 2042 quae
1472 2005 1599 2033 audistis
1621 2008 1647 2033 et
1675 2005 1810 2033 vidistis:
1833 2004 1911 2033 caeci

1064 2050 1178 2084 vident,
1194 2050 1296 2079 claudi
1309 2051 1479 2085 ambulant,
1496 2051 1602 2088 leprosi
1616 2051 1809 2085 mundantur,
1824 2051 1912 2079 surdi

1065 2098 1212 2132 audiunt,
1244 2098 1356 2127 mortui
1383 2102 1562 2136 resurgunt,
1592 2106 1739 2135 pauperes
1769 2097 1909 2135 evangeli-

1064 2148 1187 2173 zctntur.

1146 2192 1162 2220 l.
1185 2192 1255 2221 Dicit
1276 2200 1357 2229 ergo:
1382 2192 1455 2221 Cum
1483 2192 1613 2221 audisset
1640 2193 1764 2221 Ioannes
1795 2192 1826 2220 in
1846 2191 1909 2219 vin-

1065 2238 1140 2267 culis
1161 2247 1250 2276 opera
1273 2238 1400 2272 61111511,-
1421 2239 1468 2268 ubi
1492 2242 1604 2268 notatur
1625 2238 1801 2276 significatio
1815 2237 1911 2266 multi-

1062 2286 1150 2323 plicis
1170 2290 1266 2314 status
1281 2285 1408 2315 hominis
1424 2294 1472 2323 per
1489 2286 1599 2315 vincula
1614 2286 1727 2314 loannis.
1744 2285 1818 2313 Sicut
1836 2284 1909 2313 enim

1067 2333 1197 2370 princeps
1228 2334 1419 2370 Apostolorum
1453 2333 1550 2362 Petrus
1582 2336 1642 2369 post
1675 2332 1909 2361 confirmationem

1066 2381 1172 2417 positus
1204 2380 1231 2408 in
1267 2388 1406 2409 carcerem
1440 2382 1628 2417 repraesentat
1659 2381 1760 2408 statum
1792 2378 1910 2407 hominis

1063 2427 1243 2464 peccatoris;
1265 2427 1303 2456 sic
1325 2427 1437 2456 loannes
1459 2427 1577 2463 Baptista
1598 2427 1624 2454 in
1648 2425 1763 2454 vinculis
1778 2425 1911 2454 000511111-

1068 2477 1112 2503 1115
1141 2474 1277 2511 significat
1297 2474 1402 2503 animas
1422 2474 1573 2502 existentes
1603 2473 1629 2501 in
1662 2472 1805 2509 multiplici
1837 2474 1910 2500 statu

1066 2521 1203 2550 miseriae
1217 2524 1243 2550 et
1257 2521 1445 2550 calamitatis.
1462 2521 1526 2549 Nam
1543 2521 1631 2557 primo
1652 2519 1786 2556 significat
1806 2519 1910 2547 animas

224 2668 232 2680 ¹
251 2669 316 2691 Vers.
332 2669 354 2691 7.
372 2675 421 2698 seq.
438 2682 469 2686 —
487 2670 535 2692 Duo
552 2676 617 2700 seqq.
635 2671 679 2693 loci
696 2674 749 2693 sunt
760 2672 818 2699 Eph.
831 2671 851 2700 47
864 2671 885 2694 9.
898 2674 920 2693 et
931 2672 1006 2694 Matth.

163 2707 187 2734 3,
205 2708 242 2730 15.

225 2745 233 2759 2
252 2747 318 2769 Vers.
336 2747 373 2769 10.
390 2759 421 2764 —-
438 2748 546 2776 Sequitur
563 2748 619 2771 Gen.
638 2750 674 2777 12,
693 2750 730 2771 10.

225 2784 234 2797 ‘³
252 2786 318 2809 Vers.
336 2787 362 2814 8.
381 2786 420 2809 ubi
437 2793 480 2814 pro
498 2787 637 2811 ascenderat
655 2789 752 2816 Vulgata
770 2788 930 2812 descenderet.

225 2824 234 2837 ⁴²
252 2825 332 2847 Sermo
350 2826 386 2847 hic
408 2832 451 2853 pro
470 2826 535 2848 Dom.
551 2827 575 2848 ll.
594 2827 691 2849 Advent.
708 2827 731 2849 in
743 2827 779 2849 ed.
794 2828 866 2850 vatic.
878 2832 912 2850 est
928 2828 1009 2851 ordine

163 2865 286 2892 secundus,
305 2864 402 2887 habetur
420 2865 442 2887 in
454 2864 524 2888 CDE
541 2868 563 2887 et
580 2865 601 2887 in
619 2866 634 2887 F
652 2865 691 2894 (ad
704 2866 847 2889 θοι-0111100111
866 2867 918 2896 111.).

226 2903 235 2916 ⁵
253 2904 318 2926 Vers.
337 2905 358 2926 2.
375 2910 424 2933 seq.
442 2905 561 2927 Prothema
580 2907 614 2927 est
631 2904 670 2927 lob
688 2905 725 2933 26,
747 2905 780 2928 l4.

226 2943 235 2956 ὅ
253 2943 328 2966 Verba
356 2943 380 2966 in
405 2943 541 2972 operatione
567 2943 645 2973 tangit
669 2946 711 2966 etc.
737 2950 811 2973 usque
840 2945 961 2974 Desectam
987 2945 1009 2967 in

1065 2672 1081 2694 C
1100 2672 1185 2694 omissa
1210 2671 1377 2699 supplevimus.
1404 2670 1461 2692 lnsra
1479 2669 1531 2692 cod.
1556 2669 1617 2692 idem
1639 2668 1721 2691 omittit
1745 2666 1838 2690 auditui
1859 2669 1910 2689 ante

1065 2712 1099 2733 est
1117 2709 1264 2739 vzaqnttudo.
1283 2709 1448 2738 supplevimus
1465 2709 1549 2731 deinde
1561 2709 1630 2731 etiam
1643 2714 1725 2730 vocem
1736 2705 1910 2736 formidandus.

1129 2748 1137 2761 ⁷
1156 2748 1213 2777 Cap.
1231 2750 1251 2776 3,
1265 2750 1286 2771 2.
1299 2749 1426 2771 secundum
1440 2748 1571 2770 versionem
1585 2747 1746 2775 Septuaginta;
1758 2747 1799 2767 cfr.
1811 2745 1910 2771 Hieron„

1067 2789 1091 2810 ll.
1108 2788 1237 2811 Comment.
1258 2788 1282 2810 in
1301 2787 1395 2816 Hebae„
1412 2794 1433 2809 c.
1450 2787 1471 2814 3,
1490 2788 1511 2814 2,
1529 2786 1568 2808 ubi
1592 2792 1634 2813 pro
1657 2784 1744 2814 expavi
1764 2784 1847 2812 legitur
1871 2782 1910 2806 ob-

1066 2826 1155 2856 stupui.
1778 2821 1787 2835 3
1804 2823 1870 2845 Vers.
1889 2822 1908 2844 l.

1130 2865 1139 2877 ⁹
1157 2867 1188 2888 lta
1206 2865 1266 2888 bene
1283 2866 1338 2893 legit
1354 2866 1383 2892 D;
1402 2866 1442 2887 cfr.
1466 2865 1541 2887 illatlli.
1568 2864 1588 2891 3,
1613 2863 1655 2890 ·16;
1672 2862 1775 2891 sequitui·
1793 2868 1815 2883 v.
1837 2861 1870 2883 17.
1888 2864 1910 2883 et

1067 2905 1152 2927 deinde
1170 2905 1230 2927 ioan.
1251 2905 1270 2933 1,
1288 2905 1325 2926 29.

1131 2943 1151 2956 ²⁰
1168 2944 1245 2966 Matth.
1265 2944 1299 2970 ll,
1318 2943 1338 2966 4.
1356 2950 1403 2972 seq.

1926 1584 2004 1604 Divisio.

1926 2194 1972 2213 Pars
1985 2194 1997 2212 Ι.

1926 2522 2039 2541 Subdivisio.
