2243 3348
27 787 130 815 applicatio.

29 1629 128 1650 Ebionitae.

21 1910 128 1930 Notandum.

725 150 881 179 DOMlNlCA
904 150 942 178 ΙΙΙ.
965 151 1148 180 ADVENTUS.
1171 152 1280 180 SERMO
1302 153 1330 181 ΙΙ.

151 228 210 257 Nos
223 228 350 262 scimus,
366 228 437 266 quia
452 227 546 265 Moysi
559 227 672 256 locutus
686 231 725 255 est
742 227 831 261 Deus,
848 226 925 256 lianc
940 235 995 256 au-

150 278 204 303 tem.
224 275 383 308 nescimus,
399 275 476 303 unde
489 274 544 308 511,-
558 277 585 302 61
606 274 678 302 dixit
697 273 743 302 ille
764 273 864 302 homo:
887 275 921 302 In
943 273 995 303 1106

149 322 223 350 enini
243 321 379 349 mirabile
392 324 449 354 est,
474 320 551 358 quod
572 329 622 349 vos
642 320 773 353 nescitis,
792 321 869 348 uncte
893 321 947 354 sit,
970 324 994 348 et

149 367 267 404 aperuit
280 376 357 396 ineos
371 367 478 401 oeulos,
493 367 565 396 caeci
581 367 646 396 nati.
669 367 736 395 Nisi
756 370 825 395 esset
837 365 883 395 liic
895 375 912 395 α
928 368 993 401 Deo,

148 422 207 442 non
226 417 341 451 poterat
360 413 458 451 facere
479 414 650 452 quidquam.
680 414 715 442 Et
735 413 874 442 dixerunt
895 413 936 441 ei.-
960 413 995 441 In

145 461 272 498 peccatis
286 464 376 489 natus
387 469 416 489 es
431 465 516 494 toties,
531 464 558 489 et
571 464 602 488 tu
617 461 699 489 doces
713 460 786 488 nos?
803 461 838 488 Et
851 460 995 488 eiecerunt

148 516 212 536 eum
227 510 307 536 extra
319 515 493 544 synagogam.
507 507 551 535 Hic
567 506 636 535 iacet
649 507 812 543 periculum.
826 506 994 534 Condemna-

149 557 249 582 verunt
269 554 374 587 Iesum,
396 553 507 590 quando
528 553 586 581 luto
608 553 773 581 illuminavit
798 553 894 581 oculos
921 553 993 581 caeci

151 601 222 634 nati;
245 604 272 629 et
285 600 434 629 dixerunt:
451 599 516 628 Non
529 603 571 628 est
591 608 610 627 a
627 600 682 628 Deo
701 599 753 637 qui
765 599 921 627 sabbatum
937 607 994 627 non

147 648 270 676 custodit
282 648 301 676 ¹.
325 647 453 676 Inimicus
469 647 516 675 Dei
537 647 571 675 de
587 647 656 683 Lege
669 646 734 675 facit
748 649 943 683 argumentum
960 646 994 674 ad

147 694 317 731 perdendum
349 702 412 723 eum
430 717 435 728 ,
468 701 550 730 quem
579 694 634 721 Lex
666 693 843 730 praedicavit.
876 692 994 721 Perdidit

147 741 228 770 Adam
244 749 307 770 esus
322 741 386 778 ligni
403 741 482 769 vitae.
505 741 626 778 Legitur,
641 740 715 777 quod
730 740 829 774 Adam,
849 740 994 768 comedens

147 788 252 825 lignum
274 787 463 824 prohibitum,
485 787 621 824 expulsus
642 790 684 815 est
704 786 737 815 de
759 786 885 823 paradiso
898 787 917 814 Β.
941 787 994 815 Hoc

147 835 289 872 impletum
311 838 352 863 est
374 834 454 863 hodie
476 835 502 862 in
524 834 685 863 doctoribus
706 834 817 862 nostris.
845 834 990 871 Spiritua-

147 882 182 911 lis
203 881 382 918 intelligentia
402 881 504 910 dieitur
526 881 639 918 1191111111
659 881 751 914 vitae,
768 880 902 909 litteralis
917 881 994 909 intel-

146 929 256 966 ligentia
277 928 379 957 dicitur
401 928 514 965 lignum
534 928 672 956 scientiae
693 928 758 956 boni
779 931 804 956 et
830 927 912 956 mati.
938 928 993 956 Lit-

146 981 224 1009 tera,
247 976 274 1004 id
295 979 336 1004 est
358 975 483 1004 litteralis
504 975 692 1012 intelligentia,
715 975 818 1003 occidit
826 985 836 1009 ,·
856 975 992 1011 spiritus,

145 1023 171 1051 id
192 1026 233 1051 est
254 1022 406 1059 spiritualis
427 1022 620 1059 intelligentia,
642 1022 802 1059 vivificat&
826 1022 905 1050 Dedit
919 1022 994 1050 Deus

145 1069 304 1106 decalogum
327 1072 354 1098 et
375 1069 486 1105 scripsit
506 1069 597 1106 diyito
617 1078 671 1097 suo
682 1070 704 1103 ⁴²,
727 1073 754 1097 et
775 1072 838 1097 sunt
859 1069 994 1098 servanda

146 1119 292 1153 praecepta
314 1116 398 1152 Legis.
429 1116 565 1144 Litteralis
597 1115 777 1152 intelligentia
807 1116 887 1149 dicit,
919 1115 994 1152 quod

144 1163 319 1191 observantia
340 1163 417 1199 Legis
438 1163 573 1191 servanda
594 1166 635 1191 est
657 1163 683 1190 in
712 1166 889 1199 perpetuum.
919 1163 994 1191 Unde

146 1210 210 1247 quia
234 1209 322 1238 ludaei
347 1210 490 1243 tenebant,
510 1209 582 1246 quod
599 1210 690 1238 omnia
704 1210 737 1237 ad
753 1210 872 1238 litteram
888 1210 993 1238 servari

145 1256 292 1290 deberent3
315 1257 375 1285 ideo
398 1257 615 1287 insurrexerunt
642 1260 739 1285 contra
771 1257 885 1285 latorem
908 1256 992 1293 Legis.

145 1303 281 1331 Litteralis
302 1303 481 1340 intelligentia
502 1308 543 1331 est
560 1304 682 1331 scientia
698 1303 765 1331 boni
778 1308 803 1331 et
818 1303 906 1337 niati,
923 1311 994 1340 quae

144 1349 224 1383 dicit,
246 1349 320 1386 quod
343 1350 471 1378 mandata
492 1350 518 1378 in
548 1353 713 1386 perpetuum
743 1351 848 1379 servari
877 1350 993 1384 debent,

146 1397 217 1426 sicut
237 1397 413 1425 observantia
428 1397 532 1425 sabbati
548 1401 575 1425 et
590 1397 776 1431 circumcisio,
792 1405 863 1434 quae
878 1398 910 1426 ad
927 1400 994 1426 tem-

144 1451 197 1480 pus
218 1444 353 1472 servanda
374 1447 446 1472 sunt.
471 1444 613 1473 Excaecati
636 1444 751 1473 fuerunt
773 1444 879 1478 Iudaei,
903 1452 935 1473 ne
956 1444 994 1472 vi-

144 1490 241 1518 derent
261 1490 429 1526 promissum
453 1490 479 1518 111
503 1491 584 1527 Lege,
600 1493 627 1519 et
641 1490 774 1519 dixerunt
790 1491 895 1519 securi:
915 1491 993 1519 Occi-

144 1536 251 1565 damus
272 1536 354 1565 illum
367 1537 393 1570 ⁵,·
414 1541 441 1565 et
462 1537 533 1565 sicut
556 1537 644 1566 ludaei
662 1538 769 1566 noviter
783 1538 908 1566 conversi
925 1538 994 1567 ceci—

144 1583 246 1612 derunt
266 1592 282 1612 a
303 1584 371 1618 fide,
392 1584 529 1618 dicentes,
552 1584 626 1621 quod
648 1585 739 1613 omnia
754 1584 887 1613 deberent
901 1585 935 1613 ad
950 1585 994 1613 lit-

145 1633 232 1659 teram
253 1631 374 1665 servari;
397 1632 434 1659 ita
455 1631 615 1660 ceciderunt
636 1640 651 1659 a
682 1631 733 1660 [ide
762 1632 916 1666 Ebionitae,
945 1633 993 1669 qui

146 1677 294 1712 dixerunt,
316 1678 390 1715 quod
413 1678 509 1715 legalia
530 1686 592 1707 cum
610 1678 754 1715 Evangelio
770 1679 904 1707 servanda
919 1682 992 1707 sunt.

145 1725 189 1754 Isti
211 1725 340 1754 volebant
360 1725 529 1754 manducare
550 1725 583 1754 de
612 1726 685 1763 ligno
715 1726 852 1754 scientiae
883 1726 950 1754 boni
969 1730 994 1754 et

146 1772 226 1800 niati.
249 1772 404 1806 Dixerunt,
425 1772 499 1809 quod
521 1772 656 1801 servanda
677 1775 718 1801 est
739 1773 914 1801 observantia
936 1773 994 1802 sab-

146 1819 201 1848 bati
224 1822 251 1848 et
271 1820 504 1853 circumcisionis3
526 1823 624 1848 contra
645 1828 715 1857 quos
729 1820 794 1848 dicit
809 1820 992 1857 Apostolus⁶z

148 1866 181 1895 Si
200 1866 476 1901 circumcidamini,
500 1865 634 1895 Christus
655 1867 735 1895 vobis
755 1866 830 1895 >nillil
849 1867 991 1904 proderit.

144 1914 322 1942 Attendamus
344 1914 515 1950 periculum:
538 1914 610 1942 sicut
630 1914 704 1942 finali
727 1918 852 1951 tempore
877 1922 993 1951 synago-

145 1968 194 1997 gae
216 1960 349 1989 vacabant
370 1960 458 1989 ludaei
474 1960 615 1989 doctrinae
630 1961 738 1990 divinae
753 1961 820 1997 legis
835 1969 884 1998 per
898 1966 993 1990 aucto-

143 2007 269 2040 ritatem,
293 2007 328 2035 ita
350 2007 430 2035 modo
451 2016 582 2036 vacamus
614 2008 755 2036 doctrinae
786 2008 894 2037 divinae
927 2009 993 2046 legis

144 2061 193 2091 per
216 2055 358 2082 rationem.
381 2055 431 2091 Qui
454 2054 572 2091 diligunt
597 2063 703 2083 sacram
733 2055 904 2092 scripturam
932 2056 992 2084 dili-

144 2105 213 2137 gunt
234 2101 314 2130 etiam
348 2102 567 2138 philosophiam,
600 2105 631 2130 111
663 2110 712 2138 per
734 2110 793 2130 eam
827 2102 993 2131 confirment

144 2148 242 2182 fidem;
265 2148 312 2177 sed
333 2148 507 2185 philosophia
528 2151 569 2177 est
591 2148 704 2185 lienum
725 2149 862 2177 scientiae
883 2149 951 2178 boni
968 2153 993 2178 ct

144 2195 232 2228 mali,
254 2195 320 2231 quia
341 2195 449 2223 veritati
472 2195 611 2232 permixta
633 2198 675 2224 est
702 2196 813 2224 salsitas.
843 2196 893 2224 Sed
919 2197 940 2225 si
963 2204 992 2225 es

144 2242 297 2270 aemulator
319 2242 565 2279 philosophorum,
587 2242 670 2271 dicis:
692 2243 830 2279 quomodo
845 2244 935 2279 potuit
949 2243 992 2272 de-

143 2288 195 2325 cipi
218 2289 394 2317 Aristoteles?
417 2290 447 2317 Et
472 2298 526 2317 non
554 2289 644 2326 diligis
665 2298 770 2318 sacram
804 2290 990 2327 Scripturam3

142 2336 298 2364 necessario
319 2335 393 2364 cadis
414 2344 430 2364 a
450 2336 512 2364 fide.
535 2337 560 2365 Si
582 2337 650 2365 dicis
673 2337 807 2365 mundum
831 2341 991 2371 aeternum,

143 2382 211 2411 nihil
233 2382 286 2411 scis
307 2383 340 2411 de
362 2383 480 2412 Christo.
503 2384 527 2412 Si
550 2383 619 2412 dicis
646 2392 735 2412 unum
767 2384 935 2413 intellectum
964 2385 991 2413 in

142 2429 286 2463 omnibus,
308 2434 335 2458 et
356 2438 411 2458 non
432 2438 491 2459 esse
523 2431 678 2459 felicitatem
712 2434 774 2468 post
805 2432 875 2460 hanc
906 2432 989 2460 vitam

143 2483 193 2504 nec
215 2477 446 2505 resurrectionem
469 2479 661 2510 mortuorum;
683 2478 704 2506 si
727 2478 877 2506 manducas
891 2478 924 2507 de
940 2479 992 2507 isto

143 2523 220 2560 tigno
241 2524 377 2552 scientiae
398 2524 465 2552 boni
485 2528 509 2552 et
530 2524 619 2558 nzali;
651 2525 726 2553 cadis
757 2533 773 2553 a
794 2525 855 2554 fide.
888 2526 991 2554 Cavere

143 2569 243 2598 dehent
265 2570 314 2599 sibi
331 2570 466 2599 discentes
488 2579 559 2607 quae
575 2575 640 2600 sunt
655 2572 860 2608 philosophiae;
885 2573 992 2609 fugien-

206 2747 213 2759 ¹
232 2747 292 2769 ioan.
310 2747 336 2774 9,
355 2747 392 2769 116.

206 2785 215 2797 ³
232 2786 302 2813 Epist.
320 2786 342 2807 ll.
361 2785 412 2808 Cor.
431 2786 457 2812 3,
475 2786 496 2807 6.

739 2748 748 2761 2
765 2750 820 2771 Gen.
840 2750 865 2778 3,
884 2751 922 2772 23.
942 2757 989 2779 seq.

206 2825 215 2837 '¹
233 2826 301 2848 Exod.
321 2826 362 2852 3rl,
385 2827 418 2848 18.

206 2863 215 2876 ⁵
232 2865 287 2886 Luc.
304 2865 347 2892 20,
370 2865 403 2887 l-t..

207 2902 216 2916 θ
233 2904 280 2926 Gai.
298 2904 323 2931 5,
342 2905 364 2926 2.

207 2941 215 2954 ⁷
234 2943 304 2965 Exod.
321 2944 361 2971 21,
381 2943 417 2965 33.
436 2949 484 2972 seq.

1859 160 1894 189 63

1053 228 1118 257 dum
1140 232 1182 257 est
1202 237 1282 258 omne
1304 230 1387 264 illud,
1409 232 1481 267 quod
1504 236 1544 260 est
1565 234 1734 262 contrarium
1756 235 1895 266 doctrinae

1052 274 1169 309 Christi,
1192 276 1263 304 sicut
1284 276 1486 306 interfectivum
1508 278 1622 307 animae.
1644 280 1669 307 Si
1692 281 1807 317 probas,
1821 283 1895 318 quod

1052 322 1173 350 mundus
1194 322 1230 350 sit
1249 326 1394 357 aeternus,
1416 323 1505 357 dices,
1527 325 1600 362 quod
1621 326 1689 354 dicis
1710 334 1769 356 esse
1796 328 1895 364 proba-

1052 368 1139 397 tiones
1161 372 1237 403 tuas,
1260 369 1306 397 sed
1328 378 1380 398 non
1412 371 1509 400 credis.
1538 372 1621 406 Audi,
1651 374 1716 410 quid
1744 374 1845 403 dicitur
1867 376 1894 404 in

1052 415 1159 451 Lege⁷:
1182 415 1215 444 Si
1234 416 1301 453 quis
1322 418 1470 453 aperuerit
1501 419 1657 448 cisternam
1688 424 1713 448 et
1743 421 1851 458 foderit
1870 426 1895 451 et

1051 469 1109 488 non
1132 462 1279 497 operuerit
1299 471 1378 496 eam,
1401 464 1587 503 cecideritque
1609 466 1657 495 bos
1678 472 1730 495 aut
1746 468 1850 496 asinus
1864 469 1894 497 in

1051 515 1130 541 cani,
1154 509 1250 536 reddet
1271 509 1407 538 dontinus
1428 511 1569 540 cisternae
1597 514 1725 549 pretium
1755 515 1894 543 iumento-

1051 562 1129 582 rum.
1152 554 1262 589 Credis,
1284 556 1357 592 quod
1380 557 1498 594 Spiritus
1519 563 1630 588 sanctus
1644 560 1723 589 faciat
1738 561 1793 589 vim
1808 562 1841 590 de
1856 562 1894 590 so-

1052 607 1102 628 vea
1122 601 1292 630 materiali?
1313 603 1392 632 Certe
1413 612 1482 638 non,
1505 605 1551 633 sed
1572 606 1605 633 de
1620 606 1697 635 fovea
1711 608 1831 635 erroris.
1847 608 1900 636 Fo->

1051 654 1101 675 vea
1122 648 1268 684 aperitur,
1289 650 1399 685 quando
1420 651 1539 687 aliquam
1562 652 1706 681 falsitatem
1727 654 1792 682 facis
1807 655 1892 683 credi-

1051 693 1133 722 bilem
1156 697 1183 722 et
1203 695 1316 724 adducis
1338 696 1370 724 ad
1392 697 1444 725 hoc
1465 698 1599 733 1‘ati0nes3
1626 708 1678 728 non
1708 701 1823 730 circuitis
1850 702 1893 739 fo-

1050 749 1150 774 neam,
1172 742 1283 777 quando
1304 743 1424 772 rationes
1445 744 1559 774 dimittis
1581 746 1720 776 insolutas.
1736 748 1760 776 Si
1778 751 1843 777 tunc
1857 749 1893 777 di-

1050 787 1175 823 scipulus
1196 791 1262 817 tuus
1284 789 1355 817 cadit
1376 790 1402 817 111
1424 790 1529 819 foveam
1552 792 1623 820 illam
1646 794 1764 827 erroris,
1794 795 1894 824 teneris

1050 834 1082 863 ad
1105 835 1164 864 eius
1187 836 1397 865 restitutionem.
1420 837 1507 874 Aliqui
1537 839 1668 868 claudunt
1699 849 1756 869 eam
1789 842 1894 870 insuffi-

1051 881 1171 915 cienter;
1191 882 1301 911 dicunt:
1325 883 1391 911 fides
1413 887 1486 912 tenet
1507 886 1690 920 contrarium3
1706 886 1753 915 das
1769 888 1834 915 mihi
1850 896 1894 916 oc-

1050 928 1203 962 casionem,
1225 929 1298 965 quod
1322 930 1391 958 male
1413 930 1522 959 credam
1544 931 1577 959 de
1599 932 1666 966 fide,
1682 933 1747 969 quia
1765 944 1778 958 «
1793 934 1894 963 dubius

1050 974 1078 1002 in
1100 974 1153 1003 fide
1175 975 1293 1004 infidelis
1313 976 1375 1004 est8
1388 988 1414 1004 ».
1437 977 1540 1014 Aliquis
1560 978 1624 1006 facit
1639 986 1667 1007 se
1682 979 1843 1016 magistrum
1868 981 1893 1008 in

1050 1021 1179 1055 scientia,
1201 1022 1248 1058 qui
1271 1022 1339 1050 nihil
1361 1023 1460 1057 scivit,
1478 1027 1505 1052 et
1526 1028 1639 1061 generat
1666 1032 1784 1054 errores.
1814 1027 1895 1055 Sacra

1051 1068 1194 1104 Scriptura
1216 1069 1353 1098 maximae
1376 1070 1569 1106 profunditatis
1597 1075 1638 1100 est
1663 1076 1689 1100 et
1717 1072 1893 1101 difficultatis.

1050 1115 1153 1151 Aliquis
1176 1115 1247 1143 volet
1275 1124 1322 1152 per
1353 1117 1553 1153 philosophiam
1581 1118 1764 1147 determinare
1795 1124 1893 1156 myste-

1052 1161 1124 1190 rium
1146 1162 1296 1195 Trinitatis,
1319 1167 1345 1192 et
1366 1165 1477 1198 nesciet,
1500 1165 1565 1201 quid
1587 1165 1666 1193 dicat.
1689 1166 1805 1194 Deberet
1836 1174 1894 1195 esse

1051 1209 1178 1237 eruditus
1200 1209 1225 1237 in
1248 1217 1326 1238 sacra
1341 1211 1492 1247 Scriptura,
1508 1215 1555 1240 aut
1570 1220 1704 1248 quaerere
1725 1213 1759 1241 al)
1781 1213 1826 1241 illo
1847 1214 1893 1250 qui

1051 1256 1178 1284 eruditus
1200 1259 1255 1289 est3
1278 1257 1344 1293 quia
1365 1261 1473 1294 oportet
1501 1259 1526 1286 in
1550 1259 1722 1295 simplicitate
1748 1259 1809 1288 fidei
1838 1268 1894 1288 am-

1051 1302 1156 1331 bulare.
1173 1320 1210 1322 —
1226 1303 1301 1332 Patet
1316 1304 1396 1332 modo
1410 1305 1444 1333 de
1459 1305 1647 1334 sacerdotibus
1661 1309 1688 1334 et
1703 1306 1806 1340 levitis,
1822 1307 1894 1343 quod

1051 1350 1178 1378 nesciunt
1199 1351 1357 1385 Christum,
1380 1352 1535 1381 sacerdotes
1557 1356 1669 1389 propter
1701 1354 1842 1382 avaritiam
1868 1358 1895 1382 et

1052 1397 1149 1426 levitae
1172 1401 1284 1434 propter
1306 1399 1503 1428 curiositatem.

1131 1444 1169 1472 De
1193 1443 1365 1473 Pharisaeis
1387 1445 1451 1482 quid
1474 1446 1620 1474 dicemus?
1643 1447 1722 1480 Dico,
1748 1447 1819 1483 quod
1842 1447 1891 1483 ipsi

1052 1491 1178 1519 nesciunt
1203 1491 1343 1520 Christum
1371 1496 1483 1528 propter
1515 1492 1729 1521 iiuleootioneni.
1759 1494 1894 1522 scribitur

1051 1537 1077 1565 in
1095 1538 1307 1566 Deuteronomio
1319 1538 1344 1565 ⁹:
1363 1539 1472 1567 Eduacit
1482 1539 1562 1567 riuos
1577 1540 1609 1567 cle
1620 1544 1706 1576 petra
1720 1540 1891 1568 clitrissi'ma.

1052 1585 1088 1612 Et
1108 1584 1216 1613 cibavit
1237 1589 1260 1613 te
1280 1593 1393 1613 manna
1408 1586 1439 1614 in
1453 1586 1615 1620 solimitline,
1635 1587 1712 1624 quod
1732 1587 1893 1615 nescierunt

1047 1635 1149 1668 patres
1171 1632 1221 1660 tui.
1245 1632 1380 1669 Loquitur
1401 1633 1434 1661 ad
1459 1634 1591 1670 populum
1613 1634 1749 1667 iuvenem,
1771 1634 1818 1670 qui
1841 1633 1893 1661 iam

1051 1686 1100 1715 per
1114 1679 1255 1707 desertum
1271 1680 1451 1714 transierunt,
1466 1688 1586 1717 quorum
1602 1684 1693 1717 patres
1704 1680 1814 1709 mortui
1826 1684 1895 1708 sunt

1050 1726 1081 1753 in
1096 1725 1206 1754 deserto
1216 1726 1246 1753 ¹⁰.
1262 1743 1300 1746 —
1315 1726 1394 1760 Dicit,
1410 1727 1487 1764 quod
1499 1727 1663 1755 nescierunt
1677 1735 1798 1761 manna,
1811 1727 1894 1755 immo

1050 1773 1298 1807 manducaverunt,
1310 1774 1356 1802 sed
1368 1782 1423 1803 non
1438 1774 1603 1803 invenerunt
1619 1775 1644 1802 in
1661 1782 1692 1803 eo
1707 1782 1840 1811 saporem.
1856 1790 1894 1795 —

1049 1820 1110 1848 Duo
1132 1825 1197 1848 sunt
1218 1828 1319 1857 genera
1334 1821 1477 1849 hominum
1494 1822 1520 1849 in
1539 1821 1685 1850 solitudine
1700 1822 1756 1850 sive
1778 1822 1805 1849 in
1820 1823 1893 1850 statu

1050 1867 1178 1904 religioso
1199 1868 1387 1896 existentium.
1410 1868 1498 1905 Aliqui
1527 1871 1591 1896 sunt
1619 1869 1646 1896 in
1674 1868 1811 1905 Religione
1839 1875 1892 1896 non

1050 1914 1141 1947 corde,
1163 1914 1208 1942 sed
1232 1922 1362 1951 corpore,
1379 1915 1425 1951 qui
1449 1915 1638 1951 significantur
1659 1923 1708 1952 per
1729 1915 1789 1943 illos
1803 1915 1849 1952 qui
1866 1915 1893 1943 in

1050 1961 1160 1989 deserto
1179 1961 1327 1998 prostrati
1346 1966 1422 1990 sunt.
1446 1962 1489 1990 Isti
1512 1962 1666 1998 flagrabant
1686 1962 1820 1990 desiderio
1848 1961 1894 1990 de-

1050 2008 1176 2037 liciarum
1200 2009 1328 2045 Aegypti,
1350 2009 1471 2038 dicentes
1487 2009 1512 2037 in
1529 2013 1635 2037 mente:
1659 2010 1691 2037 111
1708 2013 1826 2037 mentem
1843 2017 1894 2037 no-

1051 2055 1093 2083 bis
1121 2056 1239 2084 veniunt
1260 2064 1428 2084 cucumeres
1450 2060 1474 2084 et
1493 2064 1617 2093 pepones
1635 2056 1777 2094 porrique
1802 2060 1827 2084 et
1851 2064 1892 2084 ee-

1048 2111 1104 2139 pae
1124 2107 1149 2131 et
1170 2103 1252 2137 allia,
1275 2112 1349 2141 quae
1370 2103 1588 2131 comedebamus
1615 2104 1646 2131 in
1676 2105 1803 2141 Aegypto
1822 2111 1893 2140 yra-

1051 2150 1088 2178 tis
1098 2151 1128 2177 ¹¹.
1141 2150 1189 2178 Alii
1202 2154 1266 2179 sunt
1282 2151 1307 2178 in
1323 2151 1458 2187 Religione
1472 2154 1572 2184 11161116,
1585 2151 1631 2187 qui
1644 2150 1833 2186 significantur
1844 2158 1893 2186 per

1051 2197 1173 2231 iuvenes,
1195 2197 1241 2233 qui
1264 2205 1317 2225 non
1340 2200 1405 2226 sunt
1426 2197 1512 2226 secuti
1535 2197 1752 2225 incredulitatem
1773 2200 1893 2232 patrum,

1050 2247 1077 2272 et
1098 2244 1141 2272 isti
1164 2252 1290 2280 saporem
1316 2243 1460 2272 inveniunt
1483 2244 1507 2271 in
1537 2251 1621 2280 pane,
1644 2251 1726 2280 quem
1755 2243 1827 2271 misit
1854 2243 1893 2271 eis

1052 2291 1137 2325 Deus,
1154 2291 1187 2319 de
1202 2299 1258 2327 quo
1273 2299 1342 2327 pane
1364 2290 1465 2319 dicitur
1481 2290 1506 2318 in
1523 2290 1594 2318 libro
1608 2289 1760 2326 Sapientiae
1778 2289 1815 2317 ¹²:
1834 2290 1892 2317 Pa-

1049 2347 1114 2366 116111
1135 2338 1169 2366 de
1190 2338 1268 2366 caelo
1287 2338 1463 2375 praestitisti
1483 2338 1540 2365 iliis
1555 2337 1617 2365 sinc
1631 2336 1738 2370 labore,
1754 2345 1835 2365 omne
1850 2337 1893 2364 de-

1049 2385 1250 2413 lectamentum
1273 2385 1304 2413 in
1323 2393 1353 2413 se
1374 2384 1521 2413 habentem
1542 2388 1568 2412 et
1588 2384 1682 2412 omnis
1695 2384 1812 2420 saporis
1826 2392 1894 2411 sua-

1019 2463 1026 2470 ,
1048 2432 1175 2460 vitatem.
1198 2432 1268 2468 Quis
1287 2436 1327 2460 est
1349 2433 1399 2460 iste
1421 2432 1522 2468 panis?
1544 2431 1595 2459 1516
1616 2433 1657 2459 651
1677 2431 1763 2467 panis,
1783 2430 1816 2459 de
1837 2438 1893 2467 quo

1048 2479 1114 2507 dicit
1135 2479 1270 2507 Dominus
1301 2479 1326 2507 in
1360 2476 1472 2507 loanne:
1496 2479 1554 2515 Eyo
1585 2486 1649 2505 suin
1675 2477 1764 2513 panis
1794 2477 1888 2511 suiuus,

1049 2526 1100 2564 qui
1120 2526 1154 2554 de
1175 2525 1253 2554 caelo
1274 2525 1414 2553 descendi.
1438 2525 1534 2553 Panem
1561 2524 1643 2553 istum
1673 2523 1821 2552 comedunt
1842 2523 1889 2560 qui

1048 2573 1074 2600 in
1099 2573 1235 2609 Religione
1264 2572 1346 2601 corde
1375 2575 1596 2605 commorantur,
1618 2575 1643 2599 et
1672 2578 1771 2607 aquam
1794 2571 1891 2599 hibunt

1110 2749 1118 2762 Β
1136 2751 1233 2777 Gregor.
1251 2750 1297 2776 lx„
1315 2750 1335 2771 in
1355 2749 1443 2770 Decret.
1460 2754 1480 2769 (κ
1498 2746 1587 2770 Dubius
1605 2746 1627 2769 in
1644 2745 1688 2775 fide
1707 2746 1735 2774 (c.
1761 2746 1795 2773 l.),
1816 2745 1844 2767 X.
1862 2745 1891 2767 de

1048 2789 1171 2811 Haereticis
1189 2788 1248 2817 (libr.
1267 2789 1294 2810 V.
1312 2788 1343 2810 tit.
1361 2788 1402 2816 7.).

1110 2827 1120 2840 0
1136 2827 1191 2856 Cap.
1211 2829 1237 2854 8,
1260 2828 1292 2849 15.
1309 2833 1370 2855 seq.;
1389 2827 1428 2847 cl'r.
1447 2825 1516 2847 Exod.
1538 2825 1574 2850 17,
1593 2825 1613 2845 6.
1631 2827 1652 2845 et
1670 2824 1711 2850 116,
1729 2823 1765 2844 15.

1112 2866 1131 2878 ¹⁰
1149 2867 1216 2888 Num.
1235 2866 1276 2892 14,
1295 2865 1335 2892 37;
1353 2866 1393 2887 cfr.
1407 2866 1421 2885 1.
1433 2863 1485 2886 Cor.
1504 2864 1545 2889 lo,
1563 2863 1583 2884 5.
1601 2865 1622 2884 et
1640 2861 1708 2883 Hebr.
1726 2862 1752 2888 3,
1769 2860 1801 2883 17.
1814 2864 1835 2883 et
1848 2868 1888 2888 pro

1049 2905 1200 2934 sequentibus
1218 2905 1283 2927 Num.
1302 2904 1342 2931 21,
1360 2904 1380 2925 5.
1688 2899 1705 2912 ¹¹
1724 2900 1791 2922 Num.
1809 2900 1849 2927 11,
1867 2900 1890 2922 5,

1112 2942 1131 2956 ¹²
1149 2943 1205 2971 Cap.
1224 2944 1264 2969 16,
1283 2943 1319 2964 20.
1338 2942 1445 2970 Sequitur
1464 2941 1522 2963 ioan.
1540 2941 1566 2967 ὃ,
1589 2940 1621 2962 tl.

1912 382 2017 402 Notandum
2022 398 2026 402 .

1917 1452 1944 1471 De
1958 1452 2021 1471 Phari-

1911 1476 1959 1494 saeis
1972 1476 2024 1502 inde-

1942 1501 1988 1517 rotis

1911 1826 2021 1853 Applicatur

1908 1850 1932 1868 ..1
1946 1850 2027 1892 etw-
