2243 3348
17 568 117 618 adunanda.

33 823 37 864 l

35 866 36 891 l

0 964 2 973 ³
25 962 108 982 „Franci-

41 991 78 1005 cus.

16 1808 32 1823 ⁸0
44 1804 104 1824 tertia.

27 1945 99 1964 Franci-

14 1979 15 1983 «
23 1973 70 1987 scus.

627 133 670 161 DE
691 134 716 162 S.
740 134 842 163 PATRE
865 134 996 163 NOSTRO
1017 136 1202 165 FRANCISCO.
1225 138 1335 166 SERMO
1357 138 1384 166 li.

136 209 289 239 luculenter
309 210 460 246 apparebat
481 210 503 239 ei
528 211 644 245 veritas,
666 215 693 239 et
711 219 774 240 cum
796 215 892 240 notum
907 215 979 241 esset

135 256 168 290 ei,
189 255 262 292 quod
284 255 396 284 deberet
408 257 601 293 praedicationi
618 265 724 291 vacare,
747 258 914 294 praedicavit
930 259 978 287 ho-

136 303 255 331 minibus
275 305 302 331 et
323 303 481 331 succinctus
495 303 582 331 exivit
602 304 635 332 ad
651 312 700 332 sex
718 305 853 333 milliaria.
874 305 978 334 Invenit

133 356 230 385 agrum
252 348 364 385 plenum
386 349 500 382 avibus,
515 352 542 377 et
556 350 706 378 audierunt
726 358 789 378 eum
812 359 884 379 aves.
907 351 977 380 Obe-

133 395 319 424 dientissimus
340 395 395 423 Deo
415 395 482 429 fuit;
505 395 565 423 ideo
593 399 619 424 et
645 400 789 425 creaturae
816 398 840 425 ei
868 397 977 426 obedie-

134 443 212 471 bant:
238 450 325 479 aqua,
353 443 416 476 aer,
444 445 532 476 terra,
561 442 683 476 caelum,
709 447 735 471 et
761 444 863 473 bestiae
886 447 976 473 terrae

132 488 314 517 accurrebant
333 488 366 516 ad
388 496 461 517 eum.

210 534 334 564 Secundo
356 535 458 571 placuit
478 535 575 563 beatus
597 535 757 564 Franciscus
778 537 894 565 Domino
913 545 976 573 pro-

133 585 192 620 pter
224 582 408 610 rectitudinis
439 582 673 610 aemulationem.
702 583 838 611 scribitur
855 585 873 617 ¹,
902 584 975 620 quod

132 629 253 658 Phimes
275 629 305 657 iu
328 628 452 657 bonitate
473 632 497 657 cl
518 628 673 656 alacritate
687 629 806 657 animae
820 638 892 657 suae
912 630 975 666 pla-

131 677 190 705 cuit
214 677 268 704 Deo
287 684 343 712 pro
368 676 469 709 Israel,
491 675 602 712 quando
623 676 760 712 percussit
780 676 974 705 fornicatorem

130 727 157 752 et
170 722 371 752 fornicatricem
393 723 513 751 insimul.
529 723 639 751 Nullum
656 722 821 750 sacrificium
836 723 975 759 acceptius

130 773 170 798 est
194 770 247 798 Deo
272 777 355 806 quam
386 769 461 798 zelus
491 769 655 797 animarum.
679 769 792 805 Propter
820 769 902 797 istum
932 777 975 797 ze-

130 817 186 846 lum
207 816 347 845 descendit
369 816 495 845 Christus
515 816 541 844 in
559 820 662 845 terram
677 819 704 844 et
726 816 813 844 multa
828 816 898 843 mala
913 823 974 852 per-

130 871 226 900 pessus
255 866 311 897 est;
344 866 370 892 et
402 867 515 899 propter
546 863 628 891 istum
661 863 749 891 zelum
778 861 920 890 choclt²
948 866 975 890 et

131 910 211 939 Elia-s
233 910 372 938 translati
392 913 462 938 suut
481 910 512 938 iu
531 909 720 946 paradisum.
743 909 862 937 salvabit
888 909 974 937 iustos

130 957 262 986 Dominus
283 960 310 985 et
331 957 429 993 impios
451 956 672 985 condemnabit?
696 972 732 977 —
755 956 868 992 Propter
890 956 972 984 istum

129 1005 217 1033 zelum
234 1008 330 1041 raptus
345 1007 372 1033 et
386 1003 551 1032 sublimatus
565 1003 616 1031 l'uit
631 1003 727 1031 beatus
742 1003 910 1031 Franciscus.
923 1003 973 1039 Ap-

128 1052 220 1089 paruit
241 1051 310 1080 visio
330 1051 416 1079 Fratri
440 1050 568 1084 Pacifico,
590 1054 616 1079 et
639 1050 705 1078 vidit
729 1050 839 1078 beatum
865 1050 973 1078 Franci—

128 1106 204 1128 scum
227 1098 392 1126 transversis
416 1097 528 1126 ensibus
557 1097 634 1125 valde
662 1096 832 1134 fulgentibus
861 1097 885 1125 iu
916 1105 972 1125 mo-

126 1145 191 1174 dum
214 1145 305 1173 crucis
327 1145 474 1181 signatum,
496 1152 615 1181 quorum
637 1152 712 1172 unus
737 1152 753 1172 a
774 1144 862 1180 capite
883 1152 972 1180 usque

126 1193 158 1221 ad
182 1192 271 1228 pedes,
294 1192 364 1220 alius
385 1200 400 1219 a
421 1191 549 1220 manibus
570 1199 660 1228 usque
681 1191 713 1219 ad
737 1195 841 1227 pectus.
860 1192 972 1227 Propter

126 1240 207 1268 istum
231 1239 319 1267 zelum
342 1239 444 1267 meruit
465 1239 534 1275 rapi,
553 1238 786 1275 (praedicaturus)
808 1238 834 1266 in
857 1238 971 1266 ecclesia

125 1285 285 1322 (cathedrali
301 1286 340 1321 4);
363 1288 389 1313 et
410 1288 489 1313 eraut
511 1285 619 1313 Fratres
640 1285 682 1313 sui
704 1285 731 1312 in
754 1285 858 1318 locello,
880 1288 906 1313 et
930 1284 970 1312 di-

125 1332 214 1361 stabat
234 1332 269 1361 ab
290 1340 322 1360 eo
344 1340 392 1369 per
407 1332 524 1360 milliare
539 1339 636 1365 unum,
652 1331 678 1359 id
700 1335 741 1360 est
761 1339 809 1368 per
830 1331 969 1359 dimidiam

124 1379 230 1408 leucam
253 1379 333 1407 istius
348 1382 448 1412 terrae,
471 1382 497 1407 et
518 1379 647 1415 apparuit
662 1379 804 1407 Fratribus
822 1378 970 1414 transfigu-

124 1432 201 1455 ratus
222 1426 248 1454 in
265 1434 352 1454 curru
367 1426 455 1462 igneo,
476 1429 503 1454 et
518 1425 646 1454 illustrati
663 1429 727 1453 sunt
742 1425 768 1453 in
784 1428 890 1453 tantum
907 1426 969 1454 Fra-

125 1477 189 1506 tres,
212 1473 285 1510 quod
315 1481 388 1501 unus
409 1472 477 1501 vidit
499 1472 573 1509 quod
600 1476 660 1501 erat
688 1472 714 1500 in
744 1472 911 1500 conscientia
931 1473 969 1500 al-

123 1520 218 1549 terius.
242 1520 292 1548 Iste
315 1524 411 1556 raptus
432 1520 483 1548 fuit
504 1527 567 1548 cum
591 1519 655 1553 Elia,
678 1519 788 1556 placens
816 1519 904 1547 factus
928 1523 969 1547 est

124 1567 179 1595 Deo
200 1570 227 1595 et
248 1567 274 1595 in
297 1566 462 1595 rectitudine
477 1566 668 1594 aemulationis
684 1566 786 1602 placuit
807 1566 871 1594 Deo.
888 1566 967 1594 Pauci

122 1614 204 1642 modo
231 1617 331 1642 curant
359 1614 392 1642 de
420 1617 527 1650 strage,
556 1621 639 1649 quam
669 1613 732 1641 facit
756 1613 897 1647 diabolus;
921 1613 967 1641 sed

122 1661 219 1690 beatus
239 1661 401 1689 Franciscus
421 1660 504 1688 flebat
525 1660 647 1696 quotidie
665 1668 715 1696 pro
738 1660 855 1696 peccatis
870 1660 927 1688 suis
941 1663 969 1688 et

122 1708 225 1737 alienis.

200 1755 293 1784 Tertio
314 1754 480 1791 complacuit
503 1754 557 1783 Deo
579 1754 605 1782 in
621 1762 653 1782 eo
675 1757 789 1790 propter
810 1753 968 1782 devotionis

121 1803 295 1831 suavitatem
303 1812 313 1835 ;
339 1802 462 1831 Psalmus
477 1802 503 1829 5:
526 1801 666 1830 Laudabo
695 1809 797 1829 nomeu
828 1801 879 1829 Dei
899 1803 966 1834 etc.;

122 1850 263 1887 sequitur:
285 1852 310 1878 et
327 1849 452 1886 placebit
474 1849 529 1877 Deo
550 1857 639 1885 super
660 1848 785 1876 vitulum
807 1847 966 1881 novellum,

122 1904 235 1924 cornua
253 1896 459 1932 producentem
485 1899 510 1923 et
538 1894 675 1931 uuqulas.
699 1894 903 1930 Sacrificium,
926 1895 967 1922 in-

121 1943 196 1980 quit,
219 1943 318 1971 laudis
332 1942 536 1979 honorificabit
551 1951 603 1970 mc.
619 1959 656 1962 —
673 1942 710 1970 lta
725 1941 877 1970 infrenatus
889 1942 899 1958 ⁶
915 1942 967 1970 suit

121 1989 217 2018 beatus
239 1989 399 2018 Franciscus
422 1988 501 2017 laude
522 1988 622 2023 divina,
645 1988 728 2025 quod,
744 1991 775 2016 ut
789 1988 860 2016 dixit
875 1988 966 2016 socius

120 2044 197 2070 suus,
212 2036 326 2065 dicendo
341 2036 424 2064 horas
439 2035 599 2072 rapiebatur
608 2046 615 2069 ;
630 2039 657 2063 et
671 2035 742 2063 dixit
756 2035 860 2063 Fratri:
886 2046 899 2061 «
916 2035 965 2063 Re-

120 2083 185 2112 cede
200 2095 226 2117 »,
255 2091 317 2111 cum
347 2083 460 2111 deberet
488 2082 556 2119 rapi.
586 2082 725 2118 Quaesivit
746 2082 780 2110 ab
802 2090 834 2110 eo
854 2082 964 2111 Frater:

124 2141 137 2155 α
152 2130 245 2158 Nonne
267 2130 366 2158 melius
387 2134 473 2164 esset,
496 2129 568 2166 quod
590 2129 696 2158 diceres
725 2129 808 2157 horas
830 2129 919 2165 primo
934 2132 965 2157 »t

121 2177 152 2205 Et
173 2176 314 2213 respondit
335 2177 357 2205 ei
374 2176 483 2205 dicens:
510 2188 522 2201 «
539 2176 618 2205 Istam
634 2176 816 2204 visitationem
833 2184 886 2204 non
904 2184 964 2212 pos-

120 2231 180 2252 sum
203 2231 310 2260 semper
332 2223 450 2258 hahere,
472 2223 582 2260 quando
604 2223 679 2256 volo,
708 2223 773 2259 quia
795 2231 847 2251 non
875 2227 916 2251 est
937 2223 963 2251 in

120 2274 254 2308 potestate
277 2279 351 2305 niea3
374 2271 419 2299 sed
450 2278 579 2307 possum,
608 2270 718 2307 quando
739 2270 816 2304 volo,
843 2270 964 2307 incipere

120 2318 217 2352 horas;
239 2321 266 2346 et
287 2318 358 2346 malo
379 2318 438 2346 illas
453 2317 627 2354 postmodum
642 2317 763 2353 incipere
785 2325 867 2354 quain
884 2317 962 2345 istam

120 2364 301 2393 visitationem
322 2364 439 2401 perdere
454 2376 480 2392 ».
503 2363 617 2400 Quando
639 2372 689 2400 pro
717 2363 776 2392 aliis
798 2364 904 2398 orabat,
925 2364 962 2392 illi

119 2411 273 2440 sentiebant
293 2411 465 2440 dulcedinem
495 2411 675 2448 spiritualem.
705 2410 832 2439 Obviavit
856 2411 880 2439 ei
902 2411 964 2448 qui-

119 2459 179 2487 dam
195 2459 279 2487 abbas
295 2459 304 2475 ⁷
327 2459 514 2487 Cisterciensis
528 2458 646 2487 Ordinis.
663 2459 775 2495 Rogavit
797 2466 870 2491 eum,
889 2458 962 2494 quod

119 2513 169 2541 pro
190 2513 222 2534 eo
243 2508 350 2539 oraret3
373 2508 400 2533 et
420 2513 483 2533 cum
506 2508 614 2539 oraret,
633 2504 700 2540 (ille)
723 2507 826 2532 tantam
841 2504 963 2533 dulcedi-

1825 143 1876 171 581

1035 221 1097 242 nem
1119 215 1219 249 sensit,
1241 215 1314 252 quod
1337 224 1478 253 nunquam
1507 220 1588 246 antea
1616 221 1717 247 tantam
1747 224 1878 248 senserat.

1035 260 1248 290 Commendatur
1269 263 1354 299 igitur
1375 263 1473 292 beatus
1487 264 1648 293 Franciscus
1669 265 1703 294 ab
1725 266 1879 295 humilitate

1035 307 1171 343 profunda
1192 312 1218 336 et
1239 317 1255 337 a
1277 309 1379 338 virtute
1402 310 1524 346 probata.

1113 355 1151 382 lll.
1174 355 1266 384 Tertio
1294 357 1502 386 commendatur
1529 366 1545 386 a
1572 358 1695 387 caritate
1722 359 1878 396 plenaria,
1897 368 2026 394 rasiano

1034 407 1096 428 cum
1118 400 1235 429 dicitur:
1258 402 1403 438 Spiritum
1424 411 1519 431 meum
1542 404 1609 433 (ledi
1628 413 1717 442 super
1738 414 1814 439 eum,
1837 406 1879 433 iu-
1896 391 2026 433 carissffapm‘

1033 446 1144 475 (licium
1163 448 1296 484 yentlbus
1321 448 1458 485 proferet.
1485 451 1629 487 Apostolus
1656 451 1688 479 ad
1718 452 1877 481 Romanos8

1032 493 1113 521 dicit:
1138 494 1256 522 Caritas
1280 496 1331 523 Dei
1351 495 1462 533 diffusa
1482 501 1522 525 est
1551 498 1582 525 in
1603 498 1741 527 cordibus
1767 500 1877 528 uostris

1029 548 1083 576 per
1106 540 1247 576 Spiritum
1270 546 1423 576 sanctum,
1445 543 1497 580 qui
1516 544 1605 572 clatus
1632 549 1672 573 est
1696 545 1786 574 uobis.
1814 546 1878 583 Spi-

1032 586 1110 614 ritus
1136 591 1258 615 sauctus
1283 588 1384 622 datur,
1406 590 1516 625 quando
1543 591 1643 619 caritas
1667 591 1756 620 datur.
1786 593 1877 621 Posuit

1034 633 1166 662 Dominus
1187 634 1212 661 in
1235 642 1266 662 eo
1289 635 1433 671 Spiritum
1456 644 1537 664 suum
1560 640 1587 666 et
1612 641 1704 674 postea
1728 639 1804 667 (ledit
1832 639 1877 667 iu-

1032 679 1160 713 (licium;
1182 681 1255 709 unde
1270 681 1296 709 in
1314 682 1473 718 Evangelio:
1498 683 1561 711 Nou
1576 684 1651 712 euim
1668 693 1716 712 uos
1734 686 1810 720 estis,
1826 687 1878 723 qui

1033 726 1195 764 loquimini,
1217 728 1266 756 sed
1288 728 1417 765 Spiritus
1440 730 1541 758 Patris
1555 731 1654 765 vestri,
1676 732 1728 769 qui
1748 732 1876 770 loquitur

1032 773 1063 801 iu
1093 773 1181 801 vobis.
1209 774 1293 808 Dicit,
1323 775 1395 811 quod
1425 776 1502 803 (ledit
1529 785 1617 813 super
1645 786 1708 806 cum
1732 779 1876 815 Spiritum

1031 827 1124 847 suum.
1146 820 1232 855 Quem
1255 820 1407 856 Spiritum?
1433 822 1483 857 Qui
1509 822 1579 851 alios
1601 827 1691 859 posset
1714 824 1828 857 docere,
1851 825 1875 853 id

1031 868 1081 899 est,
1102 865 1175 894 dedit
1196 866 1218 894 ei
1235 866 1362 902 spiritum
1378 867 1592 896 hierarchicum.
1615 870 1766 898 Scribitur:
1783 871 1876 907 Spiri-

1032 916 1078 940 tus
1099 912 1162 940 eius
1190 913 1306 941 ornavit
1334 913 1435 941 caelos.
1457 914 1606 951 Gregorius
1622 915 1647 943 ⁹:
1679 927 1691 941 <t
1707 916 1874 946 Ornamenta

1031 959 1169 987 caelorum
1193 962 1257 987 sunt
1279 959 1396 988 virtutes
1419 961 1633 997 praedicantium
1650 974 1676 989 n.
1700 963 1780 997 Dico,
1802 965 1874 1000 quod

1031 1006 1154 1034 dedisci
1184 1006 1322 1042 spiritum
1350 1008 1561 1044 puryativum,
1590 1008 1821 1039 illuminativum
1849 1014 1875 1039 et
1903 1020 1992 1047 ¹spiritu-s

1029 1052 1219 1090 perfectivum
1236 1053 1269 1086 ¹⁰,
1301 1054 1366 1089 quia
1395 1054 1514 1090 Spiritus
1536 1055 1641 1083 Domini
1667 1057 1757 1093 primo
1785 1057 1874 1093 ipsum
1889 1043 2015 1090 Μῖἷῗὲῗὲἕῗω

1027 1099 1185 1136 purqaoit,
1208 1100 1328 1128 secundo
1350 1100 1439 1136 ipsum
1462 1100 1656 1136 illuminavit,
1680 1104 1761 1132 tertio
1783 1104 1872 1140 ipsum

1028 1145 1156 1183 perfecit.
1173 1163 1209 1166 -—
1227 1147 1316 1175 Primo
1331 1147 1405 1175 dedit
1426 1147 1449 1175 ei
1466 1148 1598 1177 Dominus
1613 1149 1740 1185 spiritum
1760 1159 1874 1188 purya-
1887 1160 2021 1187 Spirituspur-

1029 1193 1135 1227 tiouiu,
1150 1193 1184 1221 de
1205 1201 1261 1229 quo
1276 1193 1301 1221 in
1320 1194 1459 1222 Ezechiele
1472 1196 1511 1222 1¹:
1534 1195 1663 1232 Spiritus
1677 1205 1788 1235 quoque
1802 1198 1874 1226 leuu-
1910 1186 1988 1207 gamm

1028 1240 1069 1268 vuit
1084 1248 1142 1273 iue;
1157 1243 1181 1267 et
1196 1240 1258 1268 abii
1272 1249 1399 1268 umarus
1413 1242 1444 1269 iu
1456 1242 1655 1279 indignatione
1669 1244 1792 1279 spiritus
1804 1245 1873 1278 mei,-

1028 1296 1136 1315 muuus
1158 1288 1232 1315 euim
1255 1288 1372 1316 Domini
1391 1293 1455 1317 crat
1476 1297 1605 1323 meeum,
1628 1289 1798 1327 confortans
1820 1300 1871 1320 mc.

1028 1350 1063 1353 ——
1086 1335 1205 1370 Spiritus
1227 1337 1319 1363 noster
1337 1338 1378 1363 est
1400 1335 1572 1372 purificatus,
1594 1337 1704 1373 quando
1725 1338 1759 1366 ab
1780 1346 1874 1367 amore

1028 1384 1203 1409 terrenorum
1225 1384 1265 1409 est
1280 1385 1486 1418 sequestratum
1508 1382 1580 1410 sicut
1599 1383 1648 1411 lux
1670 1385 1762 1412 aerem
1785 1384 1874 1413 reddit

1027 1427 1184 1464 puriorem,
1207 1427 1244 1455 ita
1264 1428 1370 1462 anima,
1392 1429 1502 1465 quando
1534 1429 1630 1457 unitur
1658 1430 1713 1458 Deo
1744 1434 1872 1465 aeterno,

1028 1482 1098 1511 pura
1119 1474 1247 1508 efficitur,
1270 1478 1297 1502 et
1318 1475 1428 1511 quando
1450 1475 1546 1503 unitur
1561 1480 1705 1505 creaturae
1727 1485 1776 1513 per
1797 1486 1872 1506 amo-

1027 1529 1102 1555 rem,
1125 1521 1156 1549 fit
1177 1521 1199 1549 ei
1230 1521 1334 1550 similis.
1365 1522 1450 1550 Dicit:
1473 1522 1577 1551 leuauit
1598 1532 1659 1557 nux
1684 1524 1815 1553 scribitur
1845 1525 1871 1553 in

1028 1568 1087 1596 lob:
1121 1568 1315 1604 Suspeiulium
1348 1569 1429 1605 eleyit
1460 1569 1563 1597 anima
1593 1579 1666 1598 mea.
1700 1571 1730 1598 Et
1761 1571 1871 1607 quando

1026 1615 1116 1642 anima
1137 1615 1262 1643 elevatur
1283 1615 1316 1643 ad
1339 1615 1435 1649 Deum,
1458 1618 1524 1643 tunc
1547 1624 1655 1645 necesse
1676 1620 1726 1651 est,
1748 1617 1821 1653 quod
1843 1618 1870 1646 in

1025 1670 1057 1690 ea
1078 1662 1113 1690 sit
1134 1661 1320 1695 amaritudo,
1354 1665 1381 1690 et
1409 1662 1481 1699 quod
1510 1663 1685 1692 abominetur
1713 1667 1869 1692 creaturam

1026 1711 1206 1744 praesentem.
1238 1708 1314 1736 Unde
1345 1708 1416 1737 dixit
1447 1717 1497 1737 rex
1532 1709 1674 1738 Ezechias:
1701 1711 1870 1747 Recepitabo

1025 1755 1077 1783 tibi
1109 1764 1205 1783 omues
1237 1764 1332 1783 anuos
1362 1764 1439 1784 meos
1471 1756 1502 1784 iu
1523 1757 1724 1785 (tutariludiue
1751 1758 1869 1786 (militae

1025 1811 1111 1830 meae.
1133 1818 1171 1822 -—
1198 1803 1248 1831 Iste
1277 1803 1391 1839 spiritus
1420 1803 1597 1840 purgativus,
1620 1804 1818 1833 confortativus
1843 1808 1869 1833 et

1024 1849 1175 1878 elevativus
1197 1850 1313 1878 elevavit
1342 1850 1451 1878 beatum
1478 1851 1667 1885 Franciscuim
1690 1852 1799 1888 quando
1821 1852 1869 1880 ivit

1024 1897 1152 1930 Romam⁷
1175 1896 1264 1925 stabat
1284 1896 1407 1925 elevatus
1429 1897 1454 1925 in
1470 1899 1533 1926 aere
1554 1906 1570 1925 a
1585 1901 1674 1931 terra,
1697 1901 1723 1926 et
1746 1898 1811 1926 vidit
1826 1906 1868 1927 sa-

1024 1943 1120 1972 cerdos
1141 1943 1269 1980 quidam.
1292 1944 1364 1980 quod
1387 1944 1510 1972 elevatus
1531 1948 1590 1973 erat
1610 1953 1626 1973 a
1653 1948 1728 1973 terra
1753 1945 1785 1973 ad
1807 1953 1869 1982 spa-

1024 1990 1091 2018 tium
1114 1990 1197 2018 unius
1218 1990 1297 2024 dolii3
1320 1994 1346 2018 et
1367 1991 1448 2019 etiam
1470 1992 1578 2019 Fratres
1594 1991 1722 2020 viderunt
1737 2000 1799 2020 eum
1818 1992 1869 2021 fre-

1023 2039 1140 2073 quenter
1161 2037 1297 2065 elevatum
1320 2045 1335 2065 a
1357 2040 1439 2065 terra.
1457 2038 1529 2066 Istud
1545 2038 1608 2066 facit
1623 2046 1731 2066 summa
1751 2039 1866 2075 puritas.

1022 2084 1113 2120 Angeli
1136 2083 1263 2111 levabant.
1284 2091 1347 2112 eum
1370 2084 1395 2112 in
1409 2085 1510 2118 aerem,
1526 2088 1553 2112 et
1567 2085 1657 2119 etiam,
1674 2088 1704 2113 ut
1720 2086 1819 2122 legitur
1836 2086 1866 2119 ¹2,

1021 2129 1112 2166 Angeli
1143 2130 1270 2158 levabant
1301 2130 1502 2167 Magri-alenam,
1524 2131 1634 2167 quando
1655 2131 1759 2160 orabat.
1792 2132 1866 2160 Istud

1022 2177 1088 2205 nulli
1112 2177 1271 2205 conceditur
1293 2177 1343 2205 nisi
1367 2178 1469 2206 homini
1493 2178 1606 2206 elevato.

1101 2223 1226 2252 Secundo
1247 2223 1321 2252 dedit
1343 2224 1379 2252 illi
1404 2224 1537 2252 Dominus
1559 2225 1686 2261 spiritum
1717 2225 1866 2253 illumina·
1879 2235 2013 2263 ερῑςειυςῑιια.

1021 2271 1130 2304 timum
1151 2270 1223 2299 unde
1246 2271 1373 2299 convenit
1393 2271 1416 2299 ei
1439 2272 1512 2308 quod
1534 2272 1635 2300 dicitur
1651 2272 1676 2299 in
1699 2272 1866 2301 Ecclesiasti-
1893 2260 2000 2277 mmmm

1021 2325 1052 2345 co
1068 2317 1106 2344 ¹³:
1129 2317 1163 2345 Iu
1185 2317 1277 2345 medio
1300 2317 1443 2346 Ecclesiae
1464 2318 1573 2355 aperiet
1594 2327 1625 2346 os
1646 2318 1708 2346 eius
1728 2322 1754 2347 et
1774 2319 1867 2347 adim-

1018 2363 1103 2400 plebit
1120 2364 1200 2392 illum
1216 2364 1325 2401 spiritu
1339 2365 1500 2401 sapientiae
1514 2368 1538 2393 et
1553 2365 1719 2393 intellectus.
1736 2382 1771 2385 —
1784 2366 1866 2394 Litte-
1887 2376 1905 2394 s.
1919 2376 1994 2394 Franci-

1020 2418 1065 2439 ras
1080 2419 1133 2439 non
1150 2411 1228 2439 scivit
1246 2419 1296 2440 nec
1312 2411 1507 2440 instructorem
1524 2412 1636 2445 habuit;
1652 2415 1742 2441 tamen
1759 2413 1866 2449 praedi·
1915 2404 1963 2418 ω

1019 2457 1090 2485 cavit
1112 2465 1161 2486 nec
1183 2458 1299 2486 verbum
1323 2466 1409 2486 unum
1435 2459 1652 2495 reprehensibile
1680 2459 1765 2493 dixit3
1792 2460 1866 2488 simi-

1020 2504 1081 2533 liter
1093 2505 1233 2533 Antonius.
1246 2506 1363 2541 Apostoli
1380 2506 1484 2534 litteras
1498 2513 1552 2534 non
1567 2505 1777 2540 addidiscerant‚
1793 2507 1865 2543 pleni

1891 1813 1909 1832 S.
1923 1814 1999 1834 Franci-

1917 1843 1967 1857 scus.

180 2658 188 2670 ¹
207 2659 274 2681 Eccli.
291 2659 328 2685 45,
346 2660 384 2681 28.
400 2665 449 2687 seq.
466 2663 488 2681 et
505 2659 556 2681 dein
574 2659 695 2687 respicitur
712 2660 778 2681 Num.
797 2659 834 2686 25,
852 2660 873 2681 8.

180 2696 188 2709 ²
206 2697 266 2720 Vide
283 2698 349 2720 Eccl'i.
368 2697 408 2725 tt,
429 2698 463 2719 16.
481 2701 503 2720 et
521 2698 556 2719 lV.
574 2698 631 2725 Reg.
649 2699 675 2724 2,
694 2698 730 2719 yll.

180 2735 189 2748 ³
207 2737 335 2764 Respicitur
352 2737 385 2758 lli.
402 2737 457 2764 Reg.
477 2737 498 2764 8,
515 2737 553 2758 32.
571 2749 599 2752 —
618 2737 649 2758 De
661 2737 750 2759 visione
768 2737 801 2758 Fr.
820 2737 908 2759 Pacifici
920 2738 960 2759 cfr.

118 2775 210 2801 Bonav.,
228 2775 336 2802 Legenda
353 2776 375 2797 S.
393 2775 513 2802 Francisci,
531 2782 550 2797 c.
570 2775 606 2797 13.
626 2782 647 2797 n.
666 2776 702 2797 43.

179 2813 189 2825 4
205 2814 276 2836 Adest
292 2814 371 2836 lacuna
390 2814 412 2836 in
430 2814 522 2841 codice;
534 2820 560 2836 ex
576 2814 681 2841 Legenda
698 2815 719 2836 S.
732 2815 826 2842 Bonan,
839 2820 857 2836 c.
872 2814 893 2836 4.
907 2821 928 2836 n.
940 2814 960 2836 t.

118 2853 262 2875 adiunximus
279 2853 346 2875 etiam
362 2852 555 2882 praedicaturus,
574 2857 597 2874 ut
614 2859 695 2875 sensus
712 2853 741 2875 sit
757 2859 881 2880 congruus.

180 2892 189 2905 ⁵
207 2892 286 2913 Psaim.
305 2892 342 2919 68,
360 2892 397 2913 311.
414 2897 475 2919 seq.;
493 2892 597 2919 sequitur
616 2892 648 2913 Ps.
668 2891 708 2918 49,
727 2892 764 2913 23.

180 2929 189 2942 ⁶
207 2930 251 2952 Csr.
269 2930 393 2957 Forceilini,
410 2930 505 2952 Lexicou
523 2933 577 2952 etc:
596 2930 740 2959 lusi-enatus,
758 2937 803 2952 non
821 2932 928 2953 frenatus.

1082 2658 1090 2671 ⁷
1110 2659 1167 2681 Vide
1184 2660 1316 2687 Legendam
1335 2660 1357 2681 S.
1377 2660 1469 2686 Bonum,
1487 2667 1505 2682 c.
1529 2661 1561 2682 ΙΟ.
1578 2666 1600 2682 n.
1618 2661 1638 2682 5.

1080 2697 1089 2710 ⁸
1108 2699 1162 2725 εἴτις).
1181 2698 1206 2724 5,
1224 2699 1249 2725 ὅς
1268 2701 1397 2727 sequuntur
1414 2699 1489 2720 Mutth.
1512 2699 1545 2725 10,
1563 2699 1599 2720 20.
1617 2702 1639 2721 et
1657 2699 1694 2720 lob
1713 2699 1749 2725 26,
1768 2699 1805 2720 r¹3.

1081 2736 1090 2748 ⁹
1108 2737 1167 2759 Libr.
1187 2738 1209 2758 ll.
1227 2737 1307 2759 Homii.
1327 2737 1347 2758 in
1366 2738 1452 2764 Evang.
1471 2737 1549 2758 homil.
1567 2737 1604 2759 30.
1622 2744 1642 2759 n.
1660 2738 1681 2758 7.

1080 2775 1100 2787 ¹⁰
1117 2776 1161 2797 (ΠΡ.
1180 2776 1280 2803 Dionys,
1298 2776 1326 2797 de
1349 2776 1443 2798 Caelesti
1467 2776 1605 2802 ilici-archia,
1628 2775 1641 2803 S
1659 2777 1680 2797 2.
1701 2779 1722 2797 et
1740 2776 1800 2797 alibi.
1818 2776 1862 2798 Cl'r.

1018 2815 1113 2841 Bonav.,
1132 2817 1185 2835 toni.
1204 2815 1227 2836 ΙΙ.
1245 2820 1297 2841 pag.
1318 2814 1369 2841 127,
1386 2817 1438 2835 nota
1456 2815 1476 2835 2.

1081 2852 1098 2865 ¹¹
1117 2852 1171 2880 Cap.
1190 2853 1212 2879 3,
1235 2853 1269 2879 it;
1288 2856 1415 2880 sequuntur
1433 2852 1471 2874 lob
1488 2853 1510 2879 7,
1530 2853 1565 2874 15.
1582 2856 1604 2874 et
1621 2853 1670 2874 lsai.
1687 2853 1723 2880 38,
1746 2853 1778 2875 15.

1080 2891 1099 2904 ¹²
1117 2892 1197 2913 Sui-ius
1214 2892 1237 2913 in
1255 2892 1299 2913 vita
1315 2892 1337 2913 Β.
1349 2891 1402 2913 Mar.
1420 2891 1518 2919 Magdai.
1535 2892 1630 2913 secund.
1648 2891 1748 2913 silvestr.
1771 2892 1863 2914 Prierat.

1017 2930 1030 2959 S
1052 2931 1084 2951 10.
1674 2929 1693 2942 ¹¹³
1711 2930 1765 2958 Cap.
1788 2930 1821 2958 15,
1840 2931 1862 2952 5.
