2243 3348
638 177 681 205 DE
703 176 829 205 SANCTO
851 177 978 206 ANDREA
1001 177 1180 206 APOSTOLO.
1204 178 1313 207 SERMO
1336 179 1351 206 1.

120 252 235 281 radices
255 261 328 281 suas
353 254 393 282 ad
420 252 570 282 humorem
591 255 710 291 gratiae;
732 258 759 283 et
780 255 854 283 illam
877 258 965 292 potest

120 299 235 336 perdere
257 302 284 328 et
304 299 432 328 desinere
459 299 557 337 faeere
584 300 726 338 fractam.
756 302 805 330 Sed
828 310 890 330 cum
913 302 965 330 erit

120 346 146 374 in
162 340 249 383 gloria
263 349 290 374 et
304 346 338 374 ad
353 346 426 374 illam
442 347 577 375 deductus
592 348 645 375 erit
659 356 708 384 per
723 348 860 385 irriguum
876 349 965 377 finalis

118 392 238 429 gratiae;
260 395 326 421 tunc
347 392 435 421 mittit
455 393 570 421 radices
591 402 664 422 suas
685 395 724 422 aa
742 393 892 423 hamorem
907 395 964 432 glo-

120 440 176 468 riae
190 442 215 467 et
228 448 287 467 nort
298 439 405 467 desinet
416 438 514 476 faeere
525 439 673 477 fruetuum
689 444 715 469 et
731 441 782 469 hoc
798 444 884 470 totum
901 442 965 470 facit

119 486 144 514 in
168 486 246 514 nobis
267 494 348 514 crux.
372 486 445 515 Unde
466 489 507 515 est
529 487 632 523 lignum
663 487 826 516 vivificantis
847 488 963 524 gratiae;

118 532 191 561 unde
212 532 372 569 Apostolus:
395 532 503 560 Fidelis
523 541 637 566 Sermo‚·
658 542 727 561 nam
750 535 777 562 si
791 535 965 563 commortui

117 587 236 611 summ,
258 582 282 606 et
313 579 515 613 convivemus,
537 580 641 608 scilicet
669 580 695 608 in
717 580 820 616 gloria3
841 581 869 609 si
889 589 963 609 com—

117 626 229 654 mortui
247 634 366 659 smmw,
389 633 451 654 cum
474 625 583 654 Christo
599 626 625 654 in
642 627 823 662 poenitentia,
839 627 864 655 iu
881 635 963 656 cruce

118 672 307 709 poenitentiae.
330 672 491 706 Carissime,
514 673 555 701 vis
577 676 605 701 tu
628 680 687 701 esse
715 681 778 701 cum
806 674 915 702 Christo
937 674 963 702 in

117 719 226 756 gloria?
247 719 303 748 Non
327 719 446 756 refugias
469 720 522 756 pati
546 728 596 756 pro
615 728 660 754 eo,
681 728 735 748 non
759 720 879 757 refugias
900 729 963 749 cru-

117 773 192 799 cem;
215 766 267 794 hoc
287 766 390 794 sciebat
411 766 508 795 beatus
529 766 665 800 Andreas,
687 770 714 795 et
729 767 788 795 ideo
803 767 836 795 ad
852 775 962 796 crucem

44 833 49 842 ‚
85 819 90 823 ·
117 815 174 841 toto
194 812 330 841 desiderio
351 813 505 841 anhelabat.
527 830 566 833 -
589 813 633 841 Est
653 813 754 841 iterum
777 821 849 841 crux
870 813 964 849 vivifi-

0 1932 97 2041 §miei-tur

16 1974 43 1996 vim
55 1973 96 1995 cru-

17 1997 63 2016 aguo
71 1997 96 2011 vu-

89 853 105 885 .”
117 860 212 888 cantis
230 860 365 896 yi‘atiae,
381 868 436 896 qua
450 859 649 896 fecamlamar
670 868 685 888 a
709 860 818 888 Christo
840 868 889 896 per
904 860 964 889 irri-

116 914 201 944 guum
223 906 327 943 gratiae
349 906 544 939 zmtversatis;
560 907 584 934 in
602 907 742 935 Ezechiele
755 908 764 923 ¹
779 906 812 935 de
827 906 878 935 isto
901 907 963 935 irri-

116 961 186 990 guo:
211 953 334 981 pluviae
349 953 550 981 benedictionis
571 957 664 981 erant.
682 953 735 981 Hae
756 952 877 989 pluviae
899 955 964 981 sunt

115 1000 257 1028 affluentia
271 999 438 1036 gratiarum,
454 1007 503 1036 per
518 1008 588 1036 quas
602 1000 693 1028 anima
708 999 795 1028 fidelis
816 1007 844 1028 se
866 1000 893 1028 in
909 1000 963 1027 vir—

116 1047 222 1075 tutibus
237 1050 349 1075 exercet
363 1050 390 1075 et
403 1047 456 1075 fert
471 1046 580 1075 fructus
595 1047 768 1083 spirituales,
790 1055 844 1075 non
867 1055 963 1075 carna-

116 1093 170 1127 les;
191 1092 310 1130 fractas
331 1097 426 1122 autem
446 1093 576 1130 Spiritas
597 1097 638 1122 est
658 1094 782 1126 caritas,
799 1094 962 1131 gaudiam,

114 1148 190 1177 pax,
208 1140 353 1177 patiencia
367 1143 418 1169 etc.
434 1140 459 1168 Si
476 1141 517 1169 vis
531 1140 616 1177 igitur
631 1140 799 1169 fructificare
814 1141 963 1177 spirituali-

115 1189 167 1221 ter,
188 1195 299 1216 necesse
320 1190 376 1221 est,
399 1190 425 1215 te
447 1188 515 1216 mori
538 1188 700 1221 carnaliter;
717 1188 743 1216 iu
760 1188 857 1216 Ioanne
872 1195 964 1216 exem-

114 1234 191 1271 plum
219 1234 253 1262 de
281 1234 406 1263 Christo:
433 1234 500 1262 Nisi
524 1243 657 1271 prauam
678 1233 834 1271 frau'zenti,
857 1234 963 1263 cadens

115 1281 145 1309 ia
167 1284 289 1315 terram,
303 1285 454 1309 mortuam
469 1280 571 1318 licerit,
587 1281 684 1318 ipsam
699 1281 793 1310 solam
808 1286 922 1315 manem
937 1282 964 1310 si

91 1353 94 1355 ,
115 1331 211 1356 autem
232 1331 383 1356 mortuum
404 1327 510 1365 fiteri't,
525 1328 650 1356 maltam
665 1326 799 1365 fractum
820 1326 913 1365 affert.
937 1329 962 1356 Si

115 1374 199 1411 igitur
221 1375 350 1403 volumus
372 1374 474 1403 habere
497 1374 617 1403 fructum
634 1375 699 1411 ligni
715 1375 786 1403 vitae
805 1383 868 1403 cum
885 1375 963 1403 Chri-

114 1425 165 1455 sto,
180 1422 227 1458 qui
244 1425 371 1450 mortuus
392 1425 433 1450 est
455 1425 481 1450 et
500 1422 663 1455 crucifixus,
678 1422 811 1450 debemus
826 1430 889 1450 cum
905 1422 963 1458 ipso

113 1468 253 1505 crucifigi,
276 1472 307 1496 ut
328 1469 465 1505 possimus
486 1469 657 1505 spiritualem
680 1468 802 1497 fructum
824 1468 924 1497 facere.

192 1515 231 1543 De
259 1515 302 1543 his
330 1519 451 1552 quatuor
479 1515 559 1544 simul
591 1515 692 1544 dicitur
722 1516 747 1543 in
777 1515 888 1544 Genesis
920 1524 961 1544 se-

95 1562 242 1591 -cundo²:
267 1562 412 1590 Proclaoeit
437 1563 577 1590 Dominus
606 1563 681 1590 Dea-s
709 1563 743 1590 cle
771 1562 858 1591 latmo
881 1572 963 1591 omne

114 1608 227 1646 liquam
252 1608 390 1645 pateram
411 1609 477 1637 visa
499 1613 524 1637 et
545 1609 585 1637 ad
605 1609 776 1637 vescendam
798 1617 895 1638 suane.
916 1610 961 1638 Li·-

111 1664 204 1693 yuam
235 1656 322 1684 etiam
343 1656 419 1684 vitae
447 1656 478 1684 in
506 1656 598 1684 medio
625 1656 765 1693 paradisi
796 1656 963 1694 lignumque

112 1703 249 1731 scientiae
270 1702 337 1731 honi
357 1707 383 1731 et
402 1703 483 1731 mali.
509 1704 542 1731 Ec
568 1703 678 1740 flavius
706 1703 908 1740 eyrediebat‘ur
929 1704 963 1732 de

113 1750 172 1778 loeo
186 1750 343 1787 voluptatis
358 1750 398 1778 ad
418 1750 609 1787 irripanclam
623 1750 815 1787 paradisum,
831 1751 883 1788 qai
896 1751 963 1779 inde

113 1797 257 1826 dividitur
281 1797 312 1826 ia
336 1801 465 1835 qualitor
493 1798 601 1834 capita.
624 1797 700 1834 Quod
723 1801 764 1826 est
786 1797 899 1835 lignum
920 1798 962 1826 vi-

113 1847 158 1873 tae
179 1844 210 1872 in
231 1844 324 1872 medio
346 1844 503 1881 paradisi,
529 1845 580 1873 hoc
602 1847 643 1873 est
664 1845 691 1872 in
714 1844 802 1873 medio
829 1845 962 1873 Ecclesiae

112 1891 213 1919 Christi
241 1899 315 1919 crux
336 1891 436 1919 Christi
458 1891 501 1920 vel
523 1891 650 1919 Christus
675 1891 751 1920 cruci
773 1891 891 1925 affixus,
913 1892 960 1928 qui

113 1938 164 1966 ciat
185 1945 233 1974 per
255 1945 332 1966 suam
354 1946 465 1967 crucem
488 1938 580 1966 vitam
602 1938 719 1966 mando.
737 1938 847 1967 Minoris
868 1942 961 1967 autem

112 1985 238 2013 utilitatis
259 1988 318 2013 erat
339 1985 407 2013 illud
428 1985 533 2022 lignum
548 1985 633 2019 vitae,
648 1985 722 2022 quod
743 1988 802 2014 erat
824 1986 850 2014 in
872 1985 961 2014 medio

112 2032 247 2068 paradisi,
269 2040 351 2069 quam
368 2032 473 2069 lignum
488 2032 588 2066 crucis,
610 2032 675 2069 quia
695 2032 762 2060 illud
786 2032 890 2069 lignum
906 2036 962 2061 tan-

112 2082 172 2107 tum
204 2081 311 2115 poterat
332 2079 493 2107 continuare
515 2079 598 2107 vitam
628 2079 654 2107 in
684 2079 842 2108 hominibus
870 2079 961 2116 dispo-

111 2126 185 2160 sitis,
211 2126 263 2155 hoc
292 2128 333 2154 est
361 2126 388 2154 in
417 2126 540 2157 homine.
569 2126 703 2163 quamdiu
731 2130 856 2155 servaret
883 2127 960 2155 inno-

111 2173 226 2202 centiam
249 2181 344 2207 suam;
366 2181 420 2201 non
446 2173 528 2202 dabat
549 2174 649 2207 vitain:
672 2174 744 2202 istud
773 2177 866 2202 autem
896 2182 960 2202 cru-

110 2221 149 2249 cis
169 2220 215 2249 dat
236 2220 333 2255 vitam,
355 2223 500 2249 conservat
521 2224 548 2250 et
569 2221 720 2249 continuat.
737 2221 816 2255 Item,
839 2221 905 2250 illud
929 2222 960 2249 li-

110 2275 195 2303 gnum
224 2267 320 2303 irrigat
348 2267 452 2296 flumen
485 2267 641 2301 materiale;
671 2267 717 2296 sed
750 2267 822 2296 istud
855 2267 960 2296 fluenta

110 2313 221 2350 gratiae.
253 2313 374 2347 Dicitur,
400 2313 474 2350 quod
502 2313 613 2350 fluvias
641 2314 692 2342 iste
720 2314 786 2342 inde
813 2314 959 2342 (lividitar

110 2360 140 2388 ia
162 2364 290 2398 quatuor
311 2360 428 2397 capita,
456 2364 483 2389 et
514 2361 692 2389 nominantur
719 2361 771 2394 ibi,
794 2368 865 2398 quae
891 2369 959 2397 qua-

110 2410 174 2436 tuor
195 2407 310 2435 flumina
331 2411 441 2444 possent
464 2408 551 2444 aptari
575 2411 695 2444 quatuor
717 2408 827 2444 gratiis,
849 2408 882 2436 de
897 2408 959 2444 qui-

110 2454 162 2482 bus
185 2454 293 2483 locutus
314 2454 362 2482 fui.
386 2454 435 2483 Sed
464 2454 547 2482 nimis
576 2455 687 2491 longum
716 2457 787 2482 esset
816 2454 867 2482 hoe
896 2462 958 2491 per—

72 2509 76 2513 ·
110 2503 237 2529 tractare.
261 2517 298 2521 —
319 2501 389 2538 Quia
410 2501 495 2538 igitur
517 2502 614 2529 beatus
636 2501 756 2529 Andreas
777 2501 958 2537 cognoscebat

34 2545 39 2551 '
66 2543 90 2575 .’
110 2548 227 2577 virtutes
242 2552 268 2577 et
283 2549 445 2585 mysterium
462 2549 553 2577 crucis
568 2552 595 2577 et
614 2548 729 2581 sciehat,
752 2548 824 2576 istud
846 2556 905 2576 esse
926 2548 957 2576 li-

109 2603 194 2631 gnum
216 2595 302 2629 vitae;
319 2595 378 2624 ideo
393 2596 503 2624 sitiebat
517 2599 544 2624 et
558 2595 731 2623 desiderabat
746 2603 866 2623 crucem.
883 2595 957 2624 Unde

109 2644 217 2678 poterat
237 2642 343 2671 dicere:
367 2642 462 2671 Sz'tz'm't
487 2642 591 2670 anima
606 2650 670 2670 mea
690 2642 729 2669 ait
747 2642 835 2670 Deam
851 2642 955 2679 fortem

109 2689 225 2722 vivum,
248 2689 325 2725 quasi
347 2689 433 2717 dicat:
456 2697 510 2717 non
543 2689 605 2717 sitio
638 2688 758 2725 lignum,
781 2688 826 2717 sed
854 2688 955 2717 fontem

172 2853 179 2866 ¹
198 2854 254 2881 Cap.
272 2853 313 2881 34,
331 2854 373 2881 265
391 2856 520 2882 sequuntur
537 2854 584 2876 Gal.
602 2854 623 2881 5,
641 2855 678 2877 22.
697 2857 718 2877 et
732 2856 793 2877 ioan.
807 2856 843 2882 112,
856 2855 893 2878 24,
905 2862 955 2884 seq.

172 2892 180 2905 ²
199 2893 264 2915 Vers.
281 2893 302 2914 9.
320 2899 396 2921 seqq.;
414 2893 499 2915 deinde
516 2893 637 2920 respicitur
650 2894 711 2916 ioan.
724 2894 745 2921 6,
758 2894 796 2916 33.
813 2897 834 2916 et
850 2895 954 2923 sequitur

110 2933 144 2955 Ps.
163 2933 199 2959 41,
218 2933 239 2954 2.

172 2970 180 2983 ³
199 2971 290 2998 Surius,
307 2972 349 2993 loc.
367 2971 404 2993 cit.
422 2970 435 2999 3
457 2971 490 2992 10.

203 3018 228 3041 S.
248 3018 337 3041 Bonae.
354 3031 385 3033 —
403 3018 471 3040 Tom.
487 3018 526 3040 IX.

774 2971 784 2984 ⁴
800 2971 856 3000 Cap.
874 2973 900 2999 2,
919 2973 955 2994 13.

1808 180 1864 209 [165

1022 255 1109 290 vitae,
1130 256 1287 290 Christum,
1309 257 1355 293 qui
1378 257 1507 294 pependit
1528 257 1554 285 in
1578 257 1658 294 ligno.
1681 257 1712 285 Et
1733 258 1806 294 quod
1827 258 1866 287 sic

1021 301 1139 331 discrete
1160 303 1328 331 desideraret
1352 303 1473 332 Andreas
1503 303 1608 340 lignum
1640 304 1731 332 crucis
1752 307 1865 341 propter

1022 349 1111 385 ipsum
1132 349 1320 384 Crucifixum,
1342 353 1456 387 apparet
1476 358 1512 379 ex
1544 350 1636 379 verbis
1663 351 1728 380 suis.
1755 352 1866 380 Dicebat

1021 396 1109 424 enim:
1136 407 1149 421 «
1165 396 1257 430 Salve,
1280 405 1351 425 crux
1374 397 1507 433 pretiosa,
1523 406 1594 434 quae
1616 398 1640 426 in
1657 405 1773 436 corpore
1787 398 1866 427 Chri-

1021 442 1054 471 sti
1076 442 1198 471 dedicata
1219 451 1248 471 es
1268 447 1295 472 et
1316 451 1352 472 ex
1375 444 1505 473 memhris
1526 445 1585 473 eius
1606 448 1737 482 tanquam
1759 454 1866 482 marga-

1022 489 1081 517 ritis
1102 492 1216 518 01‘nata!
1239 490 1389 519 Contentus
1420 494 1447 519 et
1477 492 1599 528 gaudens
1620 492 1699 520 venio
1720 493 1754 521 ad
1775 495 1816 527 te,
1839 496 1866 522 et

1023 539 1052 563 tu
1072 536 1216 564 exsultans
1237 537 1370 573 suscipias
1393 546 1450 571 me,
1472 538 1637 574 discipulum
1660 539 1732 573 eius,
1749 540 1795 576 qui
1818 548 1864 576 pe-

1022 582 1114 618 pendit
1130 583 1155 611 in
1173 586 1206 611 te.
1222 583 1244 611 O
1259 583 1330 612 bona
1351 592 1436 617 crux,
1452 593 1522 621 quae
1544 585 1670 614 decorem
1687 589 1714 615 et
1729 587 1864 623 pulcritu-

1020 629 1111 657 dinem
1126 630 1159 658 de
1175 630 1306 659 membris
1321 631 1427 659 Domini
1443 632 1569 668 accepisti
1583 632 1593 649 ³
1607 645 1619 657 n
1639 636 1689 661 etc.
1706 633 1781 668 Ecce,
1797 634 1864 670 quid

1021 675 1148 703 movebat
1162 683 1224 704 eum
1240 676 1272 704 ad
1295 684 1422 705 crucem:
1444 686 1520 706 amor
1536 678 1684 716 Crucifixi3
1702 679 1738 707 ita
1758 680 1863 709 deside-

1021 722 1099 750 rabat
1120 731 1245 757 crucem,
1260 724 1337 760 quasi
1354 724 1459 753 videret
1473 726 1632 762 exemplum
1648 726 1675 754 in
1690 734 1788 761 cruee;
1804 735 1865 764 pro-

1020 772 1081 804 pter
1102 770 1175 805 quod
1199 773 1271 798 totus
1292 770 1433 799 ferebatur
1455 772 1487 799 ad
1507 779 1628 800 crucem.
1651 773 1675 800 Si
1701 773 1784 809 igitur
1806 782 1863 808 nos,

1020 815 1066 851 qui
1088 815 1220 844 debemus
1241 825 1300 845 esse
1321 817 1427 851 fideles,
1448 825 1496 854 per
1515 818 1595 847 sidem
1618 822 1739 847 nostram
1763 820 1864 849 scimus

1020 862 1150 890 virtutem
1173 863 1278 897 crucis,
1301 872 1387 900 quare
1420 873 1472 893 non
1497 865 1645 894 currimus
1676 866 1708 894 ad
1731 869 1864 895 crucem?

1020 908 1160 944 Quomodo
1182 910 1219 937 ita
1239 918 1298 938 eam
1320 910 1539 948 derelinquimus
1560 915 1587 940 et
1606 912 1640 940 de
1662 913 1719 949 ipsa
1742 921 1793 941 non
1817 921 1864 942 cu-

1020 963 1131 989 ramus,
1153 964 1202 984 nec
1225 957 1312 985 solum
1345 965 1472 991 crucem,
1494 958 1540 987 sed
1566 959 1646 987 etiam
1670 960 1864 989 Crucifixum?

1020 1001 1058 1029 De
1080 1010 1135 1038 quo
1156 1004 1336 1039 conqueritur
1351 1004 1497 1039 Dominus,
1514 1013 1561 1041 per
1578 1006 1718 1035 Ieremiam
1729 1007 1741 1023 4
1755 1007 1862 1036 dicens:

1022 1048 1085 1076 Dao
1107 1049 1185 1077 mala
1207 1048 1275 1086 fecit
1294 1051 1420 1087 populas
1444 1060 1542 1080 meas:
1565 1053 1607 1080 Me
1632 1053 1863 1091 dereliquerunt,

1019 1094 1127 1132 fontem
1149 1104 1243 1134 aqitste
1263 1097 1355 1131 vivae,
1377 1101 1401 1125 et
1422 1097 1559 1134 sederant
1581 1099 1637 1127 sibi
1650 1100 1802 1134 cisternas,
1825 1101 1864 1129 ci-

1019 1145 1134 1170 sternas
1148 1143 1319 1180 dissipatas,
1334 1152 1408 1181 qaae
1423 1145 1567 1173 continere
1578 1154 1635 1173 11οἠ
1650 1146 1744 1174 ualent
1759 1155 1862 1185 aquas.

1099 1189 1253 1224 Carissimi,
1282 1191 1328 1227 qui
1355 1191 1415 1219 vult
1442 1191 1565 1220 invenire
1586 1193 1731 1221 Dominum
1761 1194 1865 1223 invenit

1020 1243 1083 1264 eum
1106 1236 1131 1263 in
1154 1244 1251 1270 cruce;
1274 1240 1300 1265 et
1333 1237 1407 1272 ideo,
1429 1238 1476 1275 qui
1502 1238 1668 1275 derelinquit
1689 1247 1815 1274 crucem,
1837 1244 1864 1269 et

1020 1282 1204 1317 Dominum⁵;
1226 1287 1253 1311 et
1274 1284 1320 1320 qui
1343 1284 1477 1313 desiderio
1499 1285 1586 1313 fervet
1608 1286 1640 1314 ad
1662 1293 1773 1315 crucem
1789 1290 1816 1315 et
1830 1287 1863 1315 ad

1020 1329 1165 1358 Dominum
1190 1330 1292 1359 invenit
1314 1331 1349 1359 ibi
1373 1339 1450 1365 eum;
1466 1340 1516 1360 nec
1532 1332 1634 1360 invenit
1656 1341 1791 1367 vacuum,
1817 1334 1863 1362 sed

1020 1384 1083 1405 cum
1106 1377 1217 1406 ssuentis
1239 1378 1404 1414 gratiarum,
1420 1379 1452 1407 de
1468 1379 1570 1415 quibus
1584 1379 1687 1408 dictum
1704 1383 1752 1408 est.
1769 1381 1864 1409 Anima

1020 1431 1102 1456 vero,
1130 1432 1201 1460 quae
1232 1425 1359 1461 sequitur
1390 1425 1583 1454 delectationes
1605 1434 1669 1454 snas
1697 1430 1724 1455 et
1755 1428 1863 1464 quaerit

1019 1470 1212 1499 delectationes
1227 1472 1317 1500 carnis
1332 1480 1407 1506 suae,
1420 1481 1490 1509 quae
1506 1481 1557 1501 non
1574 1473 1637 1502 facit
1652 1474 1701 1502 nisi
1718 1475 1862 1503 comedere

1020 1520 1046 1545 et
1067 1517 1161 1546 bibere
1182 1521 1209 1546 et
1236 1518 1372 1552 lascivire,
1396 1519 1452 1555 ipsa
1473 1519 1546 1555 s'orlit
1564 1520 1621 1548 sibi
1641 1521 1783 1549 cisternas
1804 1521 1862 1549 clis-

1019 1564 1148 1600 sipacas,
1170 1573 1228 1593 11011
1248 1565 1373 1593 ‘ualentes
1394 1566 1538 1594 continere
1560 1575 1665 1604 aquas,
1682 1567 1705 1595 id
1722 1568 1862 1596 0511111011-

1020 1614 1046 1638 ta
1066 1611 1228 1647 gratiarum.
1250 1611 1405 1646 Carissimi,
1428 1613 1520 1641 nullus
1542 1617 1582 1641 est
1605 1614 1640 1641 1111
1662 1614 1770 1648 fatuus,
1797 1615 1862 1651 qui,

1020 1657 1040 1685 si
1063 1658 1160 1690 sciret,
1182 1666 1241 1686 esse
1264 1666 1399 1687 venenum
1421 1659 1447 1687 in
1470 1660 1562 1696 aliquo
1577 1660 1636 1688 cibo
1651 1665 1863 1697 quantumcum-

1019 1712 1073 1741 que
1094 1704 1246 1733 delectabili
1268 1708 1295 1733 et
1324 1706 1443 1742 pretioso
1474 1707 1506 1735 de
1528 1714 1571 1740 se,
1594 1707 1665 1743 quod
1690 1708 1804 1736 libenter
1826 1716 1861 1736 ex

1019 1760 1051 1781 eo
1071 1752 1235 1780 comederet.
1259 1752 1289 1780 Et
1311 1756 1400 1781 tamen
1419 1753 1590 1781 delectantur
1613 1754 1688 1782 multi
1712 1754 1739 1782 in
1761 1755 1813 1789 eis,
1835 1755 1861 1783 in

1019 1799 1121 1836 quibus
1142 1801 1183 1827 est
1204 1807 1341 1827 venenum
1362 1799 1521 1836 spirituale,
1543 1800 1659 1828 animani
1683 1801 1862 1837 spiritualiter

1020 1847 1182 1875 intoxicans.
1206 1846 1232 1873 ln
1254 1846 1384 1875 omnibus
1405 1847 1475 1875 enim
1499 1847 1724 1875 delectationibus
1740 1848 1862 1884 prohibi-

1021 1894 1053 1922 tis
1074 1896 1114 1922 est
1137 1893 1267 1930 laqueus,
1290 1900 1425 1921 venenum
1447 1897 1473 1921 et
1501 1894 1613 1922 aculeus
1637 1895 1746 1928 mortis;
1771 1895 1795 1922 in
1819 1895 1862 1923 Ec-

1019 1940 1165 1969 clesiaste⁸
1187 1939 1252 1968 dicit
1278 1940 1405 1976 Sapiens:
1436 1940 1536 1968 labeni
1562 1941 1742 1969 (timu-iorem
1770 1945 1862 1969 morte

1018 1987 1185 2020 mulierem,
1208 1995 1282 2024 qaae
1304 1986 1424 2024 laqueus
1445 1991 1615 2015 renatorum
1637 1991 1684 2015 cst.
1707 1988 1802 2016 illelius
1823 1996 1862 2016 es-

1018 2036 1074 2066 set,
1097 2033 1170 2069 quod
1192 2033 1298 2069 gladius
1320 2033 1437 2061 alicuius
1459 2033 1625 2062 interficeret
1648 2034 1784 2062 hominem
1801 2042 1860 2063 cor-

1018 2080 1164 2116 poraliter,
1187 2088 1268 2116 quam
1293 2080 1378 2116 ipsius
1400 2081 1457 2109 neci
1481 2081 1675 2109 consentiendo
1696 2081 1749 2109 illis
1771 2089 1799 2109 se
1820 2081 1861 2109 in—

1018 2127 1156 2155 terficeret
1177 2127 1366 2163 spiritualiter.

1096 2174 1220 2202 Secundo
1242 2182 1312 2202 crux
1335 2177 1376 2202 est
1397 2174 1500 2210 lignum
1523 2174 1699 2209 rniuiffcaiitis
1714 2175 1860 2209 iustitiae;

1016 2221 1050 2249 de
1071 2229 1126 2257 quo
1148 2220 1298 2257 Sapiens⁷z
1323 2221 1506 2249 Benediccant
1528 2221 1650 2257 lifflzaiii,
1665 2230 1716 2258 per
1731 2222 1808 2259 qitod
1827 2222 1861 2259 fit

1016 2267 1138 2295 z'itstitia.
1161 2284 1199 2287 —
1220 2267 1273 2295 Hoc
1294 2270 1335 2295 est
1357 2267 1459 2303 lignum
1481 2267 1587 2301 crucis,
1609 2268 1682 2304 quod
1699 2268 1802 2296 inducit
1816 2269 1861 2297 be-

1016 2314 1196 2342 nedictionem
1219 2318 1246 2342 et
1267 2314 1366 2347 vitam,
1388 2314 1459 2342 sicut
1480 2322 1494 2342 e
1510 2315 1647 2342 contrario
1664 2315 1765 2351 lignum
1782 2323 1861 2352 prae-

1017 2361 1189 2389 varicationis
1211 2360 1426 2389 maledictionem
1449 2364 1476 2389 et
1498 2364 1622 2389 mortem.
1645 2361 1772 2390 Christus
1787 2362 1859 2390 enim

1016 2408 1041 2436 in
1059 2416 1142 2436 cruce
1157 2415 1308 2444 suspensus
1329 2408 1380 2435 fuit
1401 2416 1450 2436 seu
1467 2408 1528 2436 tulit
1542 2408 1773 2442 maledictionem,
1789 2409 1860 2446 quia

1015 2454 1187 2483 maledictas
1208 2457 1249 2483 est
1269 2454 1378 2487 omnis,
1401 2455 1453 2492 qai
1472 2455 1571 2491 pendet
1593 2455 1623 2482 in
1640 2455 1735 2492 [ianm-
1751 2459 1777 2483 et
1793 2456 1858 2489 hoc,

1015 2505 1046 2530 ut
1067 2510 1082 2530 a
1104 2501 1246 2529 maledicto
1268 2509 1317 2529 1105
1339 2501 1476 2530 liberaret.
1503 2502 1577 2530 Unde
1599 2510 1648 2529 sua
1671 2502 1859 2531 maledictione

1015 2549 1149 2577 convertit
1182 2552 1303 2576 nostram
1334 2548 1551 2577 maledictionem
1574 2548 1599 2576 111
1633 2548 1858 2577 benedictionem.

1015 2596 1090 2624 Sicut
1122 2596 1193 2624 enini
1216 2603 1345 2631 serpens,
1367 2595 1539 2632 suggerendo
1571 2596 1666 2632 primis
1698 2596 1859 2632 parentibus

1014 2651 1091 2671 esum
1115 2643 1177 2679 ligni
1196 2643 1278 2675 vetiti,
1295 2642 1332 2677 (id
1347 2644 1399 2677 est)
1414 2642 1606 2671 delectationes
1622 2642 1798 2676 inordinatas,
1814 2643 1856 2671 cui

1014 2689 1063 2725 ipsi
1093 2692 1307 2722 cormeuserunt,
1333 2689 1468 2717 interfecit
1492 2697 1542 2717 nos
1573 2689 1791 2726 spiritualiter⁸3
1821 2690 1859 2718 sic

1074 2855 1083 2867 ⁵
1101 2855 1188 2883 supple
1205 2854 1355 2884 derelinquit.

1075 2894 1084 2906 Β
1101 2894 1156 2922 Cap.
1174 2894 1201 2921 7,
1219 2894 1256 2916 27.

1076 2932 1083 2945 ⁷
1103 2934 1154 2961 Sap.
1178 2933 1213 2961 lt,
1231 2933 1258 2961 73
1276 2928 1379 2962 sequitui*
1396 2934 1443 2955 Gal.
1462 2934 1488 2961 3,
1510 2934 1544 2955 13.
1562 2933 1611 2961 (cfr.
1632 2934 1695 2956 Dent.
1714 2934 1750 2962 21,
1769 2933 1824 2961 2²3).

1076 2971 1084 2984 Β
1103 2972 1231 3001 Respicitur
1249 2973 1304 2995 Gen.
1323 2973 1344 2999 3,
1363 2973 1382 2994 t.
1402 2979 1466 3001 seqq.

1734 3020 1763 3041 59

1883 639 1998 659 Notandum.

1881 1200 1971 1219 Hortatio.

1878 2182 1904 2201 De
1917 2182 1967 2205 liguo
1980 2182 2005 2201 vi-

1876 2205 1968 2224 vificantia
1978 2206 2006 2224 iu-

1881 2229 1943 2248 stitiae
1956 2234 2000 2253 qua-

1881 2252 1998 2276 drupliciter.
