2243 3348
19 330 26 345 ,1

678 174 835 203 ΒΟΜΙΝΙΟΑ
857 176 888 204 V.
911 176 993 205 POST
1015 178 1143 207 PASCHA.
1166 180 1275 209 SERMO
1298 182 1314 209 l.

124 250 157 279 ad
179 258 208 279 se
229 257 336 287 ipsum,
357 250 390 279 ad
412 250 573 287 proximum
595 254 622 279 et
639 251 672 279 ad
694 251 797 280 Deum:
819 255 894 281 recte
909 256 968 290 pot-

124 300 165 326 est
185 297 254 331 dici,
276 297 350 334 quod
371 297 449 326 docet
470 305 581 325 omnem
602 297 761 325 veritatem.

204 344 294 372 Primo
315 343 393 373 docet
413 342 516 381 fayore
536 344 617 372 mala
638 347 752 380 propter
778 345 904 373 timorem
927 345 968 373 di-

25 396 113 420 ztprimo
124 390 203 419 vinae
224 391 410 424 reverentiae;
432 390 505 419 unde
537 390 564 418 in
593 390 736 418 Psalm01:
766 391 875 425 Venite,
896 391 967 427 filii,

25 424 44 439 re
55 419 111 438 mala.

124 437 223 466 audite
244 445 302 470 me,
325 438 455 465 timorem
481 436 598 465 Domini
617 436 719 465 docebo
740 445 808 470 vcs‚·
829 441 856 466 et
877 438 968 474 sequi*

122 486 186 513 tur:
209 483 327 512 Declina
348 491 367 511 a
387 483 466 511 malo
487 487 513 511 et
532 481 583 519 fac
604 482 721 516 bonum,
737 483 853 521 inquire
864 492 968 520 pacem

123 534 147 559 et
166 538 336 568 persequere
356 537 429 558 eam.
451 529 521 565 Quia
553 529 635 558 timor
665 529 774 558 Domini
796 533 836 558 est
857 530 966 559 initium

123 580 149 606 et
170 576 335 614 primarium
356 576 566 605 fundamentum
588 576 677 604 omnis
698 576 778 610 boni,
801 576 862 604 ideo
883 576 968 613 Spiri-

123 627 169 652 tus
189 626 301 652 sanctus
331 626 463 660 tanquam
495 630 579 651 verus
610 623 741 659 magister
772 623 862 659 primo
889 623 968 651 docet

122 670 274 707 quemlibet
295 677 376 698 suum
405 669 571 706 discipulum
602 669 734 697 timorem
761 669 896 703 Domini,
918 677 968 706 per

122 724 204 753 quem
227 716 350 745 declinat
366 716 448 744 homo
466 724 485 744 a
505 715 584 744 malo
599 719 623 744 et
637 714 712 752 facit
726 715 832 744 bonum
848 716 968 744 iustitiae

120 766 149 792 et
169 763 294 801 inquirit
307 766 334 792 et
348 763 475 800 sequitur
491 763 593 791 bonum
606 763 692 799 pacis
706 763 734 791 in
750 763 966 791 conversatione.

201 809 326 839 Secundo
346 810 425 838 docet
445 808 544 846 facere
566 809 671 838 bonum
699 812 814 846 propter
845 817 967 838 amorem

66 876 70 884 ‚
104 872 110 876 -
123 856 258 891 iustitiae;
273 857 347 885 unde
368 856 521 893 Sapientiae
535 859 632 885 octavo
644 856 670 884 2:
687 856 875 885 sobrietatem
891 856 968 884 enim

0 1367 60 1406 ,ilii-tio,
73 1382 105 1401 ap—

3 1402 55 1424 ytere
67 1406 108 1420 oae-

0 1429 8 1441 ι
15 1424 76 1443 «lestis.

123 907 147 932 et
165 903 356 940 prudentiam
377 903 456 932 docet
477 906 503 931 et
523 903 670 932 iustitiam
691 906 716 931 et
734 903 887 936 virtutem,
904 903 968 941 qui-

123 950 176 978 bus
198 950 301 978 utilius
321 949 397 978 nillil
416 953 457 978 est
477 949 508 977 in
539 950 600 978 vita
629 949 803 978 hominibus.
827 949 896 985 Quia
917 949 968 978 du-

123 997 187 1034 plex
215 999 256 1025 est
285 996 405 1031 iustitia,
427 996 453 1025 id
484 999 526 1025 est
547 999 681 1033 quantum
714 996 746 1025 ad
777 1004 805 1025 se
827 996 919 1033 ipsum
941 1000 968 1025 et

121 1046 257 1081 quantum
278 1043 313 1072 ad
333 1043 510 1080 proximum
532 1043 592 1072 ideo
614 1043 733 1080 Spiritus
752 1046 864 1072 sanctus
878 1043 968 1080 primo

118 1091 201 1119 docet
213 1091 403 1127 prudentiam
418 1094 442 1118 et
456 1090 638 1119 sobrietatem
655 1090 803 1119 modestiae
823 1090 848 1118 in
864 1090 968 1119 utendo

121 1140 257 1175 quantum
278 1137 312 1165 ad
337 1145 365 1166 se
386 1137 493 1174 ipsum3
516 1137 637 1166 secundo
668 1137 747 1166 docet
778 1137 922 1165 iustitiam
944 1140 968 1165 et

120 1184 255 1213 virtutem
285 1184 313 1212 in
341 1184 479 1213 reddendo
501 1187 635 1221 quantum
664 1184 698 1212 ad
731 1184 900 1221 proximum.
923 1184 968 1213 His

120 1231 230 1260 duobus
250 1230 324 1259 nibil
345 1231 447 1259 utilius
468 1235 509 1259 cst
529 1231 561 1259 in
581 1231 642 1259 vita
658 1230 840 1265 hominibus,
855 1231 888 1259 ad
904 1239 968 1260 con-

120 1278 333 1307 summationem
355 1278 426 1307 vitae
447 1278 606 1314 spiritualis.

200 1325 292 1354 Tertio
313 1325 393 1354 docet
414 1329 546 1362 appetere
577 1325 712 1354 caelestia
737 1329 851 1362 propter
883 1325 968 1362 degu-

122 1372 265 1401 stationem
288 1372 396 1400 divinae
417 1372 582 1408 sapientiae;
598 1372 752 1409 Sapientiae
766 1372 929 1401 duodecimo
941 1372 967 1400 3;

122 1419 256 1448 Docuisti
287 1422 382 1447 autent
412 1419 556 1456 populum
588 1422 671 1447 titum
690 1428 744 1456 per
766 1419 840 1447 talia
861 1427 967 1456 opera,

121 1465 262 1504 quoniam
284 1469 402 1502 oportet,
424 1465 536 1494 iustum
558 1474 617 1494 esse
637 1470 661 1494 et
683 1465 864 1500 humanum,
886 1470 911 1494 et
926 1466 968 1494 bo-

120 1521 176 1541 nae
190 1512 252 1550 spei
265 1511 361 1550 fecisti
374 1511 450 1549 filios
465 1516 537 1541 tuos.
553 1530 591 1533 -—
605 1513 791 1550 spiritualiter
805 1516 897 1542 autem
917 1513 969 1542 ista.

122 1560 272 1588 auctoritas
293 1560 431 1589 intellecta
461 1563 551 1596 potest
572 1560 605 1589 ad
638 1568 768 1597 praesens
789 1561 828 1589 sic
849 1561 967 1597 exponi,

121 1610 153 1635 ut
174 1606 310 1643 dirigatur
331 1607 447 1635 verbum
470 1607 503 1635 ad
535 1607 667 1644 Spiritum
690 1611 832 1636 sanctum:
863 1608 968 1636 Docui-

121 1653 160 1681 sti
177 1653 319 1690 populum
342 1657 440 1687 tuum,
463 1654 489 1682 id
511 1658 552 1682 est
578 1654 777 1688 christianum,
806 1654 887 1683 fidem
914 1663 968 1691 per

123 1700 195 1728 talia
210 1708 299 1737 opera
321 1700 503 1734 miraculosa,
525 1701 654 1737 quoniam
677 1701 788 1729 iustum
809 1705 849 1729 est
869 1704 894 1730 et
914 1700 968 1729 ltu-

121 1754 261 1780 manum,
276 1749 308 1775 ut
329 1754 379 1783 per
400 1746 528 1775 effectum
543 1747 722 1776 deveniamus
737 1747 763 1775 in
783 1747 966 1784 cognitionem

122 1800 221 1821 causae
249 1795 276 1822 et
306 1801 356 1830 per
378 1793 495 1822 visibilia
516 1793 548 1822 ad
578 1794 725 1822 invisibilia
756 1797 887 1831 tanquam
910 1794 968 1822 ani-

118 1839 207 1868 males
227 1843 255 1869 et
282 1840 424 1869 sensibiles
456 1841 638 1875 reducamur,
661 1849 693 1870 eo
714 1841 788 1878 quod
810 1844 904 1870 nostra
926 1849 967 1870 co-

118 1886 207 1923 gnitio
228 1887 254 1915 in
277 1887 321 1915 via
341 1887 436 1924 incipit
457 1895 472 1916 a
494 1888 656 1924 posteriori;
679 1891 704 1916 et
735 1887 825 1916 bonae
845 1888 907 1925 spei
927 1887 968 1925 fe-

122 1933 188 1962 cisti
207 1933 283 1970 filios
305 1937 383 1968 tuos,
406 1934 433 1962 in
453 1934 640 1971 exspectando
661 1942 725 1963 cum
740 1934 876 1963 desiderio
891 1935 968 1964 futu-

121 1988 181 2008 ram
204 1980 328 2017 gloriam.
351 1982 417 2018 Spes
438 1982 511 2010 enim
533 1982 658 2010 caelestis
689 1982 793 2018 patriae
815 1982 918 2011 excitat
939 1982 967 2010 in

121 2027 185 2056 filiis
205 2028 253 2056 Dei
276 2029 512 2065 concupiscentias
533 2032 668 2058 aeternas.
692 2029 723 2057 Et
743 2029 776 2057 de
799 2029 850 2058 hoc
872 2029 968 2058 simili-

122 2076 164 2103 ter
185 2074 287 2103 dicitur
314 2075 420 2112 primae
442 2075 548 2104 loannis
576 2075 735 2104 secundo4:
759 2075 840 2104 Sicut
869 2076 968 2104 docuit

121 2130 188 2150 vos:
209 2126 321 2150 manete
342 2122 373 2150 in
394 2130 442 2156 eo,
457 2126 499 2156 ut,
516 2130 581 2150 cum
598 2122 784 2159 apparuerit,
806 2121 967 2151 habeamus

120 2167 263 2205 fiduciam
283 2173 308 2197 et
328 2177 387 2197 nou
408 2168 631 2206 confundamur
652 2168 688 2197 ab
720 2177 751 2197 eo
783 2169 813 2197 in
840 2169 967 2198 calventu

119 2216 193 2245 eius.
216 2217 352 2253 Rogemus
373 2216 520 2245 Dominum
543 2219 594 2245 etc.

764 2342 922 2371 DOMlNICA
944 2343 974 2371 V.

463 2454 553 2482 Saeuo
576 2453 584 2481 1
597 2454 627 2481 1².

202 2547 308 2581 Petite,
330 2550 355 2575 et
376 2546 541 2583 accipietis,
563 2551 595 2575 ut
614 2547 759 2584 yaudium
781 2551 911 2575 vestrum
932 2547 971 2576 sit

120 2594 253 2631 plenum,
276 2594 381 2623 loannis
402 2594 508 2623 decimo
529 2597 609 2623 sexto
622 2594 653 2621 ¹³.

1808 192 1859 220 311

1364 260 1455 288 Sannio
1477 261 1495 288 11
1511 261 1530 288 ⁵.

1096 325 1223 351 Dominica
1242 328 1333 358 quarta
1346 329 1403 359 post
1416 329 1520 355 Pascha.
1539 331 1621 356 Sermo
1634 332 1720 358 fratris
1738 334 1866 361 Bouaven-

1025 366 1096 391 ‘turae
1115 368 1140 391 in
1159 369 1304 398 provinciali
1324 370 1438 401 Capitulo
1457 371 1606 403 Aragoniae.

1106 440 1179 468 Cum
1199 442 1307 470 venerit
1321 442 1367 471 ille
1385 443 1514 480 Spiritus
1528 446 1674 481 veritatis,
1697 449 1803 477 docebit
1817 459 1866 478 ‘nos

1025 494 1137 514 omnem
1158 488 1325 522 veritatem,
1347 489 1454 519 loannis
1474 491 1579 520 decimo
1600 495 1709 522 sextofi.

1104 533 1228 562 Salvator
1250 538 1352 569 noster,
1368 536 1500 566 Dominus
1522 539 1610 574 lesus,
1632 542 1804 571 commendat
1823 544 1867 572 hic.

1026 586 1112 607 novae
1134 579 1200 616 legis
1221 581 1353 616 gratiam,
1375 582 1409 611 ad
1429 591 1512 620 quam
1533 593 1583 614 nos
1604 586 1757 623 adoptavit,
1779 597 1793 617 a
1818 590 1867 618 tri-

1026 625 1093 659 bus,
1116 625 1220 654 scilicet
1240 627 1275 655 ab
1296 627 1454 664 inspirantis
1477 630 1665 668 benignitate,
1690 634 1724 663 ab
1745 636 1867 665 eiusdem

1022 672 1246 708 perspicacitate
1263 676 1290 701 et
1306 674 1447 704 doctrinae
1461 676 1633 707 liberalitate
1647 687 1695 708 seu
1710 681 1867 718 disciplinae

1025 718 1241 747 universalitate.
1265 719 1403 756 Primum,
1425 722 1477 751 ibi:
1506 724 1579 752 Cum
1606 727 1713 755 venerit
1735 727 1796 761 illc;
1825 737 1865 757 se-

1025 764 1163 798 cundum,
1185 765 1238 793 ibi:
1261 765 1392 802 Spiritus
1419 769 1567 803 veritatis,·
1595 773 1722 807 tertium,
1744 775 1797 803 ibi:
1819 775 1867 804 do-

1025 809 1096 838 cebit
1116 819 1166 839 vos
1187 819 1300 840 omnem.
1320 814 1479 843 veritatem.

1105 857 1121 884 1.
1148 857 1226 886 Circa
1254 859 1375 895 primum
1404 865 1483 895 nota,
1512 863 1586 899 quod
1614 864 1732 900 Spiritus
1757 870 1868 896 sanctus

1027 903 1156 940 magister
1178 908 1235 939 est,
1257 908 1284 934 et
1306 906 1366 935 ideo
1393 915 1447 935 non
1470 909 1558 937 solum
1584 910 1617 938 ad
1646 911 1867 948 intelligendum,

1025 950 1072 978 sed
1094 951 1218 987 suggerit
1239 952 1272 980 ad
1301 953 1448 982 volendum
1474 958 1501 983 et
1522 955 1633 984 adiuvat
1657 957 1689 985 ad
1715 966 1868 995 exsequen-

1025 996 1107 1030 d·um;
1129 1001 1244 1034 propter
1273 1007 1344 1035 quae
1368 1000 1422 1028 tria
1443 1000 1560 1030 dicitur:
1582 1003 1700 1039 Spiritus
1721 1005 1868 1039 ver-itatis,

1025 1043 1091 1079 quia
1105 1043 1184 1072 docet
1198 1044 1231 1073 ad
1247 1045 1454 1083 intelligendum
1466 1058 1472 1081 ;
1491 1048 1597 1077 loannis
1611 1049 1716 1078 decimo
1730 1051 1827 1087 quinto
1842 1052 1868 1080 ⁷:

1027 1090 1100 1118 Cum
1123 1092 1231 1120 venerit
1253 1092 1445 1128 Paracletus,
1467 1103 1550 1132 quem
1571 1104 1620 1133 eqo
1641 1097 1754 1125 mitta-m
1776 1098 1868 1133 vobis,

1026 1136 1169 1174 Spiritum
1192 1138 1343 1172 veritatis,
1365 1140 1410 1168 illc
1439 1141 1632 1170 testimoniium
1658 1143 1816 1180 perhibebit
1836 1146 1869 1174 de

1024 1192 1068 1212 me
1089 1187 1140 1213 etc.
1163 1201 1200 1205 —
1222 1186 1340 1222 Spiritus
1361 1187 1536 1222 sanctitatis,
1552 1189 1617 1225 quia
1638 1194 1728 1219 movet
1747 1191 1780 1220 ad
1801 1192 1869 1221 bene

1026 1230 1189 1265 volendum;
1212 1232 1319 1261 Ioannis
1333 1233 1439 1262 decimo
1454 1238 1569 1271 quarto:
1585 1236 1759 1265 Paracletus
1774 1242 1869 1267 (tillem

1026 1277 1156 1314 Spiritus
1184 1283 1321 1313 sanctus,
1351 1288 1435 1317 quem
1462 1281 1552 1310 mitte!
1580 1283 1671 1311 Pater
1696 1284 1726 1311 in
1755 1285 1869 1313 nomine

1025 1333 1102 1359 meo,
1118 1325 1164 1353 ille
1178 1334 1228 1354 ‘nos
1243 1326 1352 1355 docebit
1366 1328 1466 1356 omnia
1481 1333 1507 1356 et
1519 1334 1653 1366 suqyeret
1669 1330 1746 1359 vobis
1760 1333 1868 1366 onmia,

1025 1381 1224 1411 quaecumque
1238 1374 1342 1402 cliwere
1356 1374 1436 1402 vobis
1444 1375 1464 1402 8.
1479 1392 1513 1395 ——
1530 1376 1648 1412 Spiritus
1662 1377 1790 1412 virtutis,
1806 1380 1870 1416 quia

1025 1419 1138 1447 adiuvat
1159 1420 1192 1448 ad
1214 1420 1400 1456 operandum3
1423 1422 1540 1450 Actuum
1563 1423 1652 1459 primo
1667 1423 1692 1451 ⁹:
1716 1425 1870 1461 Accipietis

1025 1466 1162 1494 virtutem
1184 1467 1412 1503 supervenientis
1434 1468 1564 1505 Spiritus
1585 1470 1680 1498 sancti
1697 1470 1728 1498 in
1748 1479 1798 1499 vos
1819 1475 1869 1500 etc.

1105 1513 1133 1541 11.
1156 1513 1237 1542 Venit
1251 1517 1343 1543 autem
1360 1514 1405 1543 ille
1420 1515 1554 1552 Spiritus,
1575 1516 1622 1545 ubi
1644 1521 1766 1546 amatur
1773 1528 1783 1551 ,·
1799 1518 1870 1546 Ioan-

1027 1560 1068 1588 nis
1083 1560 1188 1589 decimo
1203 1564 1304 1597 quarto
1320 1561 1357 1589 ¹⁰:
1381 1562 1414 1590 Si
1434 1562 1499 1599 quis
1514 1563 1609 1600 attigit
1628 1572 1688 1598 me,
1710 1572 1870 1593 sermonem

1025 1615 1122 1635 meanz
1143 1607 1288 1641 servabit,
1310 1612 1336 1636 et
1359 1609 1447 1637 Pate-r
1468 1617 1549 1637 meas
1563 1610 1661 1647 diliyet
1682 1619 1763 1644 eum,
1785 1615 1811 1639 et
1831 1612 1870 1640 ad

1025 1662 1091 1682 eum
1112 1655 1260 1683 veniemus
1281 1659 1305 1684 et
1326 1656 1506 1684 mansionem
1528 1658 1610 1693 apud
1630 1666 1695 1686 eunt
1715 1657 1867 1694 faciemus.

1025 1717 1062 1720 —
1084 1701 1133 1730 Ubi
1156 1701 1319 1735 invitatur,·
1341 1703 1495 1739 SapientIae
1517 1704 1647 1740 septimo:
1671 1705 1816 1738 Invocazu‘,
1845 1709 1870 1733 et

1025 1748 1102 1776 venit
1123 1748 1154 1777 in
1174 1757 1219 1777 me
1240 1749 1365 1786 spiritus
1385 1750 1547 1787 sapientiae
1568 1754 1619 1779 etc.
1641 1768 1679 1772 —
1703 1751 1751 1780 Ubi
1773 1760 1869 1788 exspe-

1025 1798 1142 1828 ctatur,·
1157 1795 1283 1824 Haliacuc
1298 1796 1434 1825 secundo:
1451 1796 1483 1825 Si
1503 1806 1617 1826 morant
1639 1797 1754 1835 fecerit,
1773 1807 1869 1835 exspe-

1025 1845 1071 1870 cta
1093 1842 1193 1876 illum,
1215 1843 1287 1880 quia
1308 1843 1424 1872 veniens
1446 1844 1536 1872 veniet
1556 1848 1579 1872 et
1600 1853 1658 1873 non
1680 1845 1817 1873 tardabit.

1105 1888 1144 1916 111.
1167 1889 1251 1918 Docet
1265 1892 1357 1918 autem
1373 1889 1419 1918 ille
1434 1890 1563 1926 Spiritus
1578 1899 1688 1919 omnent
1703 1891 1869 1925 veritatem,

1025 1935 1187 1972 ayendanz,·
1199 1936 1281 1965 Isaiae
1292 1936 1433 1973 trigesimo
1444 1940 1540 1965 octavo
1549 1939 1584 1965 1¹:
1600 1937 1730 1971 Obsecro,
1742 1938 1869 1971 Domine,

1025 1986 1173 2017 memento,
1189 1991 1313 2021 quaeso,
1336 1985 1477 2021 quomodo
1493 1984 1704 2013 ambulaverim
1724 1993 1825 2013 coram
1846 1989 1870 2013 te

1025 2030 1056 2058 in
1070 2030 1191 2058 verita-te
1205 2034 1231 2058 et
1247 2031 1278 2058 in
1293 2030 1379 2059 corde
1391 2030 1526 2068 perfecto.
1541 2048 1579 2051 ——
1596 2031 1869 2068 Contemplamlant;

1025 2077 1152 2105 Matthaei
1176 2077 1307 2113 vigesimo
1329 2077 1465 2106 secundo:
1488 2077 1617 2112 Scimus,
1639 2078 1710 2116 quia
1730 2086 1821 2106 verax
1842 2087 1869 2106 es

1026 2127 1051 2151 et
1075 2123 1155 2151 viam
1173 2123 1224 2151 Dei
1237 2124 1269 2152 in
1283 2124 1404 2152 veritate
1418 2124 1508 2152 doces.
1525 2141 1560 2144 -—
1579 2124 1791 2157 [zalteaoulanz;
1806 2124 1869 2152 Pro-

1026 2170 1187 2198 verbiorum
1201 2170 1307 2199 decimo
1322 2173 1433 2199 octavo:
1453 2171 1590 2208 Accipere
1607 2178 1765 2207 personam
1785 2171 1870 2207 impii

1027 2225 1084 2245 non
1106 2220 1146 2245 est
1168 2216 1291 2251 bonum,
1314 2221 1346 2245 ut
1366 2217 1488 2246 declines
1509 2226 1529 2246 a
1548 2218 1667 2246 veritate
1688 2217 1798 2245 iudicii.

999 2342 1080 2371 POST
1102 2343 1231 2372 Pascua.

1027 2501 1148 2535 bonitas,
1169 2504 1201 2529 ut
1221 2501 1288 2529 alios
1310 2501 1342 2529 ad
1365 2501 1521 2538 accipienda
1541 2508 1592 2529 sua
1612 2500 1730 2537 pretiosa
1745 2500 1815 2528 dona
1830 2500 1870 2528 in-

1028 2548 1110 2581 vitet,
1132 2551 1239 2582 tamen,
1261 2548 1325 2584 quia
1347 2551 1460 2584 propter
1482 2547 1655 2584 prudentiam
1683 2546 1869 2580 discretionis,

1026 2602 1109 2631 quam
1132 2594 1246 2631 insuper
1267 2594 1349 2623 habet
1371 2602 1434 2623 cum
1457 2594 1598 2622 affluentia
1618 2593 1786 2627 diffusionis,
1802 2593 1869 2621 nulli

185 2771 194 2784 ¹
212 2772 294 2794 Psalm.
312 2772 348 2799 33,
370 2772 403 2794 1⁴2.
422 2772 460 2794 115.
477 2775 498 2794 et
516 2772 556 2800 36,
576 2772 618 2799 27;
636 2773 703 2794 Prov.
722 2773 763 2800 15,
781 2773 818 2794 27.

186 2809 194 2822 2
213 2811 279 2832 Vers.
295 2811 318 2832 7.

186 2848 195 2861 ²³
213 2849 278 2871 Vers.
300 2850 332 2871 19.
752 2849 762 2862 ⁴
781 2851 846 2873 Vers.
865 2851 902 2873 27.
920 2857 968 2879 seq.

186 2886 195 2899 ⁵
213 2888 244 2909 Ex
262 2888 279 2909 Α
297 2888 333 2910 sol.
355 2889 391 2910 121
414 2895 437 2910 v.
454 2891 475 2911 et
492 2889 508 2910 B
527 2889 562 2911 sol.
581 2889 608 2911 46
627 2895 645 2911 r.

186 2925 195 2938 Β
213 2926 277 2948 Vers.
297 2927 333 2949 13,

187 2964 195 2977 ⁷
213 2965 277 2987 Vers.
296 2965 337 2991 263
354 2966 458 2994 sequitur
475 2972 495 2988 c.
516 2966 553 2994 tt,
571 2967 608 2989 26.

1089 2771 1098 2784 ὃ
1117 2772 1193 2794 Verba
1211 2771 1315 2801 Spiritus
1332 2770 1464 2794 sanctitatis
1482 2774 1523 2793 etc.
1542 2771 1667 2793 sumsimus
1685 2776 1711 2792 ex
1728 2770 1752 2791 B.

1089 2810 1098 2823 ⁹
1116 2811 1180 2833 Vers.
1198 2811 1219 2832 8.

1089 2848 1108 2861 ¹⁰
1126 2849 1191 2871 Vers.
1209 2849 1251 2875 23;
1269 2851 1396 2877 sequuntur
1414 2849 1466 2875 Sap.
1484 2847 1506 2874 7,
1523 2847 1546 2869 7.
1563 2850 1584 2869 et
1601 2846 1708 2869 Habacuc
1726 2847 1747 2874 2,
1764 2847 1783 2868 3.

994 2892 996 2993 1
1088 2887 1106 2900 ¹¹
1126 2888 1191 2909 Vers.
1209 2888 1234 2915 3;
1252 2890 1380 2915 sequuntur
1397 2887 1472 2909 lllattli.
1491 2887 1528 2913 22,
1546 2887 1582 2908 16.
1600 2889 1621 2908 et
1640 2887 1705 2908 Prov.
1726 2886 1758 2913 ts,
1777 2886 1797 2907 5”,

1087 2926 1106 2939 ²2
1124 2928 1154 2948 Ex
1173 2926 1283 2949 Vaticana
1300 2929 1321 2948 et
1339 2925 1355 2948 C
1369 2926 1386 2948 D
1398 2926 1413 2947 E
1424 2925 1447 2946 F.

1087 2964 1106 2978 ¹³
1124 2965 1189 2988 Vers.
1207 2966 1244 2987 24.

1108 2454 1180 2483 Licet
1201 2457 1292 2482 tantae
1314 2454 1348 2483 sit
1369 2454 1540 2483 liberalitatis
1561 2456 1587 2482 et
1607 2453 1759 2482 diffusionis
1779 2453 1870 2481 divina
1887 2456 2009 2476 1ntroduetio·
