2243 3348
831 157 873 185 DE
895 156 1021 186 SANCTO
1042 156 1191 186 NICOLAO.

140 233 366 267 exercitatorum,
375 234 502 270 exempla
510 234 634 263 virorum
644 235 780 263 iustorum
790 245 796 270 ;
805 235 877 264 unde
886 235 984 269 Isaac¹,

35 279 37 310 l
140 280 249 316 quando
280 279 422 309 benedixit
443 280 536 315 Iacob,
559 281 646 310 filium
668 290 767 316 suum,
789 282 875 310 dixit:
900 282 984 316 Ecce,

139 326 211 354 odor
231 326 288 363 filii
308 327 365 355 mei
383 327 461 356 sieut
481 328 552 356 odor
567 328 638 365 αρν-ι’
654 328 749 365 pleni,
769 329 819 357 eui
842 328 985 357 benedixit

141 373 301 406 Dominus;
322 381 400 407 ecce,
421 373 541 410 fructus
562 382 715 411 ayroruiii.
738 375 788 403 Sed
812 375 870 404 istis
891 375 983 404 adiun-

138 421 243 456 guntur
259 419 430 447 documenta
446 420 688 456 Scripturarum,
705 421 882 458 intelligentia
903 422 984 458 spiri-

138 466 220 494 tualis
241 465 415 501 scripturae,
437 474 508 502 quae
529 474 558 495 se
581 467 663 495 habet
693 467 725 495 ad
759 468 871 496 modum
892 468 983 496 mellis

138 516 165 541 et
185 512 256 545 olei;
277 515 390 549 propter
412 512 485 549 quod
517 513 661 541 subditur:
684 517 716 541 ut
740 518 854 551 suyeret
874 515 930 543 mel
950 515 984 543 [Ie

134 563 221 596 petra
251 559 399 597 oleumque
430 560 463 587 tle
483 568 557 588 saxo
589 560 757 589 durissimo.
781 561 982 590 Documentum

24 610 33 660 'J
137 614 231 635 sacrae
252 606 411 642 Scripturae
432 614 461 634 se
482 606 565 634 habet
585 607 619 634 ad
642 607 751 635 modum
775 608 862 636 mellis
884 611 911 636 et
931 608 982 637 olei

25 646 101 689 'ppiex
137 656 271 690 quantum
293 653 326 681 ad
347 653 485 689 duplicem
508 660 636 687 sensum,
657 653 703 690 qui
728 654 753 681 in
776 661 807 682 ea
829 655 982 691 reperitur,

26 686 116 728 433?
137 699 240 728 scilicet
261 699 469 737 tropologicum
491 702 518 728 et
546 700 760 737 anagogicum,
783 708 832 737 per
854 710 924 738 quae
946 702 984 730 in-

136 746 291 775 formamur
312 749 339 774 et
353 746 520 774 instruimur
534 749 670 783 quantum
686 746 719 774 ad
734 747 872 783 duplicem
888 748 982 782 vitam,

137 793 253 822 activam
275 793 378 821 scilicet
392 795 420 821 et
434 793 690 829 contemplativam:
707 801 755 830 per
771 794 982 831 tropoloyieum

136 847 248 869 sensum
269 840 296 868 in
320 839 374 868 vita
395 839 498 873 activa,
520 847 591 876 quae
618 839 712 873 docet,
739 840 806 876 quid
838 841 873 868 sit
901 849 983 877 agen-

25 900 29 946 ]
136 886 201 915 dum
223 889 250 915 et
271 894 325 915 non
346 886 499 923 agendum;
515 894 565 923 per
586 894 698 915 sensum
720 887 918 923 auayoqieum
941 888 982 916 in-

17 921 28 972 {z
135 932 289 961 formamur
310 936 445 970 quantum
468 933 502 961 ad
523 933 606 961 vitam
632 933 889 970 contemplativam,
911 942 982 971 quae

17 980 27 1018 ‘l
135 979 223 1014 docet,
244 979 311 1017 qnid
331 980 367 1008 sit
387 980 554 1016 sperandum
576 983 604 1008 et
624 980 859 1017 exspectandum3
882 985 909 1009 et
931 981 983 1010 ista

12 1000 23 1263 ἱ
136 1026 317 1055 consideratio
338 1027 426 1055 elevat
454 1027 573 1055 animam
605 1027 638 1055 ad
667 1027 793 1056 caelestia
821 1030 848 1056 et
869 1031 982 1057 aeterna

16 1335 19 1354 i

14 1441 17 1454 l

14 1507 17 1524 l

13 1575 15 1593 Ι

135 1073 352 1110 contemplanda.
374 1074 425 1102 Per
446 1073 539 1102 oleum
562 1074 646 1110 igitur
667 1076 694 1102 et
715 1074 770 1102 mel
788 1074 981 1112 intelliguntur

135 1120 190 1149 duo
211 1128 309 1149 sensus
339 1128 433 1149 sacrae
462 1121 636 1157 scripturae,
665 1121 712 1158 qui
742 1124 808 1150 sunt
828 1122 910 1156 dicti,
932 1130 981 1159 per

135 1175 205 1204 quos
226 1167 409 1196 informamur
430 1168 458 1196 in
482 1168 535 1196 vita
549 1168 639 1196 activa
653 1172 679 1197 et
694 1169 913 1205 contemplativa.
930 1170 980 1198 Per

135 1214 229 1243 oleum
250 1214 306 1243 vita
327 1215 431 1249 activa,
452 1222 524 1252 quae
552 1215 676 1244 consistit
701 1215 774 1244 circa
795 1223 879 1252 opera
900 1217 982 1245 mise-

134 1261 285 1296 ricordiae,
308 1262 503 1291 convenienter
524 1262 703 1299 intelligitur3
725 1270 775 1299 per
796 1263 851 1291 met
864 1263 980 1293 dulcedo

133 1308 205 1337 vitae
226 1308 469 1345 contemplativae;
486 1312 518 1337 ut
531 1313 646 1346 superet
659 1309 715 1338 mel
728 1310 762 1338 cle
774 1314 860 1346 petra
875 1310 981 1339 oleum-

134 1363 187 1393 que
208 1355 241 1383 de
262 1364 335 1384 saeco
357 1355 526 1384 durissimo.
542 1372 581 1375 —
595 1356 736 1393 Nusquam
752 1357 853 1394 legitur
868 1357 894 1386 in
911 1358 979 1386 Scri-

134 1405 232 1439 ptura,
254 1402 327 1439 quod
349 1405 424 1431 totus
453 1403 572 1439 populus
601 1404 682 1432 lsrael
703 1407 847 1440 acceperat
867 1404 923 1433 mel
947 1405 980 1434 cle

129 1453 216 1487 petra
237 1449 279 1478 vel
300 1449 394 1478 oleum
415 1450 448 1478 cle
461 1458 544 1478 samo.
567 1450 638 1479 Bene
659 1451 776 1487 legitur,
798 1451 870 1488 quod
904 1460 979 1481 acce-

133 1496 173 1533 pit
194 1504 305 1534 aquam
336 1497 371 1525 tle
400 1500 493 1533 petra.
524 1498 550 1525 ln
580 1498 730 1526 Numeris2
759 1498 875 1535 legitur,
904 1499 979 1536 quod

132 1544 238 1580 Moyses
258 1551 294 1572 ex
316 1544 444 1572 mandato
466 1544 572 1572 Domini
593 1545 740 1581 percussit
750 1549 866 1582 petram
881 1546 978 1583 virga,

133 1590 177 1619 bis
197 1590 312 1625 scilicet,
334 1593 362 1619 et
382 1591 528 1620 fluxerunt
549 1600 644 1629 aquae
665 1591 861 1629 largissimae,
884 1593 926 1621 ita
948 1597 979 1621 ut

12 1661 13 1671 ,
129 1637 259 1675 populu-s
281 1637 385 1666 biberet
413 1641 437 1666 et
467 1638 598 1666 iumenta
606 1649 616 1671 ,·
637 1638 684 1667 sed
712 1647 766 1667 non
789 1639 929 1669 invenitur
952 1641 977 1669 in

10 1682 14 1727 l
133 1685 292 1722 Scriptura,
314 1685 388 1722 quod
410 1685 503 1713 oleum
524 1685 630 1722 accepit
650 1685 684 1714 cle
704 1694 778 1714 saxo
806 1686 849 1714 vel
869 1687 923 1715 mel
945 1688 979 1716 (le

11 1729 13 1758 l
129 1735 224 1769 petra.
248 1731 308 1760 ldeo
329 1732 402 1760 istud
424 1734 533 1769 oportet
554 1733 736 1769 spiritualiter
757 1733 920 1771 intelligere,
942 1742 977 1763 ex

4 1770 115 1818 :linianum
132 1787 188 1816 quo
209 1778 242 1807 ad
264 1779 383 1807 litteram
406 1787 460 1808 non
475 1779 577 1816 legitur
591 1787 650 1808 esse
664 1780 777 1809 factum.
794 1780 909 1810 Sua-um
923 1782 978 1810 clu-

9 1843 11 1867 l
131 1825 287 1855 rissimum
308 1826 367 1863 ipsa
389 1826 480 1855 littera
501 1834 595 1855 sacrae
609 1827 781 1864 Scripturae,
797 1836 877 1865 quae,
892 1837 978 1865 quan-

10 1874 11 1890 ³
133 1876 193 1901 tum
215 1876 256 1901 est
286 1872 319 1902 de
341 1881 384 1908 se,
407 1873 475 1902 nihil
507 1874 590 1902 hahet
618 1874 705 1908 vitae,
727 1874 795 1903 nihil
824 1875 978 1905 dulcedinis

132 1919 299 1957 spiritualis,
332 1920 401 1948 nihil
432 1920 589 1949 refectionis
621 1920 759 1955 internae,
788 1922 835 1950 sed
867 1922 978 1959 quando

132 1967 251 2003 Spiritus
272 1970 384 1995 sanctus
404 1967 508 1996 accedit
530 1967 563 1996 ad
586 1967 705 1996 litteram
736 1968 825 1997 dando
846 1969 977 2006 spiritua-

132 2013 185 2042 lem
207 2013 314 2042 litterae
335 2013 558 2051 intelligentiam,
580 2017 646 2043 tunc
667 2014 713 2043 dat
728 2015 782 2043 mel
796 2018 820 2043 et
835 2015 929 2044 oleum
944 2017 978 2045 (le

128 2063 215 2096 petra
235 2064 261 2088 et
280 2069 354 2089 saxo
375 2061 544 2089 durissimo.
569 2061 599 2089 Et
619 2061 653 2090 de
674 2062 726 2090 isto
758 2063 838 2091 melle
859 2066 887 2091 et
917 2063 977 2092 oleo

131 2108 255 2144 pascitur
272 2108 401 2145 populus
421 2108 486 2142 Dei,
508 2116 580 2145 quae
601 2108 674 2146 sugit
700 2109 734 2137 de
762 2110 854 2138 littera
882 2118 976 2139 sacrae

132 2154 291 2191 Scripturae
312 2162 361 2191 per
381 2155 484 2183 donum
503 2155 622 2192 Spiritus
643 2156 737 2184 sancti.
760 2173 799 2177 —
819 2157 976 2191 Carissimi‚

130 2209 185 2230 non
200 2204 241 2230 est
253 2202 390 2230 humanae
402 2202 513 2231 virtutis
527 2206 575 2231 aut
589 2203 727 2239 potentiae
741 2204 860 2232 educere
874 2204 930 2233 mel
943 2204 977 2233 cle

128 2252 214 2285 petra
235 2251 261 2276 et
280 2248 373 2276 oleum
394 2249 428 2277 de
447 2257 522 2277 saxo
543 2249 721 2283 durissimo,
744 2250 915 2287 spiritualem
931 2259 976 2279 ae-

130 2295 313 2324 dificationem
334 2295 530 2332 intelligentiae
551 2296 584 2325 de
605 2296 697 2325 littera
717 2300 744 2325 et
767 2297 882 2325 historia
904 2297 976 2326 Scri-

130 2345 244 2379 pturae,
266 2342 313 2371 sed
334 2342 453 2380 Spiritus
474 2346 586 2372 sanctus
605 2344 656 2372 hoc
678 2346 767 2380 potest
788 2344 887 2378 facere,
910 2344 974 2381 qui,

131 2388 183 2417 ubi
195 2389 265 2423 vult,
280 2390 393 2427 spirat,
410 2390 518 2419 [oannis
534 2391 623 2419 tertio.
647 2390 708 2419 ldeo
722 2391 749 2419 in
765 2391 900 2427 principio
917 2391 975 2428 ipse

129 2436 300 2466 invocandus
320 2440 376 2471 est,
398 2440 430 2466 ut
451 2437 549 2466 educat
581 2438 659 2466 nohis
690 2437 746 2466 mel
772 2438 806 2465 (le
830 2442 917 2475 petra
950 2442 976 2466 et

130 2482 223 2511 oleum
254 2483 287 2512 cte
313 2492 387 2512 saa'o
415 2484 593 2518 durissimo,
616 2485 667 2512 hoc
697 2487 739 2513 est
766 2484 974 2521 intelligentiam

129 2529 163 2558 de
184 2530 275 2559 littera
295 2531 483 2568 spiritualem,
505 2533 532 2560 et
552 2531 598 2559 det
613 2531 691 2559 nohis
705 2531 826 2567 aliquam
847 2531 973 2559 melleam

129 2576 301 2606 dulcedinem
323 2578 358 2606 ihi
382 2578 506 2614 reperire
521 2578 548 2606 in
564 2577 776 2606 consolationem
792 2577 974 2614 spiritualem,

129 2624 232 2653 scilicet
252 2624 280 2652 in
302 2625 394 2653 verbis
415 2632 510 2653 sacrae
531 2624 706 2660 Scripturae,
728 2624 761 2652 ad
783 2624 916 2652 honorem
932 2624 973 2652 sui

128 2671 248 2699 nominis
268 2674 295 2699 et
316 2671 578 2700 commendationem
602 2671 673 2699 beati
694 2670 809 2704 Nicolai,
831 2670 857 2698 id
878 2674 919 2699 est
940 2670 974 2710 ad

129 2717 342 2746 consolationem
363 2718 518 2746 animarum
540 2720 708 2745 nostrarum.

1825 158 1881 187 473

1126 234 1295 264 Thesaurus
1315 235 1516 264 desiderabilis
1536 239 1560 264 et
1581 236 1673 264 oleum
1694 239 1745 265 etc.

1121 282 1151 310 Et
1172 282 1234 311 licet
1262 282 1409 311 convenire
1440 282 1545 319 possint
1576 283 1627 312 ista
1659 283 1742 311 verha
1773 283 1884 312 cuilibet
1900 289 1972 309 Sermo.

1040 328 1152 362 Sancto,
1176 331 1264 357 tamen
1286 329 1439 366 specialiter
1460 330 1540 358 beato
1560 330 1668 359 Nicolao
1684 338 1732 367 per
1746 330 1882 367 quandam

1041 375 1276 411 praerogativam;
1298 379 1325 404 et
1346 376 1372 404 in
1394 376 1487 405 verbis
1507 376 1654 413 propositis
1676 377 1794 413 Spiritus
1822 385 1882 406 san-

1040 424 1101 449 ctus
1122 422 1239 450 ostendit
1260 430 1323 451 eum
1345 423 1589 452 commendabilem
1611 432 1627 452 a
1647 424 1765 457 duobus,
1781 424 1883 453 scilicet
1903 429 1980 450 Divisio.

1039 476 1055 495 a
1073 468 1282 504 praeclaritate
1302 470 1491 504 meritorum,
1513 478 1576 499 cum
1604 470 1721 499 dicitur:
1757 470 1882 500 Thesau-

1040 523 1094 542 rus
1115 514 1332 549 desiderabilis;
1354 519 1381 544 et
1410 524 1426 544 a
1444 516 1623 553 plenitudiue
1650 520 1678 546 et
1708 518 1785 554 copia
1813 527 1881 555 yra-

1040 561 1168 595 tiarum,
1190 562 1263 598 quod
1285 566 1396 591 notatur
1411 563 1437 591 in
1453 563 1526 597 oleo,
1542 572 1605 592 cum
1621 564 1735 593 dicitur:
1751 568 1775 593 et
1790 565 1882 594 oleum

1040 607 1071 635 iu
1093 606 1258 637 habitaculo
1280 609 1358 637 iusti.
1380 610 1519 646 Quantum
1538 610 1571 639 ad
1586 611 1707 647 primum
1722 611 1823 640 dicitur
1838 612 1882 641 hic

1040 653 1197 682 thesaurus
1218 655 1437 690 desiderabilis;
1458 660 1485 685 et
1505 657 1538 685 ad
1561 658 1678 686 litteram
1702 666 1798 687 verum
1824 662 1880 693 est,

1040 701 1112 737 quod
1135 702 1285 730 secundum
1308 703 1359 730 ista
1374 704 1533 739 temporalia
1554 704 1610 732 sive
1626 705 1653 732 in
1668 705 1726 733 istis
1740 705 1816 734 dives
1831 706 1881 734 fuit

1040 750 1067 775 et
1087 747 1252 782 ahiindavit;
1274 749 1347 777 unde
1368 753 1395 777 et
1427 750 1589 779 thesaurum
1618 751 1729 785 hahuit,
1751 755 1778 780 et
1799 753 1879 781 etiam

1039 794 1130 822 oleum
1145 794 1178 823 de
1193 795 1252 823 eius
1268 796 1377 824 ossibus
1391 797 1527 825 emanavit
1539 797 1558 825 Β.
1582 798 1612 825 Et
1633 798 1671 826 sic
1686 798 1805 835 Spiritus
1819 807 1880 828 san-

1039 843 1109 874 ctus,
1132 841 1234 870 scilicet
1256 842 1307 870 ista
1327 842 1391 876 duo,
1413 851 1484 879 quae
1505 843 1636 872 dicuntur
1654 845 1681 872 in
1704 845 1795 873 verbis
1817 854 1880 882 pro-

1039 887 1150 922 positis,
1172 891 1302 924 operatus
1323 892 1372 917 est.

1118 934 1135 962 I.
1165 935 1304 971 Quantum
1335 935 1369 963 ad
1400 935 1522 972 primum
1553 936 1685 966 dehemus
1713 938 2026 975 intelligerefflarstrraa·

1039 980 1113 1016 quod
1135 981 1237 1017 triplex
1252 985 1293 1010 est
1308 980 1482 1016 thesaurus,
1498 983 1599 1012 scilicet
1614 984 1755 1018 exterior,
1778 985 1823 1021 qui
1840 989 1880 1014 est
1897 969 2026 1011 ἷξῗὲἕῗιῗι.ω8“

1039 1026 1189 1055 thesaurus
1209 1028 1398 1064 possessionis
1420 1032 1568 1062 terrenae,·
1589 1033 1616 1058 et
1643 1031 1790 1060 thesaurus
1811 1032 1880 1060 iiite-
1904 1015 2007 1058 uffssi'iffis.

1039 1073 1119 1106 rior,
1135 1074 1182 1110 qui
1198 1077 1239 1102 est
1258 1074 1501 1111 sanctificationis
1516 1077 1646 1105 internae
1660 1081 1687 1106 et
1702 1078 1880 1113 intrinsecae;

1039 1123 1066 1148 et
1087 1121 1236 1149 thesaurus
1256 1122 1410 1158 superior,
1432 1123 1479 1159 qui
1502 1127 1542 1152 est
1563 1125 1810 1161 contemplationis
1831 1134 1880 1154 ar—

1039 1175 1138 1196 canae.
1163 1185 1199 1189 —
1215 1169 1322 1197 Primus
1344 1169 1492 1198 thesaurus
1513 1173 1554 1199 est
1574 1171 1684 1199 valoris
1703 1173 1865 1208 permodici
1871 1184 1880 1206 ,·
1899 1178 1925 1197 De
1938 1179 2025 1205 thesauro

1038 1216 1111 1244 unde
1143 1216 1268 1244 Salomon
1297 1216 1323 1244 in
1357 1216 1550 1245 Proverbiis4:
1572 1218 1673 1246 Melius
1701 1222 1740 1247 est
1769 1228 1880 1256 parum
1909 1203 2008 1221 exteriore.

1038 1271 1103 1291 eum
1127 1263 1229 1291 timore
1252 1263 1370 1292 Domini
1383 1272 1473 1301 quam
1495 1263 1627 1293 thesauri
1647 1266 1750 1303 magui
1762 1270 1787 1294 et
1801 1267 1880 1295 iasa-

1038 1309 1157 1338 tiubiles.
1181 1310 1293 1346 Quare?
1314 1310 1383 1346 Quia
1404 1310 1513 1339 divitiae
1536 1312 1577 1340 vel
1600 1312 1721 1341 thesauri
1746 1316 1880 1350 tempora-

1037 1357 1076 1385 les
1096 1357 1204 1385 modici
1223 1357 1334 1385 valoris
1348 1360 1413 1386 sunt
1428 1361 1454 1386 et
1472 1359 1576 1395 magui
1587 1359 1712 1395 periculi
1718 1370 1727 1393 ;
1747 1360 1819 1389 unde
1834 1361 1880 1389 Sa-

1038 1403 1128 1431 lomon
1143 1403 1169 1431 in
1186 1404 1360 1433 Ecclesiaste:
1378 1405 1427 1432 Est
1441 1409 1466 1432 et
1480 1404 1542 1433 alia
1565 1405 1723 1442 iufirmitas
1742 1408 1879 1443 pessima,

1036 1458 1126 1488 quam
1149 1450 1210 1479 virli
1233 1451 1286 1479 sub
1317 1451 1390 1484 sole,
1413 1452 1532 1480 (livitiae
1554 1457 1739 1482 conservatae
1768 1454 1798 1482 iu
1816 1463 1879 1483 ma-

1036 1497 1095 1525 lum
1125 1498 1238 1526 (tatuini
1256 1498 1313 1526 sui.
1337 1498 1465 1526 Pereunt
1491 1499 1567 1527 euim
1589 1500 1618 1528 in
1640 1500 1797 1536 afflictione
1816 1510 1879 1538 pes-

1035 1544 1120 1573 sima.
1145 1545 1332 1573 Periculosus
1351 1549 1392 1574 est
1413 1546 1463 1574 iste
1491 1546 1653 1580 thesaurus,
1682 1547 1747 1583 quia
1773 1548 1878 1576 occasio

1036 1594 1077 1619 est
1091 1592 1188 1620 mortis
1203 1595 1330 1621 aeternae
1340 1603 1346 1626 ;
1358 1593 1511 1629 perierimt
1526 1594 1557 1621 in
1571 1593 1727 1630 afflictione
1740 1595 1876 1631 pessima.

1114 1639 1160 1667 Est
1181 1639 1330 1667 thesaurus
1350 1639 1591 1676 sanctificationis
1613 1641 1775 1669 intrinsecae
1796 1645 1822 1670 et
1837 1642 1877 1670 in·
1894 1645 2023 1688 ¹²⁸ae;,3,2,³”·

1036 1689 1146 1720 ternae,
1168 1689 1195 1714 et
1216 1686 1260 1714 hic
1287 1690 1328 1715 est
1358 1686 1469 1714 valoris
1497 1687 1616 1724 inceptu,-
1644 1687 1669 1715 in
1701 1688 1876 1717 Proverbiis⁵

1035 1733 1106 1761 dixit
1126 1736 1238 1761 aeterna
1259 1733 1410 1770 Sapientia,
1433 1734 1515 1762 Filius
1538 1734 1599 1762 Dei:
1621 1735 1656 1762 Ju
1677 1734 1733 1762 viis
1748 1735 1877 1763 iustitiae

1035 1780 1162 1814 ambulo,
1184 1780 1216 1809 in
1236 1780 1328 1808 medio
1343 1780 1515 1808 seiizitarum
1530 1781 1643 1815 iudicii,
1660 1785 1690 1809 ut
1712 1781 1796 1810 (litem
1811 1782 1877 1810 tlili-

1033 1831 1129 1864 9eiites
1144 1836 1188 1855 me
1202 1831 1227 1855 et
1242 1826 1393 1855 thesauros
1407 1836 1508 1856 eorum
1524 1828 1659 1864 repleam,
1675 1836 1729 1856 non
1751 1829 1874 1865 pecunia,

1035 1874 1082 1903 sed
1096 1874 1191 1911 gratia.
1208 1874 1280 1902 Bona
1295 1877 1336 1903 est
1350 1874 1401 1903 ista
1416 1874 1545 1911 repleti0;
1567 1878 1594 1902 et
1609 1875 1751 1911 Apostolus
1763 1875 1773 1891 ὃ
1795 1875 1875 1903 dicit:

1036 1921 1159 1958 Propter
1180 1930 1230 1949 vos
1251 1930 1357 1958 eyeizus
1377 1920 1476 1958 faetus
1491 1925 1540 1955 est,
1555 1930 1622 1949 cum
1643 1926 1713 1949 esset
1733 1922 1821 1956 (libes,
1843 1927 1874 1950 ut

1035 1968 1114 1997 illius
1135 1969 1237 2006 iuopia
1267 1977 1316 1997 vos
1347 1968 1449 1996 divites
1476 1968 1587 2002 essetis,
1610 1968 1712 1997 scilicet
1739 1969 1766 1997 in
1797 1969 1875 1997 donis

1034 2015 1137 2052 gratiae
1159 2018 1186 2043 et
1207 2015 1371 2049 virtutihus3
1401 2015 1506 2052 primae
1533 2015 1565 2043 ad
1594 2015 1748 2044 Corinthios
1769 2016 1874 2052 primo:

1035 2062 1069 2090 In
1097 2061 1231 2090 oimussbus
1260 2062 1361 2090 divites
1388 2061 1463 2099 faeti
1492 2062 1559 2090 estis
1585 2063 1616 2090 in
1647 2062 1711 2096 illo,
1734 2063 1765 2090 iit
1795 2063 1875 2091 omui

1033 2108 1117 2137 verbo
1138 2112 1162 2136 et
1183 2108 1214 2136 iii
1236 2109 1316 2136 cnuti
1335 2108 1456 2136 seientia
1477 2111 1538 2141 etc,
1560 2112 1592 2136 ut
1612 2107 1686 2136 uihil
1707 2108 1784 2137 uobis
1804 2108 1877 2137 (lesit

1033 2157 1065 2184 ἰ’-η
1085 2156 1147 2184 ulla
1166 2155 1276 2192 qratia.
1301 2155 1345 2183 Est
1373 2155 1456 2191 igitur
1485 2156 1585 2183 valoris
1607 2156 1713 2192 magni,
1735 2155 1800 2191 quia
1820 2163 1873 2183 non

1033 2203 1121 2232 solum
1144 2203 1215 2231 valet
1237 2202 1263 2230 in
1286 2202 1438 2238 praesenti,
1460 2203 1507 2230 sed
1536 2202 1561 2230 in
1583 2202 1678 2230 futuro
1707 2202 1739 2230 ad
1772 2202 1874 2230 liaben-

1032 2250 1094 2278 dam
1118 2249 1200 2277 vitam
1223 2252 1377 2282 aeteruann
1394 2249 1419 2276 in
1443 2249 1597 2277 Proverbiis
1611 2249 1727 2277 dicitur:
1745 2248 1794 2277 Nil
1805 2257 1873 2285 pro-

1033 2297 1139 2325 derunt
1153 2295 1285 2323 thesauri
1299 2295 1472 2332 impietati&
1493 2295 1606 2323 iustitia
1623 2304 1687 2323 vero
1709 2295 1839 2323 liberabit
1854 2304 1873 2324 a

1032 2347 1131 2372 morte.
1156 2343 1229 2376 Ecce,
1245 2345 1379 2379 quantum
1402 2342 1580 2378 producibilis
1596 2342 1744 2370 thesaurus
1761 2343 1873 2379 gratiae,

1032 2391 1079 2428 qui
1102 2390 1199 2418 liberat
1220 2390 1254 2417 ah
1275 2392 1387 2417 aeterna
1407 2392 1511 2423 morte,
1533 2397 1603 2425 quae
1626 2397 1690 2417 vere
1711 2397 1786 2417 mors
1807 2392 1856 2418 est.

1110 2437 1184 2465 Alius
1195 2440 1235 2465 est
1250 2436 1399 2464 thesaurus
1413 2435 1660 2472 contemplationis
1672 2444 1812 2470 arcanae,
1825 2436 1872 2473 qui
1887 2439 2019 2487 “effliss‘ssem'

1032 2487 1072 2513 est
1088 2483 1198 2512 valoris
1212 2482 1360 2515 immensi,-
1376 2482 1401 2510 in
1417 2482 1487 2510 libro
1502 2482 1687 2519 Sapientiae⁷:
1702 2482 1796 2518 Quam
1812 2483 1873 2511 siue
1989 2476 1994 2482 ’

1030 2530 1143 2567 fictione
1164 2530 1264 2563 (litliei,
1286 2530 1347 2557 siue
1367 2529 1481 2557 invidia
1502 2529 1682 2557 communico
1703 2533 1729 2557 et
1743 2528 1872 2557 honesta—

1032 2581 1085 2605 tem
1107 2577 1186 2605 illius
1206 2585 1265 2604 uou
1286 2576 1437 2604 abscondo.
1460 2575 1597 2612 [nfinitus
1618 2576 1694 2604 enim
1717 2574 1872 2604 thesaurus

1031 2628 1070 2653 est
1092 2623 1272 2657 hominibus,
1295 2631 1350 2660 quo
1371 2623 1423 2661 qui
1443 2623 1492 2651 usi
1521 2626 1590 2650 suut
1615 2623 1775 2659 participes
1800 2622 1874 2659 sacti

1030 2674 1101 2699 suut
1131 2670 1280 2698 aiiiiei'tiae
1303 2670 1361 2698 Dei.
1385 2670 1435 2698 lste
1458 2670 1606 2698 thesaurus
1634 2673 1674 2698 est
1700 2670 1800 2698 valoris
1822 2669 1873 2697 im-

1031 2717 1117 2745 mensi
1139 2720 1165 2745 et
1188 2716 1362 2744 multimodae
1384 2716 1523 2750 utilitatis;
1546 2716 1618 2744 unde
1639 2716 1666 2744 in
1688 2716 1781 2744 eodem
1804 2716 1873 2744 libro

191 2870 199 2883 ¹
218 2871 273 2893 Gen.
292 2870 328 2899 27,
346 2870 383 2892 27.
495 2869 503 2882 ²
521 2870 577 2898 Cap.
595 2870 637 2899 20,
655 2870 695 2898 ill3
712 2871 816 2899 sequitur
833 2871 894 2893 loan.
912 2871 933 2898 3,
952 2871 972 2892 8.

191 2908 200 2922 ³
218 2909 310 2938 Surius,
327 2910 371 2932 loc.
388 2909 425 2932 cit.
442 2908 455 2937 S
472 2910 510 2931 20.

190 2948 200 2961 4
218 2948 274 2976 Cap.
296 2949 334 2977 15,
353 2949 390 2975 463
412 2948 516 2977 sequitur
534 2949 605 2971 Eccle.
623 2949 648 2977 5,
668 2949 704 2970 =l2.
720 2954 768 2978 seq.

222 2996 247 3019 S.
266 2996 357 3019 Bonae.
373 3008 404 3012 ——
422 2996 490 3018 Tom.
506 2996 545 3018 IX.

1094 2869 1103 2882 ⁵
1120 2870 1176 2898 Cap.
1194 2871 1220 2897 8,
1238 2870 1275 2892 20.
1292 2876 1342 2898 seq.

1093 2908 1103 2921 ⁶
1120 2909 1189 2937 Epist.
1207 2910 1230 2931 ll.
1248 2909 1299 2931 Cor.
1318 2910 1343 2936 8,
1361 2909 1386 2937 93
1404 2910 1532 2937 sequuntur
1549 2909 1618 2936 Epist.
1633 2909 1646 2930 l.
1664 2914 1684 2930 c.
1702 2909 1723 2936 i,
1740 2908 1762 2930 5.
1774 2914 1837 2936 seqq.
1850 2910 1872 2930 et

1030 2949 1096 2971 Prov.
1117 2949 1155 2976 to,
1173 2949 1195 2970 2.
1398 2946 1406 2960 ⁷
1424 2947 1479 2975 Cap.
1495 2947 1524 2975 7,
1543 2948 1579 2970 ta.
1597 2954 1657 2976 seq.;
1675 2947 1777 2975 sequitur
1795 2953 1817 2968 v.
1840 2947 1873 2968 1·1.

1751 2995 1779 3016 60
