2243 3348
14 708 21 753 ..ω

33 1022 82 1049 Πρω,
94 1021 117 1040 ab

17 1047 91 1069 laeuone
105 1046 132 1063 tu-

17 1072 19 1099 l
30 1068 123 1088 multuosa.

15 2049 129 2069 mutandum.

640 143 795 172 DOMlNlCA
818 144 858 172 lx.
883 143 963 172 POST
986 144 1226 174 PENTECOSTEN.
1249 145 1358 174 sERMO
1380 146 1408 174 11.

155 219 227 257 quod
249 220 358 256 quaerit
379 228 432 248 non
456 220 600 257 impetrat,
622 221 687 258 quia
708 221 846 250 orationes
867 221 926 250 eius
947 229 996 258 per

154 274 251 294 manus
272 266 437 303 Angelorum
459 275 514 295 non
534 267 664 296 feruntur
689 268 723 296 ad
743 268 862 296 divinam
884 268 997 297 audien-

153 313 234 346 tiam3
257 316 370 349 propter
397 313 448 342 hoc
475 316 584 350 oportet
604 314 717 351 purgari
748 314 881 343 volentem
910 323 996 344 exau-

152 360 220 393 diri,
242 359 315 396 quod
337 360 447 396 quidem
463 360 494 388 fit
514 368 564 396 per
578 361 790 389 amaritudinem
808 362 996 397 compunctio—

152 407 208 439 nis:
232 406 313 443 primi
329 407 432 442 Regum
448 407 537 443 primo
553 408 578 434 ¹:
602 407 674 435 Cum
696 411 766 435 esset
788 409 876 436 Anna
891 416 996 436 amaro

152 453 267 486 animo,
289 453 386 481 oravit
407 454 446 482 aa
463 454 633 488 Dominam,
648 454 719 490 flens
734 454 873 491 laryiter;
894 455 921 483 in
941 463 996 492 quo

151 500 218 528 fletu
240 507 269 528 se
290 499 378 536 ipsam
404 501 532 537 purgavit
557 504 584 529 et
612 501 690 537 quasi
720 501 746 529 in
775 501 893 537 quodam
922 501 996 530 fonte

152 545 231 579 lavit;
256 546 326 575 unde
348 554 382 574 ex
412 554 460 574 ore
488 546 575 583 ipsius
597 547 699 575 munda
726 547 814 576 oratio
835 547 867 576 ad
889 548 996 576 caelum

151 599 240 629 usque
255 592 426 626 conscendit,
445 593 518 621 unde
533 593 665 622 exaudita
679 594 746 627 fuit;
769 594 842 630 quod
857 594 995 630 figuratur

150 639 240 667 Iudith
262 639 438 668 duodecimo:
464 640 495 667 Et
517 639 614 668 exibat·
627 640 759 668 noctibas
774 640 805 668 in.
819 640 919 668 ballein
946 641 995 668 Be-

151 685 259 714 tltaliae
273 690 297 714 et
313 686 485 722 baptizabat
498 695 528 714 Se
543 686 574 714 in
588 685 666 723 fonte
680 694 782 723 aquae.
801 687 834 714 Et
849 691 882 714 nt
896 695 995 715 aseen-

150 732 249 766 (lebat,
265 732 370 760 orabat
387 732 543 760 Dominum
561 732 651 760 Deum
673 732 766 760 Israel
773 755 781 766 ,
804 736 838 760 at
855 732 996 769 diriperet

150 779 229 807 viam
250 779 312 807 eins
334 779 374 807 ad
396 778 591 807 liberationem
610 778 715 815 populi
727 779 784 806 sni.
807 779 833 806 ln
857 787 912 815 quo
927 779 995 815 figu-

149 828 237 860 ratur,
253 825 326 862 quod
341 826 420 862 prius
442 825 556 854 lavanda
574 828 615 853 est
636 825 801 853 conscientia
818 833 872 861 per
893 825 995 861 sinqu-

150 872 194 900 las
214 875 309 900 noctes
324 872 345 905 2,
367 879 449 908 quam
465 871 498 900 ad
519 871 670 900 orationem
686 870 875 899 ascendamus.
896 871 995 899 Exem-

149 919 224 956 plum
247 918 281 947 de
303 919 400 947 Esther
420 922 531 953 orante,
553 918 659 946 decimo
681 921 789 954 quarto.

227 965 318 994 Tertio
339 966 483 1003 purganda
504 968 545 994 est
566 965 600 993 ab
622 965 733 993 actione
749 964 930 993 tavirntltaosa
944 972 993 1001 per

149 1012 322 1041 solitudinem
345 1012 499 1049 religionis,
521 1015 553 1040 ut
581 1011 696 1040 orationi
720 1014 848 1046 vacetur3
871 1012 994 1040 Threno-

149 1067 211 1088 rum
241 1059 322 1087 tertio
338 1059 364 1087 ³:
389 1059 558 1096 Opposza'sti
584 1058 688 1087 nabent
714 1058 781 1092 tibi,
802 1067 837 1087 ne
863 1062 994 1086 transeat

149 1106 261 1139 oratio;
276 1106 349 1143 quod
364 1106 474 1143 quidem
497 1106 541 1140 fit,
557 1106 666 1143 quando
681 1108 788 1134 tantum
807 1105 993 1142 permittimus

148 1153 254 1182 caelum
276 1153 367 1182 cordis
389 1153 474 1182 nostri
498 1153 632 1181 nubilosis
654 1153 804 1189 phantasiis
829 1155 856 1181 et
876 1160 993 1189 occupa-

149 1199 269 1228 tionibus
294 1200 412 1234 involvi‚
434 1203 465 1228 ut
486 1208 539 1228 non
567 1199 651 1236 possit
673 1199 773 1228 intueri
797 1199 891 1227 radius
913 1206 993 1227 verae

148 1246 225 1275 lucis.
244 1246 380 1283 Quamdiu
402 1254 468 1275 vero
489 1254 566 1275 mens
581 1249 675 1275 nostra
691 1246 717 1274 in
733 1246 889 1274 huiusmodi
906 1246 993 1282 phan-

148 1293 310 1322 tasmatibus
331 1296 359 1322 et
378 1293 606 1330 occupationibus
628 1293 706 1322 malis
724 1296 862 1327 versatur,
883 1293 993 1329 elonga-

148 1343 194 1369 tur
216 1348 231 1368 a
252 1341 367 1369 veritate
388 1343 415 1369 et
437 1340 645 1377 spiritualitate;
667 1344 695 1369 et
722 1340 782 1368 ideo
810 1343 885 1368 recte
912 1348 993 1368 orare

147 1395 201 1415 non
225 1390 324 1423 potest,
346 1387 419 1424 qiua,
442 1388 513 1416 sicut
540 1387 641 1415 dicitur
668 1387 774 1415 Ioannis
798 1390 913 1423 quarm,
934 1387 993 1423 spi-

147 1433 224 1462 ritns
245 1438 286 1462 est
306 1434 396 1467 Delfis,
419 1438 445 1462 et
465 1442 510 1462 eos
531 1434 582 1471 qni
602 1434 732 1462 adorant
746 1442 811 1462 eain
832 1434 863 1462 in
884 1433 992 1470 spirita

148 1484 172 1509 et
192 1481 311 1509 veritate
326 1484 435 1517 oportet
448 1481 585 1509 adorare.
603 1481 688 1509 Debet
702 1480 787 1517 igitur
809 1488 885 1509 mens
899 1483 994 1508 nostra

147 1527 181 1556 ab
202 1528 359 1556 huiusmodi
383 1528 513 1564 pul-garn
535 1527 608 1564 quod
634 1527 744 1564 quidem
769 1527 799 1555 sit
821 1535 869 1564 per
898 1527 993 1556 solitu-

147 1574 237 1603 dinem
253 1574 407 1611 religionis,
430 1574 582 1603 recedendo
596 1574 699 1603 scilicet
720 1582 736 1602 a
758 1574 839 1602 turba
861 1581 992 1602 sensuum

147 1623 174 1649 et
188 1621 357 1650 sensibilium
374 1625 401 1650 et
422 1621 648 1658 imaginabilium.
664 1621 741 1657 Quod
758 1621 827 1649 bene
841 1620 992 1657 figuratum

147 1671 188 1696 est
208 1668 335 1696 Matthaei
351 1668 456 1696 decimo
471 1671 584 1704 quarto,
606 1668 651 1696 ubi
674 1668 784 1702 dicitur,
806 1667 879 1704 quod
901 1667 992 1695 Salva-

147 1717 199 1748 tor,
214 1714 338 1743 dimissa
352 1714 456 1748 turba,
472 1715 600 1743 aseendit
615 1715 646 1743 z'n
660 1719 783 1743 montem
801 1714 880 1743 solae
896 1723 991 1742 orare.

147 1761 216 1790 Haec
239 1764 332 1790 autem
356 1761 474 1790 solitudo
497 1761 636 1798 religionis
658 1761 743 1798 magis
770 1760 921 1789 attenditur
943 1768 991 1797 per

147 1808 316 1845 spiritualem
340 1816 478 1837 recessum
500 1808 527 1836 in
550 1808 681 1837 interiora
705 1808 886 1836 conscientiae
907 1816 991 1844 quam

146 1863 195 1892 per
211 1856 381 1892 corporalem
397 1855 596 1892 separationem
611 1863 627 1883 a
641 1855 779 1883 consortio
794 1855 900 1883 turbae.
916 1855 991 1883 Unde

146 1903 272 1931 Matthaei
288 1905 368 1931 sexto
382 1903 409 1930 4:
432 1903 474 1930 Ta
489 1907 584 1931 antem
594 1926 603 1936 ,
625 1911 690 1931 eam
706 1902 849 1935 oraveris,
865 1902 945 1930 intra
960 1902 992 1930 in

147 1949 311 1978 cubiculum
328 1953 421 1983 tumn,
444 1954 468 1978 el
483 1949 583 1978 elaaso
599 1949 679 1983 ostio,
702 1958 757 1978 ora
775 1950 892 1977 Patrem
908 1953 991 1977 tanin

147 1996 178 2024 in
199 1996 384 2029 abseonclito;
406 1997 494 2031 ostio,
517 1997 619 2025 scilicet
647 1993 792 2025 sensuum'
808 1997 989 2025 exteriorum.

147 2043 183 2072 Ibi
196 2044 230 2078 (ἵ)
245 2046 286 2072 est
304 2043 423 2071 hominis
438 2051 493 2072 cor.
509 2060 547 2063 ——
562 2043 612 2071 Sed
635 2043 714 2080 pauci
730 2046 794 2071 sunt
809 2043 855 2079 qui
878 2043 990 2077 intrent,

147 2091 212 2127 quia
234 2091 284 2119 hoc
306 2094 346 2119 est
367 2090 469 2118 donum
491 2090 599 2118 divinae
620 2090 724 2127 gratiae
749 2092 775 2118 et
799 2092 910 2118 nostrae
930 2090 991 2118 dili-

131 2136 267 2173 gentiam
291 2136 363 2165 unde
388 2136 499 2165 secundi
522 2137 625 2173 Regum
650 2136 765 2173 septimo
793 2136 864 2164 dixit
888 2136 989 2165 David:

15 2331 59 2350 Pars
70 2331 90 2350 ΙΙ,
103 2331 131 2351 De

13 2364 15 2367 =
24 2355 123 2374 attentione

14 2378 134 2421 attrita?

53 2425 87 2444 tari
90 2439 99 2460 ,ι

13 2470 36 2490 sit
48 2473 130 2496 provida.

148 2183 257 2212 Invenit
277 2192 380 2212 servas
402 2188 470 2212 tans
491 2192 541 2212 eoi·
562 2192 666 2217 saum,
690 2188 720 2212 al
741 2187 841 2212 oraret
870 2187 893 2211 te
921 2192 990 2211 ora-

147 2230 220 2259 tione
241 2230 304 2259 liae.
327 2231 490 2267 Exemplum
512 2231 545 2259 de
567 2231 648 2264 Sara,
670 2230 769 2259 Tobiae
792 2230 880 2259 terti0.

226 2278 253 2305 ll.
266 2278 319 2306 Hac
331 2277 430 2314 triplici
444 2278 606 2315 purgatione
618 2277 768 2314 praemissa
780 2277 857 2314 quasi
870 2277 988 2314 quodam

147 2325 369 2361 praeparatorio,
390 2325 499 2362 adiungi
522 2325 603 2353 debet
624 2324 724 2359 oratio,
747 2332 829 2361 quam
853 2324 991 2353 comitari

147 2371 227 2400 debet
248 2372 381 2405 attentio,
404 2380 475 2408 quae
499 2371 580 2400 debet
609 2371 698 2399 tribus
720 2371 921 2399 conditionibus
950 2371 989 2399 in-

146 2417 267 2447 formari.
291 2418 380 2447 Primo
401 2418 472 2447 enini
495 2418 575 2447 debet
596 2418 683 2446 oratio
704 2420 808 2446 attenta
829 2425 887 2446 esse
902 2420 989 2446 atten-

147 2465 219 2494 tione
238 2465 365 2502 prooicla
386 2473 435 2502 per
457 2465 624 2502 vigilantiam
641 2465 666 2493 in
690 2465 845 2499 intellectu3
862 2464 989 2493 Matthaei

147 2512 277 2549 vigesimo
299 2516 378 2541 sexto
393 2512 419 2540 ⁵:
448 2512 568 2549 Vigilate
588 2516 614 2540 et
634 2516 728 2545 orate,
752 2515 782 2539 nt
803 2520 861 2539 non
877 2511 989 2540 intretis

147 2559 177 2587 in
199 2560 390 2588 tentationem.
417 2559 470 2587 Hoc
491 2559 571 2588 etiam
595 2558 727 2596 praecipit
752 2558 885 2587 Dominus
907 2558 988 2587 Marci

1840 149 1892 178 391

1052 221 1158 251 decimo
1179 226 1279 259 quarto
1300 226 1326 252 et
1346 224 1435 252 Lucae
1457 224 1587 261 vigesimo
1611 225 1700 261 primo
1721 228 1748 254 et
1768 226 1896 263 princeps

1053 268 1259 305 Apostolorum,
1275 270 1380 306 primae
1396 271 1465 299 Petri
1488 274 1587 308 quarto
1599 272 1626 300 ⁶:
1648 272 1767 309 Vigilate
1782 273 1812 301 in
1827 282 1895 302 ora-

1052 315 1185 343 tionibus.

1131 363 1185 391 Hoc
1206 366 1297 392 autem
1326 364 1495 401 praecipitur
1521 373 1536 393 a
1557 365 1672 394 Domino
1697 365 1753 394 sive
1781 370 1895 403 propter

1052 407 1141 437 bostis
1162 408 1396 445 fraudulentiam
1407 421 1417 444 ,·
1438 414 1551 448 propter
1572 412 1646 448 quod
1667 412 1768 441 dicitur
1789 413 1894 449 primae

1053 455 1123 483 Petri
1140 456 1236 484 ultimo
1251 456 1277 484 ⁷:
1301 456 1399 485 Sobrii
1414 461 1498 486 estote
1512 461 1536 486 et
1549 458 1683 495 vigilate,
1705 459 1777 497 qaia
1791 459 1894 488 afluer-

1052 502 1154 530 seirius
1176 507 1266 531 vester
1287 506 1337 532 etc.
1361 520 1395 523 ——
1419 504 1479 532 Sive
1508 508 1621 541 propter
1643 506 1728 534 nostri
1758 506 1896 535 desiderii

1054 546 1275 582 oebenzentianm
1297 552 1409 586 propter
1430 551 1503 587 quod
1524 551 1625 580 dicitur
1647 552 1672 580 in
1696 552 1815 581 Psalmo:
1840 554 1894 582 Do-

1052 594 1129 622 mine
1152 595 1228 623 Deus
1248 596 1354 624 salutis
1382 605 1478 631 meae,
1500 598 1531 626 in
1552 598 1597 626 die
1622 598 1750 627 clamavi
1769 603 1793 627 et
1814 603 1894 628 noete

1052 649 1153 668 corani.
1175 645 1216 673 te,·
1238 644 1265 669 et
1281 642 1395 671 ibidem:
1421 643 1508 671 Intret
1522 644 1551 671 in
1568 648 1719 681 conspecta
1735 649 1783 674 tao
1798 646 1893 674 oratio

1050 695 1116 714 inea
1138 689 1188 715 etc.
1211 704 1248 708 —
1270 688 1331 716 Sive
1353 692 1466 725 propter
1489 690 1594 726 Sponsi
1613 690 1829 727 festinantiam,
1845 693 1892 729 qui

1051 732 1104 760 cito
1120 733 1218 761 transit
1233 737 1259 762 et
1275 734 1342 762 liora
1357 735 1567 764 indeterminata
1582 737 1670 771 venit;
1693 741 1805 774 propter
1820 739 1893 775 quod

1051 778 1139 807 Lucae
1160 779 1338 808 duodecimo:
1355 781 1439 809 Beati
1458 782 1536 809 servi
1556 782 1612 816 illi,
1628 792 1713 820 quos,
1729 792 1793 812 cani
1813 793 1893 813 vene-

1051 824 1090 852 rit
1112 825 1266 859 (lominus,
1289 826 1429 855 invenerit
1452 828 1610 864 oiyilantes.
1637 845 1674 850 —
1696 830 1756 858 Sive
1782 833 1893 867 propter

1050 875 1184 899 nostram
1206 872 1414 908 iinliyentiain;
1430 877 1542 910 propter
1557 875 1630 911 quod
1653 875 1829 905 Ecclesiastici
1846 877 1893 905 tri-

1050 918 1154 954 gesimo
1175 926 1247 946 nono
1261 918 1288 946 ⁸:
1312 919 1402 947 iustus
1423 928 1576 949 corsuum
1595 922 1691 950 tradet
1710 923 1749 951 acl
1770 924 1894 960 vigyz'lcm-

1050 964 1122 992 ctum
1142 964 1271 993 dilaculo
1293 965 1333 993 ad
1356 966 1522 1000 Dominam,
1544 968 1596 1005 qai
1615 967 1683 1004 feeit
1703 968 1795 1003 illam,
1817 974 1842 998 el
1863 971 1894 998 in

1051 1014 1202 1047 conspecta
1225 1011 1370 1040 Allissinii
1390 1013 1600 1049 deprecabitur.
1623 1015 1739 1052 Aperiet
1760 1024 1791 1044 os
1806 1025 1892 1045 saum

1050 1057 1081 1085 in
1103 1058 1234 1086 oratione
1256 1062 1280 1086 et
1298 1067 1355 1095 pro
1377 1059 1487 1088 delictis
1514 1061 1577 1089 sitis
1602 1062 1812 1097 deprecabitur.
1840 1064 1891 1092 Hoc

1049 1103 1143 1132 docuit
1164 1104 1290 1133 Christus
1312 1106 1399 1134 Lucae
1420 1109 1508 1135 sexto.

1128 1151 1252 1180 Secundo
1273 1152 1353 1181 debet
1378 1160 1437 1181 esse
1466 1157 1571 1182 mutua
1598 1162 1647 1191 per
1676 1155 1891 1184 benevolentiam

1050 1197 1075 1225 in
1098 1198 1212 1232 allectu3
1235 1198 1320 1227 Iacobi
1343 1199 1442 1228 ultimo
1458 1200 1483 1228 9;
1512 1200 1693 1236 Conlz'leinini
1717 1202 1893 1231 alterati-ant

1046 1248 1166 1281 peccata
1189 1249 1283 1274 vestra
1304 1249 1329 1274 el
1350 1249 1430 1274 orate
1443 1255 1498 1283 pro
1519 1248 1657 1282 invicem,
1680 1252 1710 1276 at
1731 1249 1891 1277 salvemini.

1050 1308 1087 1312 —
1109 1292 1169 1319 Pro
1192 1292 1313 1320 invicem
1334 1292 1414 1327 dicit,
1436 1296 1467 1321 ut
1482 1294 1570 1322 oratio
1588 1302 1616 1323 se
1631 1295 1761 1323 extendat
1776 1303 1825 1331 per
1846 1296 1893 1324 be-

1049 1339 1231 1367 nevolentiam
1254 1347 1308 1367 non
1330 1340 1418 1368 solum
1434 1340 1466 1368 ad
1489 1341 1606 1375 amicos,
1628 1341 1673 1370 sed
1690 1341 1769 1370 etiam
1789 1342 1821 1370 ad
1843 1350 1893 1370 ex-

1050 1389 1159 1414 traneos
1180 1390 1206 1414 et
1228 1386 1360 1421 inimicos,
1382 1387 1533 1416 secundum
1556 1388 1628 1425 quod
1650 1388 1751 1417 dicitur
1766 1390 1893 1418 Matthaei

1049 1432 1162 1469 quinto:
1187 1432 1274 1460 Orale
1285 1442 1341 1470 pro
1353 1434 1590 1472 persequentibus
1605 1439 1628 1463 et
1643 1435 1892 1464 calumniantibas

1048 1488 1106 1508 vos.
1119 1479 1268 1516 Gregorius
1278 1480 1311 1507 ¹⁰:
1329 1491 1342 1505 «
1355 1480 1405 1508 Pro
1416 1481 1561 1517 semetipso
1573 1481 1714 1518 poenitens
1726 1485 1800 1510 tanto
1812 1482 1892 1510 citius

1049 1526 1176 1555 exaudiri
1192 1530 1325 1561 meretur,
1342 1530 1445 1563 quanto
1459 1527 1555 1556 devote
1570 1536 1620 1564 pro
1634 1528 1694 1556 aliis
1709 1528 1890 1557 intercedit».

1050 1574 1246 1610 [⁷lier0nymus:
1274 1585 1287 1597 r<
1301 1573 1395 1602 Oratio
1416 1576 1457 1602 est
1479 1574 1570 1602 brevis
1591 1578 1617 1603 et
1639 1575 1747 1603 subtilis
1768 1575 1890 1608 avicula,

1049 1628 1120 1657 quae
1142 1620 1238 1657 pennis
1259 1620 1321 1649 fidei
1343 1623 1370 1649 et
1391 1620 1501 1649 virtutis
1517 1621 1683 1649 transcendit
1702 1622 1801 1650 choros
1822 1621 1890 1650 Che-

1048 1667 1140 1695 rubim
1163 1670 1190 1695 et
1211 1667 1354 1703 Seraphim
1377 1670 1403 1695 et
1423 1667 1525 1696 assistit
1552 1668 1580 1696 in
1607 1668 1768 1696 consistorio
1789 1668 1890 1696 summi

1048 1714 1128 1750 Regis
1148 1714 1258 1751 egregia
1280 1714 1436 1750 peroratrix
1460 1722 1510 1750 pro
1531 1722 1559 1742 se
1580 1718 1607 1742 et
1628 1722 1795 1751 unoquoque
1810 1726 1836 1742 ».
1859 1715 1891 1743 Et

1048 1763 1195 1797 propterea
1215 1760 1321 1797 primae
1336 1760 1407 1789 Petri
1424 1760 1504 1789 tertio
1518 1762 1554 1788 1³¹:
1573 1760 1675 1789 Omnes
1693 1761 1844 1789 unanimes
1862 1761 1890 1789 in

1048 1807 1171 1836 oratione
1186 1810 1280 1841 estote,
1292 1810 1324 1835 ut
1338 1807 1445 1835 nullum
1458 1807 1619 1836 excludatis.
1633 1807 1684 1836 Hoc
1695 1811 1786 1836 autem
1800 1815 1891 1836 exem-

1048 1854 1092 1890 plo
1113 1854 1206 1883 docuit
1220 1854 1362 1887 Christus,
1384 1854 1494 1891 quando
1509 1862 1559 1891 pro
1580 1854 1809 1891 persequentibus
1823 1862 1890 1883 exo-

1048 1901 1127 1930 ravit.

1126 1948 1218 1976 Tertio
1239 1948 1320 1977 debet
1334 1956 1392 1977 esse
1414 1948 1553 1976 eontinaa
1575 1951 1687 1984 propter
1711 1955 1889 1984 perseveran-

1047 1995 1112 2023 tiam
1128 1995 1155 2023 in
1176 1998 1255 2029 actu;
1279 1995 1457 2024 Ecclesiastici
1473 1994 1578 2023 decimo
1593 1998 1688 2023 octavo
1703 1995 1740 2023 12;
1757 1994 1820 2023 Non
1835 1995 1889 2023 iin-

1044 2042 1178 2078 pecliaris
1207 2050 1295 2070 orare
1320 2050 1446 2078 semper,
1469 2045 1493 2070 et
1521 2050 1555 2070 ne
1584 2042 1712 2069 verearis
1733 2050 1823 2079 usque
1850 2041 1890 2069 acl

1046 2092 1167 2117 mortem
1188 2088 1357 2124 iustificari.
1380 2088 1454 2117 Unde
1476 2088 1497 2117 si
1519 2089 1626 2125 aliquos
1653 2091 1731 2117 actus
1752 2088 1816 2116 velit
1836 2088 1889 2116 Do—

1046 2135 1138 2164 minus
1159 2135 1192 2164 ad
1221 2139 1330 2172 tempus
1350 2135 1427 2169 fieri,
1455 2135 1489 2164 ab
1516 2135 1639 2164 oratione
1660 2135 1719 2164 vult
1746 2143 1887 2172 nunquam

1046 2183 1162 2216 cessari;
1185 2185 1298 2219 propter
1313 2182 1386 2219 quod
1402 2183 1489 2211 Lucae
1503 2182 1608 2211 decimo
1626 2185 1722 2210 octavo
1738 2182 1774 2209 ¹³:
1798 2182 1888 2218 Opor-

1047 2233 1083 2257 tet
1112 2238 1224 2266 semper
1249 2238 1337 2257 orare
1367 2233 1392 2257 et
1419 2238 1477 2258 non
1505 2228 1639 2266 ilefieere;
1664 2232 1691 2257 et
1720 2228 1824 2265 primae
1854 2227 1888 2256 ad

1046 2277 1301 2305 Thessalonicenses
1325 2276 1437 2313 quinto:
1468 2276 1534 2305 Sine
1561 2275 1772 2304 intermissione
1798 2278 1886 2303 orate.

1046 2323 1210 2360 Gregorius:
1232 2335 1245 2348 «
1259 2323 1377 2351 Virtutis
1391 2323 1499 2359 pondus
1514 2323 1601 2351 oratio
1615 2330 1669 2351 non
1691 2322 1787 2356 habet,
1803 2329 1886 2358 quam

1046 2378 1221 2407 nequaquam
1236 2370 1441 2406 perseverantia
1455 2369 1576 2398 continui
1591 2369 1693 2397 amoris
1708 2372 1781 2397 tenet
1795 2380 1821 2396 ».
1838 2368 1887 2396 Ra-

1047 2417 1084 2445 tio
1105 2420 1196 2445 autem
1220 2417 1303 2445 huius
1325 2420 1381 2450 est,
1404 2416 1468 2453 quia
1489 2416 1551 2444 boni
1574 2416 1665 2452 operis
1685 2415 1809 2448 initium,
1831 2422 1887 2443 me-

1046 2463 1122 2492 dium
1145 2466 1172 2492 et
1193 2463 1424 2500 complementum
1446 2465 1487 2491 est
1511 2470 1560 2499 per
1581 2462 1688 2490 divinae
1715 2462 1819 2498 gratiae
1839 2461 1888 2490 do-

1046 2519 1128 2544 num;
1151 2510 1224 2547 quod
1239 2513 1330 2538 autem
1347 2510 1476 2546 consequi
1499 2517 1552 2537 non
1574 2511 1674 2545 potest,
1696 2508 1747 2537 nisi
1763 2508 1809 2545 qui
1826 2516 1887 2545 per-

1046 2560 1204 2587 severanter
1226 2557 1317 2593 pulsat
1338 2556 1371 2585 ad
1392 2557 1509 2590 ostium,
1531 2556 1682 2584 secundum
1711 2555 1778 2583 illud
1800 2556 1887 2584 Lucae

209 2700 215 2712 ¹
237 2702 300 2723 Vers.
319 2701 359 2727 1ος
377 2701 480 2730 sequitui·
498 2701 570 2723 iudith
590 2701 626 2728 12,
643 2701 664 2723 7.
682 2707 730 2729 seq.

209 2739 218 2752 2
236 2740 365 2768 Respicitur
382 2740 418 2762 ΡΞ.
435 2740 462 2767 6,
478 2740 504 2767 73
522 2740 626 2768 sequitur
644 2741 723 2762 Esther
742 2740 777 2768 lli,
795 2740 816 2762 3.
834 2746 898 2769 seqq.

209 2778 218 2790 ³
236 2779 301 2801 Vers.
320 2779 361 2806 44;
379 2782 505 2807 sequuntur
524 2780 584 2801 ioan.
605 2779 629 2806 4,
648 2779 685 2801 24.
702 2781 724 2801 et
741 2779 816 2801 Matlh.
835 2778 871 2806 14,
889 2779 925 2801 23.

210 2817 219 2829 '¹
238 2819 302 2840 Vers.
319 2818 345 2845 6;
363 2821 491 2847 sequuntur
508 2819 532 2840 ll.
550 2819 607 2846 Reg.
624 2818 646 2846 7,
664 2818 700 2840 27.
718 2820 740 2840 et
756 2817 814 2840 Tob.
832 2818 858 2845 3,
877 2818 913 2840 110.
930 2824 978 2846 seq.

211 2856 220 2869 ⁵
238 2857 304 2879 Yers.
322 2857 363 2884 413
381 2860 508 2886 sequuntur
525 2858 593 2879 Marc.
612 2857 648 2884 14,
666 2857 702 2879 34..
721 2857 758 2879 38.
774 2860 795 2879 et
812 2857 867 2879 Luc.
885 2858 922 2884 21,
939 2857 975 2879 36.

210 2895 219 2908 ⁶
238 2896 301 2918 Vers.
319 2896 341 2918 7.
635 2909 638 2913 ·

212 2934 220 2947 ⁷
237 2934 292 2963 Cap.
311 2935 337 2961 ὅ,
355 2936 381 2963 83
398 2938 525 2964 sequuntur
543 2936 577 2958 Ps.
595 2936 636 2963 87,
655 2936 675 2957 2.
694 2935 715 2957 3.
733 2937 755 2957 et
772 2935 826 2958 Luc.
848 2936 884 2962 12,
902 2935 938 2957 37.

1108 2698 1117 2711 Β
1136 2701 1199 2722 Vei-s.
1218 2700 1238 2721 6.
1256 2706 1316 2728 seq.;
1338 2699 1440 2727 sequitur
1458 2699 1512 2720 Luc.
1529 2698 1550 2726 6,
1573 2698 1605 2719 12.

1108 2738 1117 2750 ¹¹
1135 2738 1190 2766 Cap.
1207 2738 1232 2765 5,
1251 2738 1292 2766 s16;
1309 2738 1412 2766 sequitur
1429 2738 1506 2759 Mattli.
1523 2737 1545 2763 5,
1563 2736 1599 2758 44.

1109 2776 1128 2790 ¹⁰
1146 2777 1206 2800 Libr.
1226 2777 1322 2799 XXXV.
1339 2777 1415 2799 Moral.
1433 2782 1452 2798 c.
1470 2776 1506 2798 11.
1523 2782 1545 2797 n.
1563 2775 1599 2797 21.

1108 2816 1126 2829 ¹¹
1145 2817 1209 2838 Vers.
1228 2817 1253 2843 8;
1271 2816 1354 2838 deinde
1371 2815 1491 2843 respicitur
1508 2815 1562 2837 Luc.
1579 2814 1621 2842 23,
1639 2814 1676 2836 34..

1109 2854 1128 2868 ¹²
1146 2855 1210 2877 Yers.
1228 2856 1266 2877 22.

1109 2893 1128 2906 ¹³
1146 2894 1211 2916 Vers.
1235 2894 1257 2921 ¹3
1275 2896 1402 2921 sequuntur
1419 2894 1434 2915 l.
1453 2893 1531 2915 Thess.
1544 2892 1565 2919 ὅ,
1583 2892 1616 2913 17.
1630 2894 1652 2914 et
1664 2892 1767 2918 Gregor„
1784 2890 1885 2912 xxxui.

1046 2933 1123 2956 Moral.
1140 2939 1160 2955 c.
1180 2933 1216 2955 23.
1234 2939 1256 2954 n.
1275 2932 1311 2955 43.

1914 373 1968 393 Ratio
1981 379 2027 398 qua-

1927 397 2013 421 druplex.

1910 1163 1938 1182 Sit
1951 1165 2020 1182 mutua.

1903 1955 1931 1975 Sit
1939 1956 2033 1976 contiuua.
