2243 3348
16 625 18 628 ›
54 615 124 634 Tertia.

13 1499 76 1526 ι1166110
84 1499 119 1518 sol-

28 1524 84 1541 vitur.

10 2200 35 2219 De
48 2201 112 2224 quinto

31 2225 85 2242 statu.

21 2387 94 2411 'triplex

3 2411 119 2453 ”'⁰¹¹i›¹i}‘.¹2?i¹1?.¹.·

687 160 718 188 IN
740 160 1007 191 RESURRECTIONE
1030 163 1154 193 DOMINI.
1177 166 1286 194 SERMO
1309 168 1347 195 111.

144 235 272 272 sequitur
299 235 399 264 ibidem
421 235 526 264 decimo
547 236 652 272 quinto.
676 236 738 264 Post
764 237 889 266 osculum
911 238 983 266 enim

143 282 340 310 conciliationis
361 285 487 316 secutae,
509 289 580 318 quae
600 281 652 310 fuit
667 282 694 310 in
709 283 872 311 sanctissimi
889 291 985 320 corpo-

143 329 182 358 ris
209 329 251 358 sui
284 329 456 366 receptione,
478 328 569 365 ipsum
600 331 695 365 postea
722 329 843 365 turpiter
870 329 904 358 de
934 337 985 358 sua

142 376 239 411 domo,
265 376 369 405 scilicet
396 375 501 409 cordis,
530 375 659 409 6116111111,
687 383 750 404 611111
779 375 816 404 ibi
844 375 984 404 diabolum

141 430 191 460 per
212 430 375 451 consensum
398 421 522 450 mortalis
552 422 654 458 peccati
686 421 832 458 recipiunt.
856 422 930 450 Unde
951 422 984 451 de

141 470 207 507 ipsis
228 473 317 507 potest
338 469 389 498 dici
405 469 477 498 sicut
498 468 531 497 de
546 468 627 503 luda,
649 468 721 505 quod
743 472 808 505 post
828 468 984 498 buccellam

141 516 274 545 introivit
294 516 325 544 in
353 524 418 544 eum
445 519 585 549 satanas,
609 515 715 543 loannis
742 515 848 543 decimo
870 515 951 544 tertio
964 516 983 543 ¹.

140 563 269 596 Notatur,
291 561 365 599 quod
397 562 476 590 Iudas
508 564 575 590 tunc
595 569 650 590 non
681 561 786 598 accepit
807 569 909 598 corpus
930 562 983 590 Do-

140 609 223 643 mini,
245 609 291 637 sed
312 609 365 637 iam
381 611 524 645 acceperat
538 616 600 637 cum
617 609 677 637 aliis
691 608 841 645 discipulis.
857 625 896 629 ———
910 609 982 637 Heu!

140 658 244 692 quanta
265 655 382 692 proditio
403 658 446 684 est
466 658 493 683 et
513 662 597 692 quam
622 655 730 691 gravis:
754 662 851 691 magna
871 655 983 691 quidem

139 702 167 731 in
189 702 278 736 laicis,
298 701 386 730 maior
416 702 443 730 in
475 702 597 736 clericis,
623 701 744 729 maxima
774 701 802 729 in
834 701 982 738 Religiosis.

139 749 215 778 Unde
239 748 393 785 specialiter
422 748 610 777 sacerdotibus
638 751 664 776 et
692 747 799 776 clericis
826 748 891 776 dicit
918 748 983 777 Ber-

138 795 243 824 nardus
257 796 284 823 2:
307 795 377 831 Quid
398 795 446 823 tibi
475 802 538 824 cum
568 794 747 829 mulieribus,
769 794 816 831 qui
842 794 874 822 ad
896 795 983 823 altare

139 850 202 871 cum
217 842 333 870 Domino
348 841 490 870 familiaris
504 844 554 870 es?
569 841 626 875 Dic,
641 841 784 875 sacerdos,
800 841 852 875 dic,
868 841 982 870 clerice:

138 889 257 925 qualiter
278 888 380 917 eisdem
403 888 481 917 labiis
501 888 636 917 oscularis
657 888 753 916 Filium
776 888 905 924 Virginis,
921 888 982 924 qui-

138 935 191 964 bus
211 936 351 964 osculatus
372 943 401 964 es
422 943 519 964 carnes
537 935 716 964 meretricias.
735 935 757 963 O
776 935 870 963 Iuda!
885 934 982 963 osculo

137 982 247 1011 Filium
269 981 396 1011 ltominis
417 981 555 1010 tradi33?
580 998 612 1001 ——
635 982 734 1018 Quanti
757 984 822 1010 sunt
843 981 892 1010 sibi
916 981 982 1018 ipsis

138 1029 247 1066 culpam
269 1032 296 1058 et
323 1037 438 1065 poenam
467 1029 692 1057 accumulantes!
715 1028 788 1057 unde
810 1036 860 1064 pro
882 1028 982 1056 talibus

137 1076 238 1105 dicitur
269 1077 396 1105 Matthaei
425 1076 626 1105 duodecimo&
649 1076 789 1104 Revertar
810 1075 841 1103 in
862 1075 981 1103 domum

137 1132 248 1158 meam,
271 1123 347 1151 unde
378 1123 456 1151 exivi
476 1126 526 1151 etc.
550 1123 581 1151 Et
612 1123 754 1159 sequitur:
779 1123 812 1150 Et
833 1121 908 1158 siunt
929 1130 980 1150 no—

136 1170 259 1198 vissima
280 1169 407 1198 bominis
427 1169 507 1198 illius
525 1169 630 1206 peiora
649 1169 819 1206 prioribus,·
834 1173 861 1197 et
883 1176 981 1197 secun-

136 1216 186 1245 dae
207 1217 278 1245 Petri
300 1216 436 1245 secundo:
453 1216 485 1245 Si
498 1217 589 1250 enini,
611 1215 787 1253 refugientes
808 1215 981 1253 coinquina-

137 1263 226 1291 tiones
240 1263 345 1291 mundi
365 1263 396 1291 iu
417 1263 577 1300 coynitione
594 1262 712 1291 Domini
724 1263 819 1290 nostri
832 1266 856 1290 et
878 1262 981 1290 Saloa-

137 1310 209 1338 toris
230 1310 296 1338 Iesu
320 1308 444 1343 Cliristi,
467 1308 512 1338 liis
533 1318 642 1338 rursus
668 1309 812 1345 implicati
837 1317 981 1345 superan-

137 1360 203 1389 tur‚·
223 1355 306 1394 facta
326 1360 396 1384 sunt
416 1356 456 1384 eis
474 1357 640 1393 posteriora
661 1356 806 1384 deteriora
817 1355 979 1392 prioribus.

136 1403 238 1432 Melius
252 1403 329 1432 enim
343 1407 408 1431 erat
421 1402 479 1431 illis
493 1411 552 1431 non
567 1411 735 1440 coynoscere
747 1402 826 1431 viam
842 1403 980 1437 iustitiae,

136 1459 227 1489 quam
252 1454 317 1488 post
344 1450 521 1487 aynitionem
549 1454 713 1477 retrorsum
741 1449 868 1478 converti
888 1449 924 1477 ab
950 1458 980 1478 eo

136 1497 213 1536 quod
227 1497 285 1525 illis
299 1497 442 1525 traditum
457 1501 498 1524 est
511 1500 611 1524 sancto
626 1496 775 1524 mandato.
792 1513 827 1516 —
844 1496 895 1524 Sed
914 1500 980 1525 tunc

136 1544 246 1572 obiiciet
272 1543 387 1580 aliquis:
409 1544 486 1572 Tunc
509 1543 611 1571 malum
639 1547 680 1571 est
708 1543 761 1571 illis
786 1544 865 1579 prius
886 1544 980 1580 poeni-

135 1591 236 1625 tuisse,
258 1598 320 1619 cum
343 1598 453 1619 necesse
467 1590 593 1618 videatur
605 1590 624 1617 ⁵.
644 1606 682 1610 —
697 1589 747 1618 Sed
763 1598 817 1618 non
839 1591 978 1627 sequitur,

135 1638 206 1667 sicut
220 1646 274 1666 non
290 1640 331 1666 est
346 1638 460 1671 malum,
482 1637 650 1665 sacerdotem
666 1644 739 1670 esse,
755 1637 817 1665 licet
832 1637 859 1665 in
875 1637 978 1665 malum

134 1687 349 1722 aggravaretur3
371 1684 410 1712 sic
431 1684 533 1723 bonum
563 1683 615 1712 fuit
643 1683 666 1711 ei
689 1683 736 1720 qui
768 1683 806 1711 ita
828 1684 978 1720 poenituit,

94 1765 97 1768 ¹
134 1731 199 1768 quia
230 1739 280 1767 pro
311 1731 358 1759 illo
388 1733 512 1767 tempore
543 1738 597 1758 non
628 1730 774 1766 punietur,
796 1734 822 1758 et
844 1730 864 1759 si
888 1733 978 1759 tamen

135 1778 287 1815 poeniteat,
309 1777 509 1814 praemiabitur
530 1777 557 1805 in
583 1777 694 1811 futuro,
717 1777 781 1814 quia
802 1777 864 1806 talis
885 1777 978 1814 poeni-

133 1825 219 1853 tentia
250 1824 403 1853 reviviscet.
436 1824 474 1852 De
505 1832 592 1861 poena
623 1824 727 1852 damni
756 1824 858 1853 dicitur
890 1825 978 1853 Lucae

133 1879 206 1900 nono
221 1872 247 1899 ⁵:
270 1870 358 1899 Nemo
379 1871 493 1899 mittens
513 1879 637 1899 manum
668 1879 756 1899 suam
777 1871 817 1899 ad
838 1874 978 1900 aratrum

133 1923 157 1947 et
178 1919 334 1956 respiciens
355 1922 432 1947 retro
454 1921 542 1955 aptus
562 1922 603 1946 est
627 1927 715 1956 reyno
744 1918 797 1947 Dei
803 1929 814 1952 ,·
828 1918 862 1947 de
891 1926 978 1955 poena

133 1973 246 2000 sensus,
261 1965 333 2002 quod
349 1968 497 2002 augeatur,
512 1969 606 2002 aperte
621 1965 686 1994 dicit
700 1965 798 1994 beatus
811 1965 976 2002 Gregorius:

138 2023 151 2037 «
166 2012 216 2048 Qui
239 2012 384 2040 commissa
404 2012 524 2049 plangit,
546 2020 596 2040 nec
624 2015 715 2040 tamen
735 2012 852 2045 deserit,
874 2020 977 2048 poenae

132 2059 267 2096 gravioris
289 2059 385 2095 culpae
406 2066 435 2087 se
455 2059 604 2087 subiicit».
620 2075 658 2078 ——-
673 2059 716 2087 Sic
737 2059 822 2095 igitur
837 2062 878 2087 est
892 2067 976 2095 quar-

133 2108 178 2134 tus
199 2108 287 2134 status
308 2113 404 2134 eorum
420 2106 466 2142 qui
490 2108 624 2142 surgunt,
640 2105 687 2134 sed
702 2114 755 2134 non
772 2113 835 2134 cum
857 2105 975 2134 Christo.

210 2153 329 2189 Quintus
350 2156 391 2181 est
413 2155 501 2181 status
522 2161 619 2181 eorum
648 2153 695 2190 qui
718 2156 891 2189 consurgunt
912 2161 975 2182 cum

131 2199 253 2234 Christo,
275 2200 378 2228 scilicet
399 2200 425 2228 in
448 2200 563 2237 inteqra
580 2200 757 2237 poenitentia
775 2200 976 2237 persistentes,

132 2246 179 2283 qui
202 2254 266 2275 cum
290 2245 403 2274 Christo
425 2246 533 2283 confixi
553 2250 623 2275 sunt
643 2247 740 2280 cruci,
755 2246 788 2275 ad
810 2246 918 2275 Galatas
932 2254 974 2275 se-

131 2293 221 2322 cundo
232 2293 252 2327 ⁷,
274 2293 398 2322 nolentes
419 2293 452 2322 de
483 2301 567 2322 cruce
594 2293 777 2330 poenitentiae
808 2293 975 2322 descendere

131 2339 164 2368 ad
187 2339 341 2368 suasionem
364 2339 541 2373 Iudaeorum,
564 2340 590 2369 id
611 2344 652 2369 est
672 2340 808 2368 malorum
833 2340 974 2368 hominum

132 2386 176 2414 vel
196 2385 369 2414 daemonum.
392 2386 429 2414 Ad
452 2387 503 2415 hoc
524 2390 616 2415 autem
638 2394 750 2415 movere
770 2387 851 2415 dehet
872 2387 975 2423 triplex

132 2433 265 2461 commodi
289 2433 456 2470 magnitudo.
480 2433 600 2462 Primum
631 2437 672 2462 est
699 2437 885 2462 restauratae
904 2441 976 2470 yra-

131 2480 189 2508 tiae
208 2480 430 2517 multiplicatum
452 2480 497 2508 lob
518 2480 650 2508 octavossz
674 2480 716 2508 Tu
732 2484 837 2513 tamen,
852 2480 880 2508 si
899 2480 975 2508 ditu-

1824 181 1879 208 279

1042 240 1106 268 culo
1127 245 1348 272 consurrexeris
1369 246 1408 273 ad
1431 246 1520 275 Deum
1536 251 1560 275 et
1577 249 1799 286 Omnipotentcm
1818 253 1880 290 fue-

1042 286 1086 314 ris
1112 287 1297 324 deprecatus,
1326 290 1354 318 si
1379 292 1509 320 mundus
1537 297 1561 321 et
1592 299 1687 323 rectus
1712 297 1878 335 incesseris,

1041 333 1140 361 statim
1161 334 1308 370 evigilabit
1329 337 1369 364 ad
1390 340 1414 365 te
1435 341 1461 365 et
1489 343 1630 374 pacatum
1652 343 1748 371 reddet
1768 343 1880 374 liabita-

1041 378 1141 407 culum
1162 379 1292 409 iustitiae
1314 384 1398 415 tuae;
1419 384 1450 411 in
1471 388 1598 419 tantum,
1614 390 1656 420 ut,
1670 388 1698 415 si
1708 391 1815 425 priora
1830 396 1881 420 tua

1040 423 1155 460 fuerint
1181 434 1297 462 parva,
1329 432 1354 455 et
1380 429 1541 459 novissima
1572 435 1624 460 tua
1655 434 1881 471 multiplicentur

1040 470 1138 498 nimis.
1154 487 1193 491 —
1207 472 1364 502 Secundum
1385 478 1426 503 est
1440 477 1529 505 omnis
1539 480 1702 514 praesentis
1721 482 1881 512 adversita-

1041 516 1077 544 tis
1097 517 1226 551 sedatio;
1240 519 1313 548 unde
1334 519 1403 549 Osee
1421 526 1500 551 sexto
1512 523 1537 551 ⁰:
1560 525 1595 552 In
1616 526 1802 557 tribulatione
1822 538 1880 559 sua

1040 571 1126 591 mane
1147 569 1323 602 consurgent
1343 567 1383 594 ad
1403 576 1454 596 me.
1484 569 1589 604 Venite,
1604 575 1628 599 et
1643 577 1826 603 revertamur
1840 577 1880 605 ad

1043 610 1217 644 Dominum,
1239 612 1310 649 quia
1331 612 1392 649 ipse
1413 615 1485 651 cepit
1505 620 1529 643 et
1549 618 1668 647 sanabit
1687 628 1756 654 nos,
1775 630 1879 658 pereu-

1040 656 1087 685 tiet
1108 660 1134 685 et
1153 657 1271 686 curabit
1290 667 1351 687 nos.
1367 676 1404 680 —-
1420 661 1542 691 Sanabit
1556 673 1622 698 nos,
1644 673 1659 693 a
1675 668 1878 703 tentationibus,

1037 704 1178 740 percutiet
1198 708 1224 732 et
1244 705 1378 740 curabit,
1400 716 1415 735 a
1436 708 1612 739 tribulatione
1633 713 1822 747 poenitentiae.
1849 716 1879 744 Et

1040 750 1078 778 516
1100 750 1168 778 tales
1188 754 1320 786 poterunt
1340 752 1432 781 dicere
1453 762 1514 782 cum
1531 755 1670 791 Apostolo:
1688 759 1788 788 Certus
1802 769 1878 796 sum,

1039 805 1111 834 quia
1131 805 1221 834 neque
1235 806 1315 826 mors
1335 807 1424 837 neque
1438 801 1498 829 vita
1517 805 1567 830 etc.
1593 803 1647 831 Sed
1667 805 1698 832 in
1719 805 1763 834 liis
1788 809 1879 836 omni-

1040 843 1093 871 bus
1113 852 1291 880 superamus
1311 849 1430 881 propter
1451 855 1516 875 eum
1537 849 1588 885 qui
1608 850 1705 878 dilemit
1719 860 1779 879 nos.
1797 853 1827 881 Et
1841 854 1879 882 sic

1040 892 1155 926 possunt
1174 890 1282 919 dicere:
1310 891 1359 925 Ut,
1386 893 1527 930 quomodo
1550 894 1683 924 Cltristus
1703 899 1835 927 surrexit
1860 908 1879 928 a

1038 937 1164 965 mortuis
1183 945 1235 973 per
1248 937 1377 974 yloriam
1398 939 1515 973 Putris,
1537 941 1579 969 ita
1600 946 1625 969 et
1645 951 1697 971 nos
1711 944 1742 972 in
1755 945 1880 974 nouitate

1038 983 1115 1012 vitae
1136 983 1334 1017 ambutemus,
1356 985 1389 1013 ad
1412 986 1545 1015 Romanos
1567 991 1646 1017 sexto
1659 990 1688 1017 1⁰.
1705 1007 1742 1010 -—
1757 991 1879 1021 Tertium

1039 1031 1080 1057 est
1101 1033 1235 1058 aeternae
1249 1030 1361 1067 yloriae
1382 1032 1495 1068 adeptio
1517 1041 1579 1061 cum
1601 1035 1756 1064 omnimoda
1777 1038 1880 1066 securi-

1039 1078 1106 1109 tate,
1123 1076 1195 1104 unde
1211 1076 1293 1105 Isaiae
1305 1077 1533 1115 quinquagesimo
1544 1081 1709 1109 secundo¹¹.·
1724 1082 1879 1120 Consznye,

1038 1131 1197 1160 consurye,
1220 1123 1341 1152 induere
1361 1123 1534 1161 fortitudine
1555 1129 1624 1160 tua,
1647 1127 1731 1162 Sion,
1760 1129 1881 1159 induere

1038 1169 1212 1197 vestimentis
1232 1169 1344 1207 yloriae
1359 1174 1439 1205 tuae,
1455 1172 1614 1201 Ierusalem
1624 1196 1631 1207 ,
1647 1174 1750 1203 civitas
1765 1176 1879 1211 Sancti,

1038 1215 1110 1252 quia
1131 1224 1189 1243 non
1210 1216 1329 1244 actiieiet
1349 1216 1440 1250 ultra,
1462 1221 1494 1245 ut
1512 1222 1699 1254 pertranseat
1717 1229 1770 1257 per
1792 1225 1815 1249 te
1837 1223 1880 1250 in-

1038 1262 1232 1291 circumcisus
1252 1267 1279 1291 et
1299 1264 1479 1292 immundus.

1117 1310 1145 1338 ΙΙ,
1168 1310 1280 1339 Talibus
1301 1319 1367 1348 ergo
1388 1312 1505 1340 dicitur:
1529 1313 1562 1341 Si
1575 1315 1800 1343 consurrexistis
1814 1324 1880 1344 cum

1040 1355 1163 1390 Cliristo,
1176 1365 1250 1394 quae
1260 1366 1382 1386 sursum
1396 1362 1467 1386 sunt
1477 1359 1624 1396 quaerite;
1638 1360 1732 1389 Glossa
1745 1361 1781 1389 ¹²:
1798 1373 1811 1386 (ι
1823 1362 1881 1399 Spi-

1038 1403 1163 1438 ritualia3
1186 1404 1253 1432 haec
1281 1406 1374 1433 autem
1405 1407 1471 1433 sunt
1500 1406 1542 1434 vel
1573 1406 1660 1442 gloria
1690 1410 1816 1442 aeterna,
1836 1409 1879 1438 vel

1037 1458 1109 1487 quae
1140 1450 1173 1479 ad
1204 1458 1263 1479 eam
1289 1450 1443 1485 ducunt»;
1465 1452 1591 1481 Matthaei
1624 1457 1718 1482 sexto:
1746 1455 1880 1490 Quaerite

1034 1497 1167 1533 primum
1190 1506 1314 1534 reynum
1339 1498 1389 1526 Dei
1402 1502 1428 1526 et·
1442 1499 1588 1528 iustitiam
1608 1500 1670 1528 eius
1684 1504 1734 1529 etc.
1759 1502 1788 1530 Et
1802 1505 1878 1536 nota,

1037 1544 1110 1581 quod
1133 1545 1199 1573 haec
1221 1548 1286 1573 sunt
1308 1545 1497 1582 principaliter
1518 1548 1675 1583 quaerenda
1690 1552 1802 1585 propter
1817 1549 1878 1583 tria,

1037 1591 1140 1620 scilicet
1161 1594 1275 1628 propter
1297 1600 1393 1621 eorum
1415 1593 1584 1630 dignitatem
1608 1595 1649 1623 vel
1665 1595 1876 1631 pretiositatem;

1036 1637 1109 1666 unde
1130 1638 1232 1667 dicitur
1254 1639 1281 1667 in
1302 1639 1397 1668 Glossa
1409 1640 1448 1667 1³:
1472 1640 1552 1675 Quae
1572 1649 1692 1669 sursum
1710 1646 1777 1670 sunt
1792 1650 1877 1680 quae-

1036 1685 1108 1718 rite,
1135 1693 1216 1713 «non
1250 1686 1325 1720 1060,
1347 1686 1394 1715 sed
1427 1687 1525 1715 merito
1557 1688 1750 1722 excellentiae,
1776 1688 1878 1717 scilicet

1037 1731 1192 1768 spiritualia
1206 1743 1233 1766 »;
1255 1733 1409 1769 Sapientiae
1430 1734 1546 1770 septimo
1559 1735 1595 1761 ¹4:
1618 1735 1784 1771 Praeposui
1797 1735 1876 1764 illam

1035 1778 1134 1816 reynis
1162 1783 1187 1807 et
1214 1779 1331 1808 sedibus
1358 1784 1383 1808 et
1411 1780 1532 1809 divitias
1562 1780 1635 1810 nihil
1664 1790 1722 1810 esse
1753 1782 1827 1810 (lusci
1847 1783 1877 1810 in

1035 1826 1254 1862 comparatione
1276 1827 1364 1855 iltius.
1388 1827 1418 1856 Et
1440 1827 1525 1863 bene,
1547 1828 1611 1865 quia
1632 1828 1732 1857 dicitur
1748 1829 1877 1858 Ecclesia-

1036 1876 1094 1901 stae
1119 1873 1228 1909 primo:
1256 1874 1379 1903 Vanitas
1407 1875 1590 1909 vanitatum,
1612 1879 1637 1903 et
1664 1876 1763 1904 omnia
1793 1876 1877 1904 vani-

1035 1922 1081 1948 tas
1102 1922 1153 1948 etc.
1176 1920 1207 1948 Et
1228 1925 1342 1958 propter
1371 1922 1423 1950 1106
1450 1922 1515 1950 dicit
1537 1922 1674 1951 Psalmus:
1697 1922 1767 1951 Filii
1787 1922 1877 1951 homi-

1034 1975 1122 2001 num,
1145 1971 1176 1995 ut
1198 1968 1269 2005 quid
1290 1968 1413 2005 (liliyitis
1434 1969 1593 1997 vanitatem
1608 1972 1633 1997 et
1646 1969 1786 2007 quaeritis
1801 1978 1877 1997 men-

1034 2013 1175 2041 dacium?
1202 2030 1241 2034 —
1262 2015 1403 2049 Secundo,
1426 2019 1540 2052 propter
1568 2016 1684 2044 habendi
1707 2016 1875 2051 utilitatem,

1035 2060 1121 2088 immo
1141 2061 1348 2095 necessitatem
1371 2063 1524 2099 Sapientiae
1544 2066 1640 2091 octavo
1653 2062 1689 2097 ¹⁵,
1704 2063 1798 2099 positis
1812 2071 1877 2100 qua-

1034 2110 1098 2135 tuor
1114 2107 1265 2137 virtutibus
1280 2108 1480 2144 cardinalibus,
1501 2109 1618 2138 dicitur:
1642 2109 1753 2145 Quibus
1774 2110 1876 2138 utilius

1033 2152 1109 2182 nillil
1128 2157 1168 2182 est
1188 2155 1220 2182 in
1240 2155 1302 2183 vita
1333 2154 1507 2184 hominibus.
1529 2156 1568 2185 De
1595 2156 1682 2193 gloria
1702 2156 1803 2185 dicitur
1823 2157 1876 2185 Lu-

1034 2207 1081 2228 cae
1102 2200 1223 2230 decimo:
1246 2202 1360 2236 Porro,
1383 2211 1477 2230 unum
1498 2206 1537 2231 est
1558 2203 1773 2236 neeessm·z'um;
1788 2203 1875 2231 Lucae

1034 2255 1121 2275 nono:
1139 2248 1216 2283 Quid
1236 2249 1312 2277 enim
1330 2248 1449 2286 proficit
1464 2248 1557 2283 homo,
1572 2250 1599 2277 si
1614 2249 1743 2278 lucretur
1759 2249 1874 2277 univer-

1032 2301 1098 2321 sum
1114 2294 1269 2329 mundum,
1281 2303 1310 2323 se
1321 2299 1418 2323 autem
1431 2296 1527 2332 ipsum
1539 2295 1665 2333 perdat?
1678 2296 1790 2332 Propter
1801 2295 1874 2332 quod

1033 2339 1099 2368 dicit
1110 2340 1242 2369 Dominus
1258 2349 1307 2378 per
1322 2342 1426 2376 Isaiam,
1442 2342 1573 2379 vigesimo
1588 2342 1677 2378 primo
1690 2342 1728 2369 ¹⁶:
1743 2342 1775 2370 Si
1788 2350 1874 2379 quae-

1032 2386 1116 2421 ritis,
1138 2388 1277 2425 quaerite.
1301 2405 1336 2408 —
1358 2389 1459 2423 Tertio,
1480 2391 1594 2425 propter
1615 2388 1767 2417 inveniendi
1790 2388 1874 2417 certi—

1033 2434 1163 2462 tudinem
1180 2437 1208 2462 et
1227 2435 1392 2464 facilitatem.
1412 2436 1504 2469 Certe,
1526 2436 1547 2464 si
1570 2435 1606 2463 ita
1626 2437 1698 2464 esset
1719 2438 1825 2464 certum
1847 2438 1873 2464 et

1032 2480 1109 2509 facile
1130 2481 1254 2510 invenire
1275 2481 1359 2516 bona,
1382 2483 1469 2511 multo
1499 2482 1584 2519 magis
1615 2485 1681 2510 tunc
1708 2485 1873 2518 quaererent

194 2637 201 2649 ¹
220 2637 286 2660 Vei-s.
305 2637 341 2659 27.
358 2649 389 2653 —-
407 2637 482 2659 Vei-ba
501 2637 618 2665 Notatur,
646 2637 709 2667 quod
734 2637 805 2661 ludas
831 2641 873 2661 etc.
899 2645 973 2667 usque

130 2675 185 2704 Dic,
202 2676 313 2699 sacerdos
331 2676 478 2699 inveniuntur
496 2679 585 2699 tantum
602 2676 624 2699 in
643 2677 722 2699 codice
739 2677 848 2700 seeundo.

193 2713 202 2727 2
221 2715 297 2737 Potius
314 2715 451 2742 Gausridus,
469 2715 593 2738 Declamat.
606 2715 673 2744 (iuter
690 2722 761 2744 opera
773 2716 891 2745 Bernard.)
904 2723 923 2739 6.
936 2717 973 2739 112.

130 2760 154 2776 n.
176 2754 215 2780 13,
232 2760 278 2776 11011
295 2753 444 2776 verbotenus.
774 2754 784 2767 ⁵
802 2756 856 2778 Luc.
875 2756 917 2783 22,
936 2755 975 2778 48.

193 2791 203 2804 ⁶
219 2792 285 2815 Vers.
304 2793 342 2815 44.
358 2799 420 2822 seq.;
437 2793 541 2821 sequitur
559 2794 583 2816 11.
600 2794 658 2816 Petr.
675 2795 697 2822 2,
715 2794 751 2816 20.
769 2800 818 2823 seq.

193 2831 202 2844 ⁵
219 2832 259 2854 Hic
273 2832 358 2861 aliquid
371 2832 483 2855 excidisse
495 2833 593 2861 videtur,
605 2833 641 2855 vel
653 2834 716 2861 lege:
734 2833 842 2857 nocuisse
853 2833 970 2857 videatur.

191 2869 201 2882 ⁰
219 2870 283 2893 Vers.
302 2871 339 2893 62.
356 2883 386 2888 -
403 2872 433 2894 Ex
456 2872 536 2894 codice
561 2872 663 2894 secundo
685 2872 817 2895 addidimus
842 2873 914 2895 verba
939 2873 972 2896 sic

131 2908 218 2932 bonum
234 2909 279 2938 fuit
296 2912 338 2932 etc.
355 2916 429 2939 usque
446 2911 475 2933 ad
492 2910 594 2938 Quintus
611 2912 644 2933 est
660 2912 744 2934 status.
757 2924 787 2927 —
800 2912 907 2941 Sequitur
920 2912 972 2934 Gre-

131 2955 192 2977 gor.⁷
210 2955 232 2977 p.
250 2949 282 2971 ΙΙΙ.
299 2949 382 2977 Regni.
397 2950 503 2977 pastoral.
521 2956 541 2972 c.
558 2950 595 2972 30.
615 2950 679 2979 (alias
696 2950 751 2979 54).

1093 2638 1101 2651 ⁷
1120 2640 1184 2662 Vei-s.
1202 2640 1243 2666 '193
1260 2640 1313 2662 dein
1330 2639 1450 2667 respicitur
1468 2640 1544 2661 matth.
1561 2639 1598 2666 27,
1617 2638 1652 2661 to.

1093 2677 1102 2691 Β
1120 2679 1184 2701 Vers.
1202 2679 1247 2701 5-7.

1092 2716 1102 2729 ⁹
1120 2718 1185 2740 Vers.
1204 2719 1224 2739 1.
1241 2723 1303 2746 seq.;
1321 2717 1425 2746 sequitur
1441 2718 1509 2739 Rom.
1526 2718 1553 2744 8,
1572 2717 1608 2739 38.
1626 2717 1663 2738 37.

1093 2755 1112 2768 ¹⁰
1131 2756 1196 2778 Vei-s.
1215 2756 1235 2778 4.
1730 2753 1747 2767 ¹¹
1767 2755 1831 2777 Vers.
1851 2755 1871 2776 i.

1093 2794 1111 2809 ¹²
1129 2794 1218 2817 Scilicet
1235 2793 1360 2817 ordinaria
1372 2795 1393 2816 in
1406 2795 1467 2816 hunc
1484 2794 1572 2821 loeum3
1590 2793 1693 2821 sequitur
1710 2793 1785 2815 Matth.
1799 2793 1819 2821 6,
1832 2793 1868 2815 33.

1093 2832 1112 2845 ¹³
1130 2832 1260 2856 Ordinaria
1277 2833 1305 2855 ad
1324 2834 1380 2855 haec
1397 2832 1477 2855 verba.

1092 2872 1112 2884 ¹⁴
1129 2872 1194 2894 Vers.
1213 2873 1237 2899 ὃς
1255 2874 1383 2900 sequuntur
1399 2872 1472 2894 Eccle.
1490 2872 1510 2899 1’1,
1529 2872 1550 2893 2.
1567 2874 1589 2893 et
1605 2871 1640 2893 ΡΞ.
1659 2870 1678 2898 t,
1712 2871 1733 2892 3.

1091 2911 1111 2923 ¹⁵
1128 2911 1193 2933 Vers.
1211 2911 1237 2938 7;
1254 2914 1381 2939 sequuntur
1398 2911 1452 2933 Luc.
1469 2910 1511 2937 110,
1529 2910 1567 2933 42.
1583 2912 1605 2932 et
1621 2916 1640 2932 c.
1658 2911 1680 2937 9,
1697 2910 1734 2932 25.

1092 2949 1111 2962 ¹⁵
1129 2950 1193 2972 Vers.
1212 2950 1248 2972 112.
1264 2961 1295 2966 -—
1313 2950 1370 2971 infra
1388 2953 1440 2977 post
1461 2948 1567 2971 invenire
1584 2948 1644 2971 bona
1661 2949 1755 2976 supple:
1772 2951 1867 2971 terrena.

1900 491 2013 512 Secundum.

1897 999 1986 1018 Tertium.

1894 1323 1938 1342 Pars
1950 1324 1972 1342 11.
1984 1325 2023 1343 Sol-

1892 1347 1969 1374 licitudo
1979 1353 2023 1371 npe-

1895 1372 1978 1389 rationis.

1896 1556 1946 1575 Haec
1958 1562 2013 1580 quae-

1896 1580 1953 1598 reuda
1969 1585 2011 1603 pro-

1903 1604 1944 1625 pter
1956 1604 1998 1622 tria.

1890 1626 1944 1645 Ratio
1953 1627 2019 1651 prima.

1893 2022 1984 2041 Secunda.

1890 2395 1960 2414 Tertia.
