2243 3348
354 170 390 200 62
1014 163 1187 194 SERMONES
1209 163 1251 193 DE
1273 163 1436 193 TEMPORE.

347 247 451 284 pium:
474 250 538 276 tunc
560 249 648 283 potest
669 245 720 274 dici
744 245 835 273 vobis:
854 243 966 273 Medius
985 245 1113 270 vestrum
1143 244 1196 269 ste-

352 294 394 327 tit,
416 302 498 331 quem
522 301 570 323 uos
590 292 714 321 nescitis.
738 291 844 322 Dicitur
866 291 892 320 in
916 289 1009 319 Exodo
1025 290 1049 316 ¹:
1083 287 1196 318 Sancti-

350 340 445 377 ficabo
472 344 496 368 et
524 338 745 369 tabernaculum
776 336 932 366 testimonii
958 344 1024 364 oum
1053 334 1145 363 attari
1172 337 1197 362 et

352 389 455 417 Aaron
468 395 532 416 cum
545 386 615 422 litiis
625 385 699 418 suis,
712 388 743 413 nt
753 383 916 414 sacerdotio
931 382 1101 419 fficnqantur
1114 380 1194 410 milti.

352 435 386 462 Et
408 433 543 462 habitabo
566 433 596 462 in
616 432 708 463 medio
729 430 860 467 fitiorum
884 429 983 458 lsrael.
1008 428 1075 457 illud
1101 427 1196 464 imple-

352 484 410 509 tum
422 483 472 513 est,
484 479 594 516 quando
606 478 738 508 Dominus
752 476 948 513 sanctificavit
963 475 1196 507 tabernaculum,

351 527 377 555 id
399 529 440 555 est
462 526 617 558 Ecclesiam,
639 527 666 553 et
687 524 806 552 instituit
827 523 996 556 sacerdotes,
1019 522 1044 550 id
1066 524 1107 550 est
1129 522 1196 558 Apo*

352 573 451 606 Stolos,
473 575 499 600 et
521 570 671 600 habitabat
686 570 717 599 in
731 570 824 598 medio
838 569 969 605 fitiorum
986 568 1095 601 lsrael,
1115 567 1140 596 id
1156 570 1197 596 est

213 627 335 656 ἱῑειιιὼλιοτεηιι
353 620 379 647 in
401 618 490 647 medio
506 626 635 647 verorum
654 617 847 647 {sraelitarunr
871 633 908 637 —
923 616 974 645 Sed
991 615 1079 644 Iudaei
1096 614 1196 651 privati

214 650 341 692 mssffissfff‘
351 669 416 694 sunt
442 666 492 693 isto
524 664 656 692 beneficio
687 666 801 700 propter
824 662 1048 699 ingratitudinem
1082 668 1195 694 eorum3

350 712 423 741 unde
436 713 461 740 in
475 712 584 740 Daniele
597 711 622 738 2:
639 710 831 747 Septuayinta
843 708 1031 738 hebdomades
1046 707 1197 737 abbrevia-

351 765 395 788 tae
415 763 483 787 sant
503 767 592 795 super
610 757 751 795 populum
775 761 860 786 tuum
875 760 900 785 et
913 764 1002 793 super
1017 755 1117 784 urbem
1132 763 1198 783 san-

350 811 427 835 ctam.
443 811 536 839 tuam,
552 809 584 833 ut
601 808 818 833 consummetur
830 803 1062 841 praevaricatio,
1074 806 1100 831 et
1110 802 1197 838 finem

351 853 477 890 accipiat
488 856 651 890 peecatum,
673 856 699 880 et
713 851 844 880 deleatur
858 850 1011 888 iniquitas,
1026 854 1050 878 et
1065 849 1197 878 adduca-

351 904 400 929 tur
423 900 537 928 iustitia
558 899 744 936 sempiterna,
767 901 791 926 et
813 897 970 934 impleatur
991 896 1065 925 visio
1087 900 1112 925 et
1129 904 1197 932 pro-

347 946 457 984 phetia,
479 950 504 974 et
524 950 657 983 ungyatur
680 945 806 974 Sanetus
828 944 1013 973 Sanctorum.
1037 944 1072 971 Et
1093 943 1198 971 occide-

351 997 400 1022 tur
424 992 572 1026 Christus,
588 996 613 1020 et
627 1001 685 1020 non
700 992 753 1020 erit
768 991 831 1020 eius
842 990 987 1028 populus,
1004 990 1055 1027 qui
1068 998 1133 1018 eum
1149 998 1196 1018 ne-

349 1044 478 1078 qaam-us
499 1044 546 1068 est.
563 1056 600 1059 —-
616 1039 640 1067 Si
658 1039 736 1067 istam
758 1038 951 1066 auctoritatem
967 1037 1196 1069 considerassent,

351 1087 504 1124 potuissent
525 1086 636 1115 scivisse
659 1089 767 1122 tempus
788 1085 923 1114 adventus
945 1084 1055 1112 Christi.
1071 1083 1109 1111 Ab
1124 1082 1197 1111 aedi-

350 1134 477 1162 ficatione
500 1133 646 1162 Ierusalem
676 1140 764 1169 usque
785 1131 819 1160 ad
850 1131 999 1160 adventum
1021 1130 1121 1159 Christi
1154 1137 1196 1158 se-

351 1180 494 1217 ptuaginta
515 1182 593 1208 erant
616 1178 808 1211 hebdomades,
831 1181 857 1206 et
877 1177 1027 1214 accipimus
1048 1176 1122 1205 diem
1146 1184 1196 1212 pro

351 1235 439 1260 anno,
461 1230 488 1255 et
514 1230 593 1255 erant
614 1225 815 1259 abbreviatae,
845 1225 910 1261 quia
938 1227 1018 1253 erant
1042 1223 1195 1252 secundum

350 1281 498 1302 numerum
521 1280 656 1301 annorum
680 1272 828 1301 lunarium.
852 1271 876 1299 Si
893 1271 925 1299 ad
940 1271 993 1299 hoc
1009 1270 1197 1306 respexissent

350 1320 449 1353 Iudaei,
462 1319 615 1356 potuissent
633 1319 744 1347 scivisse
761 1322 868 1354 tempus
883 1318 1018 1346 adventus
1032 1316 1142 1344 Christi.
1156 1315 1197 1343 Di-

350 1367 401 1395 cit:
417 1370 440 1394 et
455 1375 512 1394 non
527 1366 581 1394 erit
595 1366 657 1393 eius
670 1364 807 1402 populus,
823 1364 874 1401 qai
888 1372 953 1392 eum
970 1367 1131 1399 necaturus
1145 1365 1194 1395 est,

350 1413 376 1442 id
398 1417 438 1442 est
461 1413 579 1449 populus
595 1412 736 1445 ludaicus;
759 1415 785 1439 et
801 1415 866 1439 tunc
882 1410 1032 1438 translatus
1053 1413 1094 1437 est
1115 1408 1194 1437 Chri-
1221 1435 1223 1441 .

350 1464 409 1489 stus
431 1460 464 1488 de
485 1460 578 1488 medio
599 1467 700 1487 eorum
722 1462 749 1487 et
770 1458 845 1486 venit
865 1458 891 1485 in
916 1457 1003 1485 medio
1025 1456 1194 1484 Christiano-

350 1515 429 1540 rum,
452 1507 517 1543 quia
539 1506 606 1542 (isti)
628 1506 787 1534 nescierunt
808 1505 959 1537 Christum,
982 1504 1042 1532 ideo
1068 1503 1094 1531 in
1123 1506 1196 1531 lene-

349 1554 410 1582 bris
431 1553 583 1582 ambutant
599 1553 620 1586 ³,
642 1555 669 1581 et
690 1552 824 1588 quidquid
847 1552 872 1579 in
896 1554 971 1579 terra
992 1550 1044 1579 suit
1075 1558 1195 1578 commo-

349 1604 407 1629 tum
430 1603 471 1628 est
493 1603 567 1628 tunc.
592 1599 746 1627 Periculum
770 1606 899 1635 magnum
923 1601 965 1626 est
990 1596 1196 1634 ingratitudinis

347 1650 500 1684 peccatum.
523 1647 584 1675 Fuit
606 1646 690 1683 igitur
718 1646 846 1674 Christus
867 1645 894 1673 in
916 1645 1005 1673 medio
1031 1644 1196 1673 ludaeorum

347 1694 419 1723 sicut
444 1693 576 1722 eruditor
603 1701 700 1726 verus,
729 1692 776 1721 sed
805 1692 855 1729 ipsi
881 1692 908 1720 in
937 1699 1002 1720 eum
1025 1700 1078 1720 non
1108 1691 1196 1719 credi-

348 1741 457 1769 derunt.

426 1788 486 1816 Fuit
508 1787 635 1816 Christus
657 1787 683 1815 in
706 1787 795 1816 medio
810 1794 907 1815 eorum
930 1786 1002 1815 sicut
1017 1784 1196 1822 informator

209 1843 261 1864 iiam,
275 1842 331 1861 infor·
349 1838 487 1868 sanctuS,
510 1834 556 1863 sed
578 1834 629 1871 ipsi
651 1842 714 1863 eum
737 1834 814 1871 sequi
831 1834 998 1867 noluerunt;
1020 1833 1073 1861 fuit
1093 1833 1120 1861 in
1140 1840 1197 1861 me-

202 1867 336 1913 ῗῖεἷῗτὲἳῗτειῗιι-
350 1882 394 1910 dio
415 1890 511 1911 eorum
534 1882 605 1910 sicut
628 1885 785 1918 reparator
805 1881 884 1918 pius,
906 1884 933 1909 et
955 1880 1020 1917 quia
1049 1880 1099 1917 ipsi
1132 1887 1194 1908 eum

349 1937 403 1957 non
425 1929 594 1962 dilexerunt,
616 1928 676 1957 ideo
691 1928 781 1965 ipsum
798 1928 988 1965 perdiderunt.
1008 1927 1080 1956 Dicit
1095 1927 1196 1963 igitur:

348 1976 460 2004 Medius
481 1980 609 2004 vestrzmz
623 1976 714 2009 stetit,
730 1984 813 2013 quem
830 1984 878 2003 vos
893 1975 1016 2003 nescitis.
1037 1974 1143 2010 Quibus
1160 1974 1197 2002 lo-

216 2030 259 2049 rria
274 2030 332 2048 homi·
350 2024 468 2060 quitur?
489 2023 570 2051 Dico:
593 2023 682 2051 trihus
704 2022 853 2059 generibus
876 2022 1028 2050 hominum.
1055 2021 1197 2050 „lliserunt
1225 2056 1226 2061 ¹

1224 2063 1226 2070 ⁴
1255 2068 1310 2096 vita
1332 2068 1382 2095 nisi
1406 2067 1464 2095 ista.
1489 2066 1638 2095 Audiamus
1671 2066 1814 2098 Ioannem,
1846 2065 1893 2101 qui
1926 2064 2007 2098 dicit,
2029 2063 2103 2100 quod

203 2059 247 2072 num
257 2058 332 2077 genem
351 2070 455 2099 Iudaei
475 2070 511 2098 ab
534 2070 718 2107 [erosolymis
739 2070 901 2098 sacerdotes
915 2073 939 2098 ct
965 2069 1065 2097 levitas
1080 2072 1108 2097 et
1130 2069 1197 2097 Pha—

350 2118 454 2145 risaeos
475 2117 509 2145 ad
531 2117 667 2150 loannem,
693 2121 721 2144 ut
737 2117 954 2154 interrogarent
968 2125 1051 2144 eum:
1074 2116 1098 2144 T
1098 2125 1116 2144 u
1131 2116 1197 2153 quis

350 2164 422 2192 es4?
445 2164 503 2193 [stis
524 2164 648 2201 loquitur
672 2164 791 2192 Ioannes.
808 2163 968 2192 Sacerdotes
984 2163 1117 2192 vacabant
1138 2162 1197 2191 offi—

350 2211 392 2239 cio
414 2211 525 2244 altaris;
548 2211 645 2240 levitae
668 2210 801 2239 vacabant
822 2210 914 2239 studio
935 2210 1043 2238 divinae
1065 2210 1141 2246 legis,
1170 2214 1198 2238 et

350 2258 487 2286 Pharisaei
510 2258 644 2286 honestati
668 2258 815 2294 religionis.
846 2258 889 2286 Isti
912 2257 1096 2286 sollicitissimi
1120 2260 1198 2285 erant

350 2304 383 2333 ad
405 2305 624 2342 cognoscendum
647 2304 797 2338 Christum,
830 2307 857 2333 et
878 2304 944 2341 quia
965 2304 1054 2340 ipsum
1077 2312 1130 2332 non
1153 2311 1198 2332 co-

210 2357 339 2400 Xsssst’iffiffl
349 2355 514 2388 gnoverunt‚
530 2352 590 2380 ideo
606 2351 826 2388 reprehendendi
848 2355 921 2380 sunt.
937 2368 976 2371 —
992 2350 1197 2379 Sacerdotibus

241 2405 308 2423 avaris.
349 2398 414 2426 dicit
437 2398 562 2427 loannes:
586 2398 699 2427 Nescitis
720 2398 861 2427 Christum
885 2401 998 2434 propter
1017 2397 1197 2431 avaritiam,-

350 2444 441 2473 teoitis
462 2445 541 2473 dicit:
564 2445 678 2473 Nescitis
698 2445 839 2473 Christum
855 2448 968 2481 propter
987 2445 1197 2482 curiositatem,

349 2494 376 2519 et
388 2490 561 2520 Phari-sacis
573 2492 653 2520 dicit:
667 2492 782 2520 Nescitis
796 2491 937 2520 Christum
954 2495 1068 2528 propter
1083 2492 1197 2520 indevo-

352 2538 463 2566 tionem.
480 2539 508 2566 In
524 2538 712 2567 sacerdotibus
728 2546 835 2566 summe
849 2538 997 2567 damnatur
1012 2538 1154 2572 avaritia,
1170 2538 1196 2566 in

1254 240 1430 270 studentibus
1444 248 1553 270 summe
1567 240 1715 270 damnatur
1734 240 1902 274 curiositas,
1919 240 1945 268 in
1962 239 2101 277 Religiosis

1254 294 1362 315 summe
1383 286 1531 316 damnatur
1553 287 1702 316 indevotio.
1720 287 1853 323 Loquitur
1869 287 1982 316 loannes
2003 294 2100 316 secun-

1254 334 1320 362 dum
1336 333 1482 362 certiorem
1498 341 1592 363 vocem
1609 333 1709 363 veteris
1724 333 1800 370 legis,
1815 336 1842 362 et
1857 333 2008 363 secundum
2025 333 2101 362 aesti-

1255 380 1401 409 mationem
1416 388 1509 409 novae.
1520 397 1557 400 —
1567 380 1646 409 Dico:
1656 381 1818 409 sacerdotes
1827 380 1953 409 nesciunt
1961 380 2102 409 Christum

1256 431 1369 464 propter
1391 427 1574 460 avaritiam;
1595 427 1668 456 unde
1699 427 1727 456 in
1755 427 1826 456 libro
1848 427 1937 463 primo
1958 426 2101 463 Regum5:

1257 474 1352 503 Porro
1364 474 1420 510 (itii
1432 474 1510 508 Heti,
1524 473 1581 510 fzttz'
1596 473 1698 507 Belial,
1713 474 1866 503 nescientes
1884 473 2039 502 Dominum
2054 482 2102 502 ne—

1254 529 1308 559 que
1323 520 1450 559 officium
1464 521 1650 549 sacerdotnm
1665 520 1705 549 ad
1717 520 1867 557 poputum.
1883 537 1923 541 —
1937 520 2002 549 Heti
2020 520 2103 549 inter-

1255 570 1381 604 pretatur
1396 567 1555 605 iniquita&
1577 567 1650 595 unde
1665 567 1710 596 filii
1727 567 1783 595 Heli
1799 570 1863 595 sunt
1879 567 1925 595 filii
1942 566 2102 604 iniquitatis.

1255 614 1310 642 Filii
1328 614 1382 643 Heli
1396 614 1555 643 habuerunt
1565 612 1749 651 fascinulam
1765 614 1924 647 tridentem,
1941 621 2024 650 quam
2039 613 2104 642 mit—

1255 661 1351 690 lebant
1366 661 1397 689 in
1412 660 1565 694 cacabum,
1581 664 1608 689 et
1622 660 1758 697 quidquid
1779 660 1956 689 assumebant
1976 668 2039 688 cum
2056 660 2104 688 tri-

1255 708 1336 736 dente
1358 708 1545 744 asportabant.
1568 707 1672 736 Clausit
1686 707 1801 735 avaritia
1815 707 1910 736 oculos
1925 706 2101 740 Iudaeorum,

1255 755 1329 792 quod
1353 763 1406 783 non
1428 757 1619 791 cognoverunt
1633 754 1790 787 Christum;
1805 753 1997 790 supercecidit
2011 753 2104 791 iynis,

1255 801 1413 838 cupiditatis
1435 805 1461 829 et
1483 801 1630 834 avaritiae,
1650 804 1674 828 et
1694 809 1753 830 non
1767 800 1904 829 viderunt
1917 800 2004 828 sotem
2016 800 2037 834 ⁶,
2053 799 2105 828 sci·
2213 810 2217 854 1

1256 848 1318 877 licet
1341 848 1468 876 iustitiae.
1491 847 1632 884 Cupiditas
1653 850 1767 884 generat
1787 846 1911 880 sumum,
1934 846 1980 883 qui
2007 854 2104 875 excae·
2214 873 2217 894 ς

1255 898 1299 924 cat
1320 895 1415 924 oculos
1437 894 1601 931 cupidorum
1616 894 1635 922 ⁷.
1665 894 1733 922 Cum
1766 893 1884 922 tridente
1912 893 2105 930 asportabant
2121 894 2213 915 ⁸⁰2³ssd=¹1

1255 950 1376 974 carnes,-
1398 949 1447 978 per
1468 941 1619 969 tridentem
1641 941 1766 977 signatur
1788 940 1939 977 cupiditas,
1961 947 2032 976 quae
2054 940 2102 968 ha-
2216 940 2217 943 ’

1256 989 1301 1017 bet
1324 991 1380 1017 tres
1401 988 1513 1022 dentes,
1535 988 1639 1016 scilicet
1660 987 1838 1024 cupiditatem
1860 987 1887 1015 in
1909 987 2103 1025 acquirendo,

1255 1035 1433 1072 rapacitatem
1456 1035 1481 1063 in
1504 1034 1666 1072 auferendo
1687 1037 1714 1063 et
1734 1034 1905 1063 tenacitatem
1929 1034 1957 1062 in
1983 1033 2103 1062 abscon—
2217 1064 2218 1067 Ἰ

1254 1083 1354 1112 dende.
1372 1099 1408 1104 -—
1424 1082 1527 1111 Gratis
1542 1081 1702 1118 accepisti&
1718 1081 1814 1119 gyratis
1828 1081 1921 1110 date&
1934 1081 1992 1110 Non
2003 1080 2104 1110 debent
2119 1082 2219 1107 Arv¹i⁶³2iv

1254 1129 1411 1158 sacerdotes
1433 1129 1538 1158 reditus
1561 1129 1694 1157 Ecclesiae
1716 1128 1893 1162 abscondere,
1909 1128 1975 1164 quia
1988 1128 2104 1156 abscon-
2218 1121 2219 1124 ¹

1254 1176 1319 1205 dere
1334 1184 1380 1204 eos
1395 1179 1436 1204 est
1452 1176 1603 1209 iudaizare,
1619 1175 1703 1203 immo
1718 1175 1795 1211 sequi
1813 1174 1914 1203 ludam.
1930 1175 2037 1203 Utinam
2054 1174 2106 1203 ista

1254 1222 1424 1260 fuscinula,
1447 1231 1518 1259 quae
1540 1226 1582 1251 est
1603 1222 1733 1255 avaritia,
1755 1230 1809 1250 non
1831 1224 1903 1250 esset
1926 1220 2005 1249 hodie
2020 1221 2047 1249 iu
2063 1228 2105 1250 sa-

1254 1269 1427 1298 cerdotibus!
1450 1269 1516 1305 quia
1537 1277 1634 1297 omnes
1666 1268 1747 1297 hodie
1778 1268 1926 1296 avaritiae
1956 1267 2102 1296 stu-(Ientf’.

1254 1316 1321 1352 Quis
1336 1318 1416 1343 curat
1430 1315 1463 1343 de
1482 1315 1596 1343 ecclesia
1612 1314 1737 1343 habenda
1752 1314 1801 1343 nisi
1815 1318 1929 1351 propter
1941 1314 2105 1350 pecuniam?

1254 1360 1416 1390 Retraliunt
1437 1370 1456 1389 a
1477 1360 1625 1397 sacrificio
1640 1361 1747 1389 Domini
1765 1363 1877 1397 propter
1893 1361 2048 1397 pecuniam.
2064 1360 2106 1388 Di—

1251 1409 1334 1442 citur,
1346 1408 1420 1445 quod
1432 1413 1495 1436 erat
1508 1412 1659 1444 peccatum
1672 1416 1837 1444 puerorum
1847 1407 1970 1445 prande,
1982 1408 2054 1446 quia
2065 1415 2105 1436 re-

1252 1455 1406 1484 trahebant
1417 1464 1436 1483 a
1447 1454 1595 1491 sacrificio
1608 1455 1639 1483 ¹⁰.
1653 1471 1689 1475 —-
1699 1454 1853 1483 Voluerunt
1865 1462 1970 1482 carnes
1982 1454 2103 1488 crudas,

1252 1505 1284 1531 ut
1305 1502 1409 1531 lautius
1430 1510 1476 1530 eas
1508 1504 1715 1538 praepararent
1738 1502 1838 1530 Totum
1868 1501 1966 1530 transit
1994 1508 2043 1538 per
2063 1508 2102 1535 OS,
2117 1504 2219 1546 C⁰s¹iffieg1⁰

1253 1550 1327 1587 qnod
1350 1557 1448 1578 manus
1470 1552 1559 1585 potest
1579 1556 1762 1585 congregare,
1778 1551 1805 1577 et
1819 1556 1873 1576 non
1888 1551 1929 1577 est
1943 1547 1994 1576 nisi
2010 1548 2102 1576 fimus.
2215 1541 2219 1546 ”

1256 1596 1356 1625 Οπτηὶε
1379 1595 1460 1624 tabor
1483 1595 1609 1624 hominis
1624 1595 1655 1623 in
1669 1604 1718 1623 ore
1738 1595 1801 1623 eius
1814 1596 1844 1622 ¹¹.
1875 1595 1944 1623 Haec
1969 1597 2010 1623 est
2035 1594 2105 1623 ratio

1254 1643 1432 1680 ignorantiae.
1459 1642 1561 1671 Omnes
1582 1650 1712 1671 vacamus
1734 1642 1776 1671 isti
1798 1641 1947 1679 gulositati.
1976 1641 2105 1670 Officium

1254 1690 1403 1720 sacerdotis
1425 1693 1466 1719 est
1481 1689 1562 1718 hodie
1582 1689 1684 1718 lautius
1705 1689 1815 1723 vivere,
1837 1696 2006 1726 congregare
2020 1691 2048 1717 et
2061 1696 2105 1717 ra-

1255 1746 1336 1774 pere,
1358 1741 1386 1766 et
1407 1738 1467 1766 ideo
1488 1738 1523 1767 al)
1545 1737 1583 1766 eis
1604 1737 1728 1766 nescitur
1749 1736 1885 1765 Christus.
1908 1736 2009 1764 Contra
2037 1735 2103 1765 istos

1253 1785 1319 1813 dicit
1341 1785 1422 1813 isaias
1435 1785 1472 1813 ¹2:
1503 1784 1617 1813 Vocavit
1641 1783 1782 1812 Dominus
1815 1784 1891 1811 Deus
1923 1782 2104 1811 exercituum

1255 1832 1295 1860 ad
1315 1831 1414 1868 fletum
1436 1835 1460 1860 et
1482 1831 1521 1860 ad
1540 1831 1692 1867 planctum
1714 1833 1739 1859 et
1770 1830 1810 1858 ad
1838 1829 1988 1858 calvitium
2018 1833 2044 1857 et
2064 1829 2104 1858 ad

1255 1879 1408 1916 cinyutum
1429 1879 1517 1907 sacci.
1541 1879 1576 1906 Et
1596 1886 1669 1911 ecce,
1690 1877 1836 1914 ,caudium
1860 1877 1970 1905 illorum
1986 1879 2011 1905 et
2025 1876 2105 1904 taeti-

1255 1927 1297 1955 tia
1324 1926 1451 1955 occidere
1472 1925 1578 1954 vitulos
1598 1929 1625 1953 et
1651 1924 1789 1962 iuyatare
1814 1924 1933 1957 arietes,
1959 1923 2103 1952 comedere

1255 1982 1360 2002 carnes
1381 1977 1404 2001 et
1427 1972 1519 2001 bibere
1543 1972 1651 2000 vinum.
1677 1971 1869 2000 Comedamus
1897 1975 1921 1999 ct
1950 1970 2102 2003 bibamus;

1255 2029 1322 2049 eras
1345 2021 1421 2048 enim
1442 2021 1613 2048 moriemur.
1637 2018 1753 2047 Videtur
1774 2018 1828 2052 eis,
1844 2018 1916 2055 quod
1933 2026 1986 2046 non
2003 2017 2038 2046 sit
2052 2017 2105 2045 alia

1254 2122 1349 2143 omnes
1370 2114 1445 2142 avari
1468 2116 1547 2141 erant
1560 2113 1598 2146 ¹³;
1621 2112 1754 2141 Dominus
1769 2112 1959 2141 detestabatur
1979 2111 2103 2139 divitias:

1255 2161 1422 2190 Audiebant
1442 2161 1543 2189 omnia
1558 2159 1627 2188 baec
1645 2159 1819 2192 Pharisaei,
1835 2158 1887 2196 qut
1900 2161 1984 2187 erant
1999 2157 2103 2191 avari,

1254 2213 1278 2237 et
1299 2207 1467 2236 deridebant
1489 2208 1598 2235 euni14.
1616 2206 1784 2236 Praedicavit
1799 2206 1926 2243 quidam,
1948 2205 2021 2242 quod
2036 2204 2104 2233 divi-

1254 2256 1306 2284 tiae
1322 2258 1412 2283 essent
1427 2257 1559 2283 stercora.
1577 2254 1652 2282 Dixit
1667 2254 1795 2291 quidam:
1816 2265 1829 2278 «
1842 2253 1896 2290 Ego
1911 2253 2018 2286 vellem,
2030 2251 2104 2289 quod

1254 2303 1353 2331 domus
1376 2310 1435 2331 mea
1456 2302 1537 2338 plena
1558 2303 1630 2330 esset
1651 2301 1752 2329 talibus
1780 2300 1992 2329 stercoribus».
2014 2299 2104 2328 Caris-

1254 2350 1331 2384 simi‚
1353 2349 1494 2378 cti-limatis
1526 2348 1609 2377 bomo
1637 2357 1695 2377 non
1726 2348 1851 2385 percipit
1881 2356 1915 2376 ea
1946 2355 2020 2385 quae
2053 2346 2105 2376 Dei

1253 2400 1323 2424 sant
1334 2396 1366 2424 ¹⁵.
1392 2396 1565 2424 Dimittamus
1587 2395 1750 2424 sacerdotes.

1333 2443 1403 2480 Quid
1424 2443 1548 2472 dicemus
1561 2443 1595 2471 de
1617 2443 1725 2476 levitis,
1747 2442 1795 2479 qui
1818 2444 1914 2471 vacant
1943 2441 2034 2470 studio
2061 2440 2102 2469 di-
2127 2441 2226 2485 ”cssrssggissiff

1253 2491 1332 2519 vinae
1354 2491 1442 2527 legis?
1465 2490 1509 2519 Isti
1531 2490 1659 2519 nesciunt
1679 2490 1820 2518 Christum
1843 2492 1957 2526 propter
1979 2488 2103 2517 curiosi-

1254 2541 1348 2566 tatem.
1365 2538 1471 2566 Dicitur
1486 2537 1513 2565 in
1530 2537 1628 2565 Ioanne
1641 2537 1672 2571 ¹⁶,
1688 2536 1762 2574 quod
1784 2536 1918 2565 dixerunt
1940 2535 2102 2572 legisperiti:

414 2722 422 2734 ¹
441 2722 495 2750 Cap.
515 2723 552 2750 29,
571 2722 606 2745 tt.
625 2728 672 2751 seq.

414 2760 423 2773 ³
441 2762 502 2783 ioan.
521 2762 557 2788 12,
575 2762 613 2784 35.

413 2800 422 2813 ⁴
440 2801 499 2824 loan.
518 2801 540 2827 11,
558 2801 598 2827 ie,
616 2801 645 2823 de
663 2801 789 2823 pharisaeis
807 2801 860 2823 vide
878 2808 899 2823 v.
918 2801 956 2823 24.

414 2839 423 2852 ⁵
440 2839 494 2867 Cap.
513 2841 539 2867 2,
559 2841 596 2862 12.
613 2846 678 2869 seqq.
989 2840 998 2853 θ
1016 2841 1098 2863 Psalm.
1116 2841 1158 2867 57,
1175 2841 1196 2862 9.

413 2877 421 2890 ⁷
441 2880 463 2900 ln
480 2879 560 2901 codice
577 2879 659 2901 citatur
677 2879 747 2902 Proo.
764 2880 870 2901 Fortasse
886 2880 1007 2907 respicitur
1020 2880 1086 2902 Eccli.
1099 2880 1140 2907 20,
1154 2880 1196 2901 31:

350 2918 427 2941 Xenia
445 2920 467 2941 et
483 2918 546 2941 dona
563 2920 691 2941 ezrcaecant
708 2918 788 2942 oculos
806 2918 924 2945 indicum,
942 2919 978 2941 vel
991 2920 1044 2947 Sap.
1057 2920 1083 2946 2,
1096 2919 1120 2941 ‘21
1134 2927 1138 2941 :
1151 2919 1198 2941 Ea·-

351 2957 454 2985 caecavit
472 2957 524 2980 illos
541 2957 634 2980 matitia
651 2964 741 2981 eorum.

927 2722 935 2735 ²
953 2723 1008 2751 Cap.
1026 2724 1047 2750 9,
1065 2724 1102 2746 Ἠ.
1120 2726 1142 2746 et
1159 2724 1195 2745 26.

1318 2721 1327 2734 ⁸
1345 2723 1423 2744 Malth.
1447 2723 1486 2749 10,
1505 2723 1525 2744 S.
1933 2719 1942 2732 ⁰
1960 2721 1999 2743 ier.
2018 2720 2044 2749 6,
2063 2720 2100 2742 113.

1319 2761 1338 2773 ¹⁰
1356 2761 1417 2783 Libr.
1435 2762 1448 2783 l.
1468 2762 1523 2789 Reg.
1542 2763 1568 2788 2,
1590 2762 1622 2783 17.
1642 2762 1729 2784 Deinde
1747 2761 1867 2789 respicitur
1885 2760 1916 2783 ibi
1935 2767 1956 2782 v.
1974 2760 2008 2782 15.

1319 2800 1337 2813 ¹¹
1357 2802 1429 2823 Eccle.
1447 2801 1473 2829 6,
1492 2801 1512 2832 7.

1319 2839 1338 2852 ¹²
1356 2840 1410 2868 Cap.
1429 2841 1471 2867 ⁵22,
1493 2841 1526 2863 12.
1543 2847 1592 2869 seq.

1319 2878 1338 2891 ¹³
1355 2880 1414 2901 Haec
1432 2879 1503 2901 verba
1522 2880 1611 2902 loannis
1623 2885 1667 2901 non
1682 2879 1842 2906 inveniuntur3
1855 2878 1895 2901 sed
1910 2878 1964 2900 vide
1982 2878 2056 2900 locum
2070 2883 2102 2899 se-

1894 2916 1913 2930 ¹⁴
1931 2918 1985 2939 Luc.
2004 2917 2045 2943 46,
2064 2916 2100 2938 114.

1827 2956 1845 2969 ¹⁶
1862 2957 1918 2985 Cap.
1936 2957 1962 2984 9,
1981 2956 2018 2978 29.
2036 2962 2102 2985 seqq.

1256 2921 1373 2947 quentem.

1319 2956 1337 2969 ¹⁵
1356 2957 1425 2985 Epist.
1444 2958 1456 2979 Ι.
1475 2957 1526 2980 Cor.
1545 2959 1570 2986 2,
1593 2957 1625 2979 14.
