2243 3348
30 606 32 617 Ι

26 620 32 645 i
74 632 145 651 Sermo.

64 1423 139 1443 Divisio.

14 1671 15 1675 ,
29 1659 72 1678 Para
83 1658 96 1677 Ι.
111 1658 138 1677 Do

14 1692 15 1696 =
31 1682 103 1701 civitate
115 1682 134 1700 iu

18 1705 76 1724 *caelis
88 1705 138 1724 aedi-

51 1729 110 1747 ficata.

26 2220 136 2239 Subdivisio.

4 2407 6 2429 ζ
27 2407 57 2426 Est
68 2407 133 2427 civitas

38 2431 121 2454 gloriosa.

3 2551 4 2555 ¹
18 2547 91 2566 Summa
104 2549 141 2571 glo·

60 2572 94 2590 ria.

678 172 709 200 IN
732 171 834 200 FESTO
855 171 985 200 OMNIUM
1007 171 1213 200 SANCTOBUM.
1235 171 1345 199 SERMO
1368 171 1395 199 ll.

164 251 213 280 Per
234 259 332 279 arcem.
354 250 516 287 intelligitur
539 250 674 278 virtutum
703 250 858 278 sublimitas
886 249 943 278 sive
964 257 1009 277 ar-

163 298 268 331 duitas,
290 297 355 334 quia
381 309 394 322 «
410 297 499 325 virtus
520 297 593 325 circa
621 297 740 325 arduum
769 300 796 325 et
823 296 933 325 difficile
948 295 957 310 ¹
974 307 1007 330 »ς

164 352 212 381 per
233 344 347 372 moenia
368 343 505 377 civitatis,
525 343 598 371 illius
623 351 761 380 supernae
789 343 936 372 Ierusalem
964 351 1008 371 ae-

162 395 240 419 terna
262 390 403 419 stabilitas.
426 390 462 418 Ad
486 390 536 418 ista
551 390 623 418 enim
648 390 850 426 praedicatores
868 398 966 418 vocare
981 393 1008 418 et

162 437 272 466 allicere
292 437 407 469 debent,
430 439 565 473 quantum
588 440 719 473 possunt,
740 437 889 465 auditores.

241 484 300 520 Epo
323 483 446 511 loannes
467 483 529 511 vicli
549 487 683 511 sanctam
706 483 867 517 ciuitatem„
890 484 1008 512 Jerusa-

163 530 216 558 lem
237 533 288 558 etc.

242 577 267 604 ln
290 577 383 605 verbis
411 577 470 605 istis
497 577 665 605 describitur
687 577 802 605 materia
828 578 1008 606 solemnitatis

162 624 284 652 omnium
300 624 477 657 Sanctorum,
499 623 565 660 quia
579 624 746 652 describitur
761 624 806 652 illa
825 625 1008 653 communitas

162 670 307 699 Beatorum
324 670 376 698 sub
392 671 553 706 metaphora
575 670 692 698 civitatis
707 678 722 698 a
743 670 796 698 Deo
817 671 1008 699 descendentis

160 720 187 746 et
204 717 237 745 ad
254 717 340 745 Deum
356 716 492 745 tendentis
507 717 564 745 sive
580 717 752 745 revertentis.
772 717 919 745 Descendit
934 718 1006 746 enim

160 763 196 792 ab
218 764 277 800 ipso
302 764 390 791 Patre
410 763 556 791 luminam
573 764 593 797 2,
616 764 643 791 in
665 767 800 800 quantum
830 767 872 792 est
900 763 1005 800 alplza,

159 813 186 839 et
207 810 283 838 redit
304 810 329 838 in
353 810 460 846 ipsum,
483 810 509 838 in
532 813 668 847 quantum
690 814 731 838 est
753 818 871 847 omeya;
887 810 944 846 ipse
965 814 1007 839 est

159 857 231 885 enim
254 855 344 894 alplta
366 859 391 884 et
415 865 526 893 omeya,
546 856 728 893 principium
752 860 776 883 et
797 855 882 892 (inis,
905 857 1006 892 Apoca-

159 903 243 940 lypsis
265 903 363 939 primo.
387 903 450 937 Vel,
472 903 615 932 descendit
638 911 686 939 per
711 903 805 931 datum
835 906 951 931 naturae
979 906 1006 931 et

158 949 260 978 donum
283 951 402 987 gratiae,
424 953 451 978 et
466 950 541 978 redit
559 958 608 986 per
624 950 759 978 virtutum
783 950 881 978 merita
901 953 928 978 et
949 957 1005 978 me-

159 997 276 1025 ritorum
299 997 435 1033 praemia3
459 997 500 1025 vel
523 997 609 1033 magis
626 997 745 1033 proprie,
760 997 905 1025 descendit
919 1005 935 1025 a
951 997 1006 1025 Deo

158 1051 207 1080 per
223 1043 470 1072 multiformitatem
488 1044 626 1077 muneris,
642 1044 716 1072 redit
734 1044 759 1071 in
776 1044 863 1072 Deum
880 1052 928 1080 per
944 1044 1005 1072 uni-

158 1090 324 1119 formitatem
346 1090 457 1118 amoris.
482 1090 511 1118 Et
533 1090 598 1126 qula
614 1089 839 1127 multiformitas
855 1099 1003 1119 munerum

157 1145 212 1165 non
234 1140 323 1174 potest
345 1137 431 1174 magis
453 1137 564 1174 proprie
585 1137 732 1174 significari
755 1145 838 1174 quam
868 1144 918 1174 per
940 1137 1005 1165 civi-

158 1187 240 1213 tatem
262 1188 387 1213 ornatam
410 1187 437 1212 et
458 1188 593 1220 paratam,
618 1192 667 1213 nec
689 1183 882 1221 uniformitas
903 1184 1005 1213 amoris

157 1231 256 1260 melius
278 1239 360 1268 quam
384 1239 432 1267 per
460 1239 587 1267 sponsam
616 1235 741 1259 ornatam
772 1231 831 1259 viro
860 1239 922 1265 suo;
945 1231 1005 1259 ideo

159 1278 271 1306 loannes
292 1278 549 1306 convenientissime
570 1278 701 1306 describit
723 1286 792 1311 eam,
814 1278 922 1306 dicens:
947 1279 1005 1315 Eyo

159 1325 281 1353 loannes
309 1325 371 1353 virli
390 1325 536 1353 civitatem
558 1328 608 1354 etc.
632 1325 669 1353 Ad
701 1325 817 1354 istorum
841 1326 1004 1353 Sanctorum

158 1372 422 1401 commendationem
453 1372 510 1400 sive
541 1372 615 1400 illius
643 1372 761 1400 civitatis
791 1380 928 1408 supernae
956 1380 1004 1400 no-

158 1419 270 1447 tandum
292 1422 349 1452 est,
365 1419 437 1455 quod
453 1419 486 1447 de
502 1419 558 1455 ipsa
575 1427 723 1456 possumus
746 1419 819 1456 loqui
842 1419 1003 1455 tripliciter,

158 1466 282 1494 videlicet
314 1466 339 1493 iu
372 1469 507 1502 quantum
540 1470 581 1494 est
610 1466 635 1494 in
665 1466 753 1494 caelis
780 1465 955 1502 aedificanti,-
977 1466 1003 1493 in

155 1515 291 1549 quantum
314 1513 339 1540 in
356 1512 444 1540 terris
458 1511 587 1548 fundata
602 1516 629 1541 et
650 1512 810 1546 constituta,
826 1516 853 1540 et
868 1512 894 1540 in
917 1520 1004 1549 quan-

156 1563 214 1588 tum
237 1560 277 1587 acl
302 1560 390 1587 Deum
414 1559 579 1587 reducenda
601 1559 657 1588 sive
679 1559 838 1587 ordinanda.

235 1606 251 1634 l.
276 1607 306 1634 Et
328 1606 426 1643 primo,
444 1606 468 1634 in
485 1609 619 1643 quantum
636 1609 677 1634 est
692 1606 718 1634 in
734 1606 821 1634 caelis
835 1606 1003 1642 aedificata,

154 1656 195 1681 est
216 1653 383 1686 notandum,
402 1652 474 1689 quod
490 1653 579 1681 omnis
593 1653 707 1681 effectus
721 1660 787 1681 suae
809 1660 907 1681 causae
928 1653 1003 1681 simi-

155 1700 297 1728 litudinem
313 1700 397 1736 gerit,
419 1703 446 1728 et
467 1703 571 1736 quanto
586 1699 700 1728 effectus
721 1699 912 1734 immediatior,
927 1703 1003 1728 tanto

155 1746 306 1775 similitudo
326 1746 501 1783 expressior:
524 1746 584 1774 ideo
605 1754 686 1774 omne
708 1746 873 1782 productum
893 1754 909 1774 a
932 1746 1001 1780 Deo,

155 1797 258 1830 quanto
280 1793 336 1822 Deo
356 1797 396 1821 est
418 1793 576 1829 proximius
597 1796 623 1821 et
644 1801 659 1821 a
683 1793 737 1821 Deo
770 1793 954 1822 immediatius
975 1797 1002 1822 et

154 1840 186 1868 ad
211 1840 296 1868 Deum
311 1839 505 1873 ordinabilius,
522 1843 597 1868 tanto
616 1843 657 1868 est
676 1838 868 1876 cteiformius,·
889 1843 916 1868 et
936 1841 1002 1877 quia

155 1887 226 1915 inter
247 1886 339 1915 omnia
359 1886 494 1922 producta
515 1894 531 1914 a
552 1886 607 1914 Deo
630 1886 815 1915 immediatius
836 1887 1001 1923 producitur

154 1933 199 1961 illa
220 1933 365 1962 Beatorum
387 1933 483 1961 civitas
504 1933 562 1961 sive
584 1933 628 1961 illa
650 1940 771 1969 superna
800 1933 945 1962 lerusalem
974 1937 1001 1963 et

154 1984 195 2009 est
216 1981 239 2008 ei
262 1980 417 2016 proximior
438 1983 465 2008 et
486 1979 652 2008 ordinatior:
676 1979 735 2008 ideo
754 1983 795 2008 est
817 1979 1000 2017 deiformior,

153 2027 237 2055 immo
268 2026 466 2060 deiformatur3
498 2026 603 2054 ratione
634 2026 714 2055 cuius
745 2026 936 2056 deiformitatis
957 2035 1000 2056 re-

153 2074 237 2102 sultat
258 2074 284 2101 in
307 2081 339 2102 ea
359 2073 536 2110 quadruplex
561 2073 786 2102 commendabilis
807 2074 926 2102 conditio
952 2083 1000 2111 per

153 2120 324 2149 influentiam
350 2120 495 2157 potentiae
525 2120 643 2154 Patris,
669 2128 718 2157 per
748 2120 921 2149 influentiam
952 2130 1000 2150 sa-

151 2167 277 2204 pientiae
304 2167 401 2201 Verbi,
428 2175 477 2204 per
505 2167 675 2196 influentiam
705 2167 842 2196 bonitatis
869 2168 1000 2205 Spiritus

152 2215 264 2247 sancti,
286 2222 336 2251 per
350 2214 631 2251 superabundantiam
654 2214 742 2242 totius
770 2214 933 2243 Trinitatis.
951 2216 1000 2244 Per

154 2260 274 2296 primum
296 2263 338 2289 est
356 2260 505 2297 9loriosa;
527 2268 576 2297 per
597 2261 759 2295 secundum,
780 2261 928 2298 speciosa,·
950 2270 999 2298 per

154 2307 278 2341 tertium,
300 2307 437 2335 deliciosa
445 2317 455 2340 ,·
477 2314 525 2344 per
547 2310 694 2344 quartum,
717 2307 852 2344 opulenta
867 2308 886 2336 ⁸.

230 2354 306 2382 Unde
327 2357 415 2390 potest
436 2354 482 2382 illa
496 2354 592 2382 civitas
606 2354 808 2388 commendari,
830 2355 895 2391 quia
910 2356 999 2392 primo

153 2408 218 2437 prae
240 2400 338 2429 ceteris
358 2401 495 2429 creaturis
523 2404 563 2429 est
590 2400 722 2437 yloriosa
750 2409 799 2437 per
828 2401 998 2430 influentiam

150 2447 293 2483 potentiae
315 2447 434 2481 Patris,·
457 2451 569 2484 propter
585 2447 657 2484 quod
679 2447 781 2476 dicitur
803 2448 828 2476 in
852 2448 956 2477 Psalmo
971 2449 997 2477 4;

156 2494 291 2523 Gloriosa
313 2494 390 2523 (licta
411 2498 479 2522 sant
501 2494 535 2522 de
556 2498 593 2529 te,
609 2495 713 2523 civitas
737 2495 795 2523 Dei.
818 2495 854 2523 lbi
870 2496 941 2524 enim
958 2498 999 2524 est

153 2549 270 2569 summa
282 2541 390 2578 gloria,
406 2550 438 2569 eo
459 2541 531 2578 quod
553 2550 649 2570 omnes
672 2542 742 2570 Beati
766 2542 921 2571 unanimes
940 2551 998 2571 nno

153 2596 201 2616 ore
222 2588 351 2616 continue
374 2588 499 2622 laudant,
522 2588 698 2625 magnificant
719 2592 746 2617 et
769 2589 884 2618 adorant
906 2590 998 2617 Domi-

1856 173 1906 201 60'1

1067 257 1132 277 nuni
1156 257 1248 277 suum.
1271 249 1427 278 Secundum
1445 249 1640 286 Philosophum
1667 261 1679 274 ‹-
1695 250 1782 287 gloria
1803 253 1844 278 est
1858 250 1912 279 fre-

1066 304 1155 332 quens
1176 296 1247 324 fama
1268 304 1330 325 cum
1355 296 1434 325 laude
1451 307 1476 330 »;
1498 304 1532 325 ex
1550 305 1605 333 quo
1620 300 1709 333 potest
1724 296 1822 333 colligi,
1838 297 1911 333 quod

1065 343 1153 379 gloria
1173 346 1215 371 est
1235 351 1271 371 ex
1293 351 1340 371 ore
1356 343 1507 371 multorum
1524 344 1637 372 collecta
1653 343 1780 372 laudatio.
1802 343 1831 371 Et
1846 344 1911 380 quia

1066 389 1100 417 ibi
1124 397 1158 417 ex
1181 397 1229 418 ore
1252 390 1403 418 multorum
1434 390 1562 418 laudatur
1585 391 1672 424 Deus,
1701 390 1852 418 secundum
1880 391 1910 418 il-

1066 436 1111 464 lud
1135 436 1230 464 Psalmi
1247 437 1273 464 ⁵:
1299 436 1431 465 Gloriam
1456 437 1539 474 reyni
1560 437 1604 465 titi
1624 437 1716 465 (licent
1738 440 1803 470 etr.;
1820 437 1854 466 ibi
1871 441 1912 466 est

1065 491 1188 511 summae
1209 484 1312 520 gloriae
1334 484 1522 517 ittoitnclitas;
1545 483 1604 512 ideo
1626 484 1651 512 in
1675 484 1779 512 Psalmo
1793 484 1910 512 dicitur:

1065 529 1192 566 tliaynus
1216 531 1357 558 Dominus
1382 534 1405 558 et
1427 530 1587 559 laudabilis
1619 531 1708 559 nimis
1739 531 1769 559 in
1798 531 1912 559 ciuitate

1067 576 1119 604 Det
1138 577 1249 609 nostri,
1273 577 1303 605 in
1326 580 1418 605 monte
1432 580 1533 605 sancto
1554 577 1625 605 eius,
1642 578 1802 606 Fundatitr
1816 578 1910 606 exsut-

1065 623 1172 651 tatione
1193 624 1348 652 itnioersae
1369 628 1465 652 terrae
1490 632 1572 652 mons
1595 624 1680 658 Sion,
1711 625 1805 653 latera
1827 626 1911 663 aqui-

1065 668 1154 702 lonis,
1177 669 1282 697 civitas*
1298 670 1381 706 Heyis
1402 670 1506 707 witigmi
1518 673 1569 699 etc.
1586 671 1638 699 Nec
1654 675 1759 700 tautum
1775 672 1809 700 ab
1824 672 1910 700 omni-

1064 715 1117 743 bus
1138 716 1243 744 Sanctis
1271 717 1398 745 laudatur
1422 717 1508 750 Deus,
1531 718 1577 746 sed
1605 718 1685 746 etiam
1715 719 1788 755 ipsos
1818 720 1911 748 Beatos

1065 761 1158 790 laudat
1181 763 1267 796 Deus3
1290 766 1317 791 et
1339 763 1364 791 in
1388 764 1439 791 hoc
1457 764 1581 792 consistit
1600 765 1720 793 maxima
1735 766 1830 802 gloria,
1846 767 1911 803 quia

1064 808 1137 836 Deus
1163 809 1299 837 neminem
1331 810 1422 837 laudat
1450 810 1500 838 nisi
1523 811 1653 847 dignum,
1675 815 1701 839 et
1721 812 1819 849 gloria
1840 812 1910 841 liaeo

1063 858 1103 882 est
1131 855 1265 883 omnibus
1293 855 1410 884 Sanctis
1438 857 1508 884 eins.
1532 874 1567 876 —
1591 857 1659 893 Quid
1690 858 1773 894 igitur
1796 859 1837 887 isti
1868 860 1908 887 in-

1063 900 1152 934 firmi,
1175 902 1297 937 superbi,
1320 903 1456 938 pomposi,
1474 903 1533 931 vani
1550 907 1576 931 et
1592 904 1676 932 inflati
1699 909 1839 941 quaerunt
1853 906 1909 942 glo-

1063 947 1131 975 riam
1155 948 1298 976 hominum
1320 952 1347 977 et
1370 949 1473 977 laudari
1496 950 1530 978 ab
1553 950 1737 979 hominibus?
1759 953 1805 988 qui
1832 952 1909 981 indis-

1063 993 1183 1022 ferenter
1206 994 1317 1023 laudant
1331 995 1428 1032 dignos
1449 999 1476 1023 ot
1492 996 1626 1033 indignos,
1642 998 1694 1035 qui
1714 997 1863 1034 considunt
1877 1000 1908 1027 in

1063 1040 1169 1068 virtitte
1189 1049 1246 1069 sua
1268 1045 1292 1069 et
1314 1042 1344 1070 in
1366 1042 1553 1071 multitudine
1578 1044 1754 1072 diuitiarum
1782 1054 1908 1075 sitarum

1060 1087 1230 1124 gloriantur
1245 1089 1256 1105 ⁶
1278 1092 1305 1117 et
1326 1093 1465 1126 quaerunt
1491 1091 1605 1127 gloriani
1636 1093 1746 1125 mundi,
1769 1093 1815 1130 qui
1846 1098 1910 1122 sunt

1061 1134 1115 1171 flos
1128 1134 1217 1171 foeni,
1240 1135 1324 1163 immo
1339 1140 1404 1164 sunt
1425 1136 1496 1165 sicut
1518 1141 1633 1167 stercus.
1650 1139 1716 1168 Cras
1737 1140 1908 1169 deiicieutur.

1062 1182 1185 1218 Quaeras
1207 1182 1279 1210 illam
1301 1191 1437 1211 summam
1460 1188 1487 1212 et
1507 1188 1647 1213 aeternam
1669 1187 1801 1222 gloriam;
1824 1188 1843 1216 si
1868 1196 1909 1216 se-

1061 1236 1129 1257 cure
1152 1229 1248 1257 volunt
1268 1230 1397 1266 gloriari,
1420 1230 1517 1267 utique
1532 1239 1641 1268 semper
1664 1233 1693 1261 in
1718 1234 1839 1262 Domino
1853 1234 1910 1271 ylo-

1062 1275 1185 1303 riantur.

1141 1322 1292 1359 Speciosa,
1314 1324 1450 1357 secundo⁷
1477 1333 1526 1361 per
1559 1325 1728 1354 influentiam
1761 1328 1909 1363 sapientiae

1062 1369 1134 1403 Filii3
1158 1369 1217 1397 ideo
1237 1369 1339 1398 dicitur
1354 1371 1528 1407 Apocalypsis
1544 1372 1675 1408 vigesimo
1688 1373 1776 1409 primo
1792 1374 1811 1407 ⁷,
1833 1374 1906 1410 quod

1061 1416 1165 1444 civitas
1187 1416 1232 1444 illa
1253 1425 1311 1445 non
1332 1417 1441 1454 indiget
1461 1418 1518 1446 sole
1538 1427 1628 1456 neque
1642 1419 1725 1454 lana,
1741 1424 1773 1448 ut
1794 1420 1909 1449 luceant

1062 1463 1092 1490 in
1113 1471 1165 1495 ea‚·
1186 1472 1257 1491 nam
1278 1463 1401 1492 claritas
1425 1464 1476 1492 Dei
1503 1464 1681 1493 illmninavit
1709 1475 1790 1500 eain,
1818 1471 1842 1495 et
1865 1467 1908 1495 tu-

1061 1518 1150 1538 cerna
1170 1510 1234 1538 cias
1254 1514 1295 1538 est
1321 1512 1433 1548 Agnus.
1456 1512 1532 1540 Sicut
1560 1513 1631 1540 enim
1656 1513 1780 1542 videmus
1809 1514 1835 1542 in
1858 1514 1908 1542 ista

1062 1557 1187 1585 machina
1210 1557 1358 1592 mundiali,
1380 1558 1453 1595 quod
1488 1559 1590 1587 lumine
1614 1560 1684 1588 solis
1712 1568 1761 1597 per
1782 1561 1852 1590 diem
1881 1566 1908 1590 et

1062 1604 1165 1633 lumine
1186 1604 1274 1632 lunae
1295 1608 1322 1633 et
1342 1605 1493 1634 stellarum
1524 1614 1572 1642 per
1600 1611 1706 1635 noctem
1735 1608 1907 1637 illuminatur

1060 1655 1087 1679 et
1107 1654 1240 1685 ornatur;
1262 1651 1301 1679 sic
1323 1651 1418 1680 civitas
1440 1652 1603 1681 illalumine
1620 1654 1699 1691 Ayni
1718 1654 1866 1684 decoratur
1881 1660 1908 1684 et

1060 1698 1227 1732 illustratur,
1249 1698 1315 1735 quia
1338 1699 1470 1727 Divinitas
1485 1700 1544 1728 eius
1559 1704 1600 1728 est
1615 1701 1650 1729 ibi
1674 1701 1732 1730 loco
1752 1702 1832 1736 solis,
1855 1703 1907 1731 hu-

1060 1745 1176 1773 manitas
1197 1745 1257 1774 eius
1272 1746 1330 1773 loco
1346 1745 1442 1779 lanae,
1459 1746 1530 1775 Beati
1549 1747 1606 1775 loco
1620 1748 1770 1776 stellarum
1780 1759 1790 1782 ;
1805 1753 1831 1777 et
1847 1750 1906 1778 ideo

1058 1800 1116 1820 non
1137 1796 1196 1829 eyet
1210 1792 1267 1821 sole
1281 1802 1371 1831 neqae
1392 1793 1464 1821 luna
1480 1794 1584 1822 ratione
1601 1795 1679 1823 istius
1695 1796 1905 1832 pulcritudinis;

1058 1842 1085 1867 et
1107 1839 1261 1876 pulcrificat
1282 1840 1340 1876 ipse
1355 1840 1438 1868 Filius
1459 1841 1516 1869 sive
1538 1843 1644 1878 Agnus,
1666 1842 1713 1879 qui
1733 1847 1772 1871 est
1794 1844 1906 1872 candor

1058 1889 1084 1914 et
1106 1886 1260 1914 substantia
1282 1886 1356 1915 lucis
1377 1892 1512 1916 aeternae
1533 1892 1557 1916 et
1578 1889 1726 1925 speculum
1753 1890 1815 1918 sine
1842 1899 1905 1918 ma—

1057 1932 1139 1966 cula,
1161 1933 1314 1969 Sapientiae
1336 1934 1460 1970 septimo.
1483 1935 1573 1963 Potest
1593 1935 1644 1964 dici
1667 1936 1701 1964 de
1716 1944 1747 1965 ea
1769 1937 1836 1965 illud
1858 1938 1904 1965 Sa-

1058 1980 1175 2016 pientiae
1197 1980 1328 2017 septimo:
1355 1981 1402 2009 Est
1422 1982 1498 2009 enim
1519 1982 1676 2019 speciosior
1693 1983 1750 2011 sole
1771 1988 1795 2011 et
1816 1992 1904 2021 super

1058 2035 1168 2055 omnem
1191 2027 1406 2064 dispositionem
1434 2028 1604 2063 stellarum,
1633 2030 1693 2058 luci
1713 2035 1903 2067 comparata,

1057 2074 1205 2102 invenitur
1225 2075 1318 2111 prior.
1341 2075 1366 2102 Si
1389 2075 1472 2109 enim,
1494 2076 1647 2105 secundum
1670 2077 1852 2113 ¹&agustinum
1876 2078 1902 2106 iu

1057 2124 1137 2149 sexto
1152 2121 1163 2137 ⁸
1184 2129 1250 2150 suae
1266 2122 1392 2155 Musicae,
1420 2133 1432 2146 «
1446 2123 1604 2158 pulcritudo
1625 2127 1665 2152 est
1686 2125 1837 2161 aequalitas
1853 2133 1903 2153 nu—

1058 2176 1166 2197 merosa
1180 2180 1194 2193 »
1208 2191 1214 2202 ,
1230 2169 1310 2205 quia,
1338 2173 1442 2206 quanto
1467 2170 1584 2198 alicuius
1605 2170 1680 2199 faciei
1705 2175 1796 2207 partes
1819 2172 1904 2209 magis

1057 2216 1303 2252 proportionantur
1324 2219 1351 2244 et
1372 2216 1572 2253 adaequantur,
1600 2221 1674 2245 tanto
1696 2219 1848 2252 venustior,
1877 2223 1903 2247 et

1057 2262 1108 2290 hoc
1130 2262 1235 2291 ratione
1262 2263 1468 2299 adaequationis
1495 2264 1610 2292 istarum
1641 2265 1777 2300 partitum
1799 2269 1902 2302 quanta

1056 2310 1108 2338 erit
1124 2309 1282 2346 pulcritudo
1297 2310 1322 2337 in
1337 2310 1380 2337 illa
1395 2310 1514 2344 civitate,
1530 2310 1576 2339 ubi
1593 2311 1637 2339 ille
1657 2323 1669 2335 «ι
1686 2312 1784 2346 Filius,
1800 2313 1846 2349 qui
1863 2318 1903 2341 estv

1056 2364 1101 2385 ars
1122 2360 1235 2385 aelerna
1255 2357 1421 2391 omnium»,
1444 2357 1470 2385 in
1493 2365 1548 2394 quo
1570 2361 1634 2386 sunt
1665 2366 1760 2387 omnes
1783 2359 1902 2388 rationes

1056 2407 1082 2432 et
1104 2403 1179 2432 ideae
1200 2404 1234 2432 ab
1255 2407 1368 2432 aeterno
1396 2404 1519 2432 omnium
1549 2404 1683 2433 factorum
1713 2405 1739 2433 in
1763 2409 1901 2442 tempore,

1055 2450 1152 2479 offeret
1174 2458 1202 2479 se
1223 2453 1250 2479 et
1272 2451 1487 2487 repraesentabit
1514 2459 1542 2479 se
1565 2451 1650 2480 beatis
1669 2452 1817 2488 Spiritibus
1831 2453 1902 2481 sicut

1056 2498 1199 2534 speculum
1215 2497 1409 2531 clarissimum,
1425 2501 1452 2526 et
1472 2497 1507 2526 ab
1528 2498 1656 2527 omnibus
1672 2499 1823 2527 secundum
1840 2508 1901 2536 pos-

1056 2543 1211 2571 sibilitatem
1234 2551 1330 2572 eorum
1359 2544 1611 2580 comprehendetur
1639 2548 1666 2573 et
1688 2545 1829 2574 manifeste
1857 2554 1900 2574 co-

1055 2593 1211 2626 gnoscetur.
1236 2590 1295 2618 ldeo
1314 2591 1487 2627 Apocalypsis
1503 2591 1633 2628 vigesimo
1655 2592 1743 2629 primo
1759 2593 1769 2609 ⁹
1790 2593 1900 2624 dicitur.

216 2767 223 2780 ¹
242 2768 341 2796 Ariston,
359 2770 382 2790 11.
399 2769 468 2791 Ethic.
487 2775 507 2792 c.
525 2770 546 2792 3.

214 2806 223 2819 2
242 2809 283 2829 lac.
305 2809 322 2835 1,
343 2808 380 2836 17;
398 2808 502 2836 sequitur
519 2811 589 2836 Apoc.
611 2810 628 2836 1,
647 2810 667 2831 8.

215 2846 223 2859 ³
243 2848 271 2869 lta
289 2847 372 2869 clarius
389 2847 410 2869 in
429 2848 480 2869 cod.
498 2848 616 2870 Trecensi.

215 2887 224 2899 ⁴
242 2887 324 2908 Psalm.
342 2887 378 2913 86,
396 2888 422 2914 33
441 2887 524 2910 deinde
541 2888 662 2915 respicitur
680 2889 745 2911 Rom.
768 2889 801 2916 15,
819 2890 840 2911 6.
854 2893 875 2912 et
892 2890 996 2918 sequitur

151 2926 243 2951 Cicero.
262 2927 284 2948 ll.
302 2927 394 2949 Rhetor.
412 2933 431 2948 c.
449 2927 485 2949 55

215 2965 223 2977 ⁵
241 2966 322 2987 Psalm.
344 2965 392 2993 144,
414 2966 451 2993 11;
470 2970 597 2994 sequuntur
615 2967 649 2988 Ps.
667 2967 700 2993 47,
717 2968 734 2988 1.
746 2973 794 2996 seq.
812 2970 833 2989 et
851 2968 883 2990 Ps.
907 2968 955 2995 149,
973 2969 995 2989 9.

246 3014 273 3034 S.
289 3013 381 3035 Bonav.
397 3025 427 3029 ·—
440 3013 509 3035 Toni.
525 3013 551 3034 lx

1116 2772 1125 2784 ὅ
1144 2773 1224 2795 Psalni.
1243 2773 1279 2799 ts,
1297 2773 1321 2799 63
1340 2773 1396 2794 inti-u
1415 2773 1568 2800 respiciuntur
1586 2774 1599 2794 1.
1619 2774 1673 2795 Pctr.
1697 2774 1714 2799 1,
1733 2773 1769 2795 at.
1785 2777 1807 2795 ct
1820 2774 1833 2795 Ι.
1848 2773 1898 2795 Cor.

1058 2812 1075 2838 1,
1094 2812 1130 2833 31.

1116 2849 1124 2862 ⁷
1143 2851 1206 2872 Vcrs.
1225 2851 1267 2877 -233
1284 2851 1388 2878 sequitur
1406 2851 1459 2878 Sap.
1476 2851 1498 2877 7,
1517 2851 1553 2872 ⁴26,
1572 2854 1594 2872 et
1611 2857 1632 2872 V.
1652 2851 1688 2872 29.

1115 2888 1124 2901 ἢ
1141 2889 1196 2916 Cap.
1219 2889 1251 2910 13,
1271 2895 1291 2911 u.
1310 2890 1345 2910 538.
1364 2902 1392 2905 ψ
1411 2889 1456 2911 (tir.
1469 2890 1562 2916 Bonav„
1580 2892 1635 2911 tom.
1650 2891 1662 2911 l.
1676 2895 1728 2917 pag.
1742 2889 1798 2916 litt,
1812 2892 1862 2912 uota
1877 2890 1897 2912 8.

1052 2941 1082 2945 --
1100 2929 1208 2957 Sequitur
1225 2930 1330 2956 August,
1349 2929 1383 2951 Vl.
1402 2929 1431 2950 de
1450 2929 1511 2950 Triu.
1528 2935 1548 2951 c.
1571 2930 1603 2951 10.
1622 2936 1642 2951 n.
1665 2930 1697 2950 lt.

1115 2966 1124 2979 ⁹
1142 2968 1204 2990 Vers.
1229 2968 1261 2989 ts,

1772 3015 1800 3034 ,Γ

1943 445 2030 464 Summae

1932 469 2002 492 gloriae
2015 470 2042 487 iu-

1940 492 2033 511 cunditas.

1929 680 2042 699 Notandum.

1928 868 2019 887 floriano.

1931 1335 1982 1362 item,
1996 1341 2037 1359 spe*

1956 1364 2013 1378 clusa.

1927 1710 2038 1729 Notandum.

1937 2132 1985 2154 Quid
1998 2132 2023 2150 sit

1921 2155 2034 2178 pulcritudo.
