2243 3348
261 597 307 615 Pars
319 596 349 614 ΙΙΙ.

234 642 348 661 Snbdivisio.

238 970 343 989 Coronatur

227 994 288 1017 primu
295 998 306 1011 a
316 993 354 1011 nla-

238 1019 265 1035 tre
279 1017 344 1035 Maria.

365 232 401 260 ⁹24
407 232 422 260 't

365 309 536 346 disperderet
557 308 750 347 qnatlriffltni,
773 306 963 339 fastuositatis,
984 309 1008 334 ct
1030 314 1146 343 equum,
1165 313 1211 333 sn-

366 356 466 393 perbae
489 355 691 392 pompositatis,
714 358 737 382 ct
758 354 903 389 dissiparet
925 361 1048 385 arcum,
1063 351 1211 380 diabolicae

366 402 486 435 fraudis,
508 406 538 430 ut
560 410 609 438 pcr
630 409 707 429 suam
724 402 913 436 paupertatem
935 399 1096 435 loqueretur
1108 406 1211 434 paceni

365 449 513 486 ycntihns,
530 456 576 476 eos
597 448 631 476 ab
652 454 745 475 amore
761 445 855 474 mundi
872 445 1025 473 revocando
1046 447 1073 472 et
1087 444 1119 472 ad
1135 452 1211 472 amo-

368 504 424 525 rem
447 499 473 523 et
495 495 602 523 laudem
628 495 672 522 Dei
695 493 867 522 attrahendo.

446 542 483 569 ΙΙΙ.
501 541 599 569 Ultimo
621 543 732 568 notatur
753 538 889 567 exhibitio
910 538 1030 566 lionoris
1044 540 1071 566 et
1087 537 1210 574 magnili-

366 589 478 621 cenhae,
494 596 556 616 cnm
572 587 652 615 dicit:
670 587 697 615 in
721 586 893 619 diademate,
909 594 965 623 qno
980 585 1130 613 coronavit
1145 593 1210 613 enni

366 640 460 664 inntcr
474 643 538 662 sna.
557 633 703 662 Honoravit
717 633 857 661 Christum
873 632 930 661 sive
945 631 1095 665 coronavit,
1113 632 1209 667 primo,

365 683 458 710 Mater
485 682 571 717 l'iryo
592 680 691 708 Maria
713 687 813 708 carneo
834 679 986 707 diademate
1007 678 1148 715 originalis
1170 678 1210 706 in-

367 728 508 757 nocentiae
530 736 557 755 m
579 727 771 763 conceptione:
794 726 931 759 secundo⁷
948 729 1042 753 mater
1056 733 1210 762 sgtsnctgyogia

366 776 460 812 spineo
481 775 633 803 diademate
654 774 757 802 doloris
778 777 804 802 ct
827 773 990 811 ignominiae
1019 772 1046 800 in
1068 772 1209 808 passione;

367 823 463 856 tertio,
492 827 586 850 mater
614 821 716 849 (licina
744 821 858 849 institia
886 820 1027 857 splendido
1058 819 1211 848 diaden'tate

366 870 479 897 lionoris
500 872 527 897 et
547 868 651 905 gloriae
671 868 699 896 in
721 867 934 896 resurrectione.

445 916 534 945 Primo
556 915 708 944 coronavit
729 924 795 943 citni
817 915 909 943 Mater
931 914 1016 951 Virgyo
1031 914 1128 942 illaria
1144 922 1211 942 car—

365 972 416 991 nco
438 963 602 992 diademate
622 962 762 999 originalis
784 961 954 991 innocentiae
976 961 1003 989 in
1025 960 1210 997 conceptione,

366 1011 517 1040 secundnm
540 1010 613 1047 quod
645 1010 747 1038 dicitnr
778 1009 953 1037 Canticorum
978 1008 1071 1036 tertio:
1095 1007 1212 1044 Eyredi-

365 1058 441 1086 mini
461 1062 485 1086 ct
507 1058 612 1091 videte,
633 1056 712 1093 litiae
734 1056 820 1089 Sion,
843 1064 936 1092 reycin
970 1055 1152 1083 Salomonem
1180 1054 1209 1082 in

366 1106 542 1138 diademate,
564 1113 620 1142 qno
652 1103 802 1131 coronavit
822 1111 887 1130 enin
915 1105 1009 1130 inciter
1029 1110 1088 1130 sna
1115 1101 1144 1129 in
1167 1101 1212 1129 (lie

365 1151 597 1189 desponsationis
625 1155 649 1178 ct
681 1150 806 1178 lactitiae
837 1149 934 1178 cordis
965 1148 1036 1176 eius.
1058 1165 1096 1168 ——
1119 1148 1212 1176 Filiae

368 1199 448 1232 Sion,
470 1197 651 1235 cyrctliinini,
673 1206 689 1225 a
709 1196 882 1225 deformitate
898 1196 1010 1232 peccati,
1025 1199 1051 1223 ct
1066 1195 1154 1223 videte
1168 1203 1212 1222 re-

364 1255 426 1283 yein
450 1253 563 1282 regum,
586 1252 683 1273 verum
713 1243 910 1276 Salomonem,
933 1243 1111 1275 salvatorem,
1133 1241 1212 1269 Chri-

366 1297 439 1322 stum
463 1293 646 1325 incarnatum,
669 1291 699 1319 in
721 1291 900 1323 diademate,
923 1289 1064 1325 originalis
1084 1289 1212 1317 innocen-

366 1340 434 1373 tiae,
456 1347 511 1377 qno
532 1338 683 1366 coronavit
704 1345 767 1365 eum
791 1337 881 1364 Mater
912 1344 984 1369 Stia,
1006 1335 1091 1371 Virgo
1112 1335 1211 1368 Maria,

366 1386 469 1414 virtute
491 1385 610 1422 Spiritus
631 1384 716 1413 sanc-ti
738 1391 801 1412 eum
831 1382 1024 1419 concipiendo,
1047 1382 1078 1410 in
1099 1382 1144 1410 die
1165 1382 1211 1410 ate-

365 1432 573 1469 sponsationis,
596 1432 733 1459 humanae
755 1434 884 1462 naturae,
900 1437 971 1465 quae
987 1429 1013 1457 in
1029 1429 1134 1457 unitate
1150 1436 1211 1464 per-

366 1488 448 1509 sonae
469 1479 596 1515 copulata
616 1481 657 1506 est
678 1481 705 1506 et
726 1477 873 1505 coniuncta
891 1476 938 1504 Dei
955 1476 1045 1504 Verbo
1067 1479 1098 1504 ut
1112 1484 1213 1512 sponsa

367 1534 467 1563 sponso
497 1526 604 1554 vinculo
636 1523 833 1557 indissolubili,
867 1523 892 1551 in
926 1526 1006 1551 utero
1028 1522 1153 1559 virginali
1185 1525 1212 1551 et

365 1581 459 1602 amore
488 1572 587 1609 pudico
608 1575 635 1600 et
657 1571 789 1599 benevolo
811 1578 873 1599 cum
904 1570 1005 1598 laetitia
1034 1569 1210 1598 inenarrabili

365 1623 392 1648 et
412 1619 511 1656 gaudio
531 1627 639 1655 niagno.

443 1666 568 1695 Secundo
589 1665 742 1694 coronavit
763 1673 826 1693 enin
854 1668 948 1693 inciter
969 1664 1096 1693 Iudaica
1123 1673 1212 1702 Syna-

228 1718 440 1766 {353533‘113909st
460 1713 560 1750 spineo
581 1713 745 1741 diademate
760 1712 863 1741 doloris
883 1715 910 1740 et
925 1711 1089 1748 ignominiae
1105 1712 1132 1740 in
1152 1719 1213 1748 pas-

258 1770 311 1789 goga.

366 1762 457 1795 sione;
479 1764 506 1789 et
526 1761 559 1789 de
582 1760 633 1789 hoc
654 1762 744 1796 potest
765 1759 866 1796 exponi
889 1759 957 1787 illud
979 1759 1153 1796 Apocalypsis
1167 1758 1213 1787 de-

367 1809 436 1837 cimo
457 1816 529 1837 nono
542 1809 567 1835 ¹:
590 1808 625 1835 In
646 1807 739 1844 eapite
760 1807 823 1835 citis
843 1806 1014 1835 diademata
1035 1805 1143 1839 inuita,
1162 1804 1214 1834 lia-

368 1856 434 1884 bens
454 1864 558 1884 nornen
576 1854 729 1892 scriptam,
745 1853 822 1892 qaod
836 1862 918 1881 nemo
932 1853 1012 1881 novit
1025 1853 1086 1881 nisi
1098 1853 1176 1890 ipse,·
1190 1856 1216 1881 et

366 1904 485 1932 vestitus
506 1906 569 1930 erat
590 1904 663 1929 veste
684 1908 807 1938 aspersa
828 1900 983 1937 sanquine.
1006 1916 1043 1920 -
1065 1900 1122 1928 Non
1141 1899 1213 1928 enim

368 1951 451 1987 impia
481 1957 619 1986 synagoga
647 1948 789 1977 coronavit
810 1947 952 1975 Christum
979 1947 1037 1975 solo
1061 1946 1214 1975 diademate

367 1999 461 2035 spineo
483 1996 680 2034 ignominiosae
710 1994 912 2027 dolorositatis‚
934 1994 1019 2022 immo
1040 2002 1124 2030 super
1146 1993 1214 2022 illud

368 2045 470 2073 addidit
491 2044 579 2072 multa
600 2043 652 2071 alia
680 2042 814 2071 deformia
841 2041 996 2070 diademata
1017 2041 1214 2078 opprobriosae

368 2090 639 2128 contemptibilitatis.
662 2089 738 2118 Sicut
758 2089 831 2117 enim
855 2088 935 2117 hodie
951 2088 1136 2125 magnificavit
1150 2096 1214 2116 eum

368 2139 455 2177 gloria
477 2138 610 2175 imperiali
633 2141 660 2165 et
681 2137 787 2165 honore
808 2136 899 2173 regio,
923 2139 954 2165 ut
985 2136 1103 2172 gloriose
1129 2135 1214 2164 intra-

367 2190 410 2215 ret
431 2189 552 2215 sanctam
577 2184 740 2217 lerusalem;
763 2184 801 2212 sic
832 2183 858 2211 in
890 2184 1038 2212 l’arasceve
1065 2183 1130 2211 fecit
1150 2190 1214 2211 enm

367 2234 445 2262 exire
467 2233 500 2261 de
522 2235 616 2261 sancta
636 2232 785 2260 Ierusalem
807 2239 870 2259 cum
900 2230 1038 2267 vituperio
1059 2232 1087 2258 et
1112 2238 1214 2267 oppro-

367 2280 442 2313 brio;
465 2283 492 2308 et
513 2278 648 2316 quidquid
670 2278 784 2306 honoris
806 2277 885 2306 hodie
901 2277 984 2314 impia
999 2285 1136 2314 synagoga
1151 2284 1215 2305 con—

368 2328 446 2361 tulit,
469 2327 494 2355 in
517 2327 561 2355 die
582 2326 697 2355 Veneris
720 2326 745 2353 in
767 2325 886 2354 dedecus
908 2324 1053 2353 convertit.
1076 2325 1142 2352 Nam
1164 2332 1215 2360 pro

368 2375 484 2403 floribus
505 2374 621 2410 imponit
641 2373 701 2402 eius
723 2373 804 2409 capiti
827 2380 957 2401 coronam
985 2372 1019 2401 de
1041 2371 1142 2408 spinis,
1165 2379 1215 2408 pro

368 2422 452 2450 ramis
473 2422 609 2450 olivarum
632 2420 771 2457 adaptavit
792 2427 905 2448 crucem
927 2419 1048 2456 propriis
1073 2418 1214 2452 humeris,

369 2477 419 2505 pro
441 2468 611 2496 vestimentis
626 2468 653 2495 in
671 2470 744 2495 terra
759 2466 906 2503 prostratis
925 2465 1038 2502 propria
1053 2465 1215 2494 vestimenta

369 2515 418 2543 sibi
441 2518 527 2543 exuta
549 2515 575 2543 in
607 2518 728 2551 quatuor
760 2517 853 2550 partes
884 2512 991 2546 divisit,
1014 2520 1065 2549 pro
1086 2511 1215 2540 laudibus

369 2562 545 2598 blasphemiis
566 2561 755 2598 exprobravit.
773 2561 804 2589 Et
819 2560 884 2597 quia
898 2563 960 2597 post
974 2559 1089 2596 gloriam
1104 2558 1214 2587 hodier-

369 2616 420 2637 nae
441 2608 625 2636 venerationis
646 2607 724 2644 quasi
747 2608 773 2635 in
796 2607 890 2636 eodem
914 2609 1048 2643 tempore,
1070 2606 1097 2634 in
1119 2605 1213 2634 eadem

369 2655 477 2683 civitate
498 2658 525 2683 et
546 2654 580 2683 ab
601 2654 694 2683 eadem
718 2655 796 2691 plebe
822 2654 970 2683 subsecuta
998 2656 1039 2682 est
1066 2652 1214 2690 ignominia

369 2701 565 2738 opprobriosae
580 2701 727 2737 passionis;
744 2701 803 2729 ideo
819 2704 907 2729 mater
929 2700 1048 2729 Ecclesia
1069 2702 1130 2736 post
1151 2707 1214 2736 pro-

370 2748 518 2777 cessionem
546 2748 595 2784 legi
624 2748 742 2776 instituit
764 2748 927 2785 passionem.
951 2747 1009 2784 lpse
1036 2750 1129 2775 autem
1162 2754 1214 2775 rex

1028 228 1199 256 SERMONES
1221 228 1263 255 DE
1285 227 1448 256 TEMPORE.

1268 305 1410 338 Christus,
1432 305 1464 332 in
1488 304 1568 333 cuius
1583 305 1676 341 capite
1691 309 1770 334 erant
1790 306 1882 334 omnia
1902 306 1954 334 ista
1975 307 2113 343 praedicta

1268 350 1437 379 diademata
1446 373 1454 384 ,
1477 350 1598 379 habebat
1619 360 1722 379 nomen
1742 352 1903 389 Scriptum,
1925 361 2009 390 snper
2031 356 2114 389 caput

1268 405 1367 425 suum:
1391 398 1471 425 lestis
1493 397 1690 431 Nazarenam,
1716 399 1773 427 Rea:
1795 399 1974 428 Itttltteorttm
1988 401 2008 433 ²,
2037 400 2113 437 qnod

1268 452 1366 477 neme,
1383 445 1608 480 persequentium
1631 453 1711 479 eum,
1732 446 1828 479 novit,
1851 454 1910 475 esso
1933 454 2045 480 verum,
2062 446 2111 475 nisi

1268 490 1395 518 Christus
1416 494 1443 519 et
1464 491 1507 519 eni
1530 491 1580 519 sthi
1598 492 1700 528 placuit
1715 493 1846 521 revelare.
1865 494 1898 520 Et
1916 493 2035 521 vestitus
2050 497 2113 521 crat

1268 540 1355 570 ceste,
1377 537 1528 574 corporali,
1551 546 1688 575 aspersa,
1709 539 1823 575 proprio
1842 540 1995 576 sttnyuine.

1347 584 1439 612 Tertio
1460 586 1612 613 coronavit
1633 594 1697 614 euin
1720 590 1815 614 mater
1835 595 1909 620 Sita,
1937 587 2040 615 scilicet
2070 587 2114 615 tli-

1267 631 1338 659 vinct
1360 631 1491 665 institia,
1513 632 1663 668 splendido
1684 633 1848 661 diademate
1869 632 1988 662 lionoris
2008 637 2036 662 et
2056 633 2114 670 glo-

1268 678 1324 707 riae
1337 678 1361 706 in
1376 679 1592 713 resurrectione;
1608 682 1634 707 et
1649 679 1682 708 de
1698 680 1749 708 hoc
1764 683 1853 716 potest
1868 680 1968 716 exponi
1985 679 2052 708 illud
2068 680 2114 708 Iob

1269 725 1400 762 vigesimo
1422 726 1531 754 nono-‘⁵1
1555 726 1674 754 Iustitia
1706 726 1827 754 indutiis
1858 735 1939 760 sitin,
1961 730 1987 755 et
2013 727 2115 755 vestivi

1268 781 1312 801 ine
1333 772 1408 801 sient
1430 772 1594 801 vestimento
1609 776 1632 801 et
1647 773 1812 801 (liatlen'n‘ite
1833 773 1942 802 indicio
1958 782 2026 802 ineo.
2043 773 2112 809 Quia

1268 819 1402 847 Dominus
1431 820 1505 847 lesus
1537 819 1664 848 Christus
1697 823 1802 848 tantum
1835 828 1863 849 se
1890 820 2061 854 humiliavit,
2083 824 2114 849 ut

1269 866 1351 895 vellet
1372 866 1458 900 tradi,
1481 870 1508 894 et
1539 866 1655 895 traditus
1676 875 1692 894 a
1720 867 1912 903 peccatoribus
1934 867 2065 901 iudicari,
2087 870 2114 896 et

1269 913 1407 942 iudicatus
1428 917 1558 950 tanquam
1581 921 1647 942 reus
1661 913 1847 947 condemnari,
1869 917 1895 942 et
1917 914 2115 942 condemnatus

1269 963 1358 989 morte
1380 960 1543 997 turpissima
1563 960 1666 994 occidi;
1690 960 1749 989 ideo
1771 960 1923 989 secundum
1945 960 2114 989 infallibilem

1270 1008 1392 1044 regulam
1415 1007 1523 1036 divinae
1552 1007 1687 1041 iustitiae,
1709 1015 1781 1044 quae
1812 1010 1868 1036 est:
1892 1007 1950 1043 Qui
1969 1016 1998 1035 se
2019 1006 2115 1035 lizinii-

1269 1054 1321 1082 tiat
1342 1054 1538 1088 exaltabitur,
1561 1054 1700 1083 exaltatus
1732 1057 1773 1083 est
1805 1057 1918 1091 propter
1950 1062 2029 1083 suam
2052 1062 2115 1091 pro-

1269 1100 1381 1129 fundam
1403 1101 1587 1129 humilitatem
1610 1101 1636 1146 ip
1667 1101 1766 1129 solium
1799 1100 1891 1137 regale
1919 1103 1945 1129 et
1967 1103 2115 1129 coronatus

1269 1150 1311 1176 est
1331 1148 1494 1176 diademate
1516 1148 1629 1176 honoris
1650 1151 1676 1176 et
1691 1148 1809 1185 gloriam
1825 1148 1911 1182 unde,
1927 1151 2030 1185 quanto
2052 1156 2116 1176 caro

1269 1194 1329 1223 eius
1349 1194 1401 1223 fuit
1422 1195 1505 1223 vilius
1526 1195 1554 1222 in
1575 1199 1678 1223 terram
1700 1195 1837 1231 proiecta,
1854 1198 1929 1223 tanto
1944 1194 2039 1223 maiori
2055 1195 2113 1232 glo-

1270 1241 1310 1269 ria
1331 1245 1358 1269 et
1380 1242 1484 1270 honore
1506 1244 1547 1270 est
1569 1241 1784 1270 circumamicta.
1807 1242 1943 1278 Rogemus
1964 1245 2015 1270 etc.

1610 1328 1701 1355 Sannio
1723 1327 1743 1355 ll
1755 1328 1774 1354 4.

1340 1408 1424 1432 Sermo
1443 1406 1531 1431 fratris
1550 1406 1741 1431 Bonavontnrae
1760 1406 1785 1430 in
1804 1406 1875 1430 domo
1899 1405 2018 1430 Fratrum
2045 1405 2117 1430 Prae-

1269 1451 1407 1476 dicatorum
1426 1451 1547 1480 Parisius,
1567 1457 1649 1475 coram
1669 1449 1847 1474 Universitate.

1350 1524 1532 1562 Eyrediniini
1552 1528 1578 1552 et
1598 1524 1698 1557 videte,
1719 1523 1798 1560 filiae
1819 1523 1899 1557 Sion,
1919 1532 2012 1561 reyein
2037 1524 2117 1553 Sato-

1270 1580 1381 1600 monem
1404 1571 1435 1600 in
1456 1571 1638 1604 diademate,
1660 1579 1715 1608 quo
1747 1570 1899 1599 coronavit
1926 1579 1992 1599 euni
2022 1574 2116 1599 mater

1269 1627 1327 1647 sua
1349 1619 1379 1647 in
1401 1618 1447 1646 (lie
1468 1618 1700 1654 desponsationis
1722 1617 1801 1645 z'tttzts
1823 1621 1847 1646 et
1868 1617 1900 1646 in
1921 1617 1966 1646 (tie
1991 1617 2117 1646 laetitiae

1270 1665 1369 1694 cordis
1389 1665 1462 1698 eins,
1485 1664 1661 1693 Canticornm
1685 1664 1766 1693 tertio
1777 1665 1796 1692 ⁵.

1350 1712 1432 1741 Hodie
1465 1715 1565 1745 mater,
1599 1711 1760 1740 ludaeorum
1792 1719 1944 1749 synagoga,
1974 1711 2115 1740 Christum

1272 1760 1360 1788 Iesum
1382 1759 1530 1787 honoravit
1550 1761 1582 1787 nt
1604 1766 1712 1795 regem,
1734 1762 1766 1787 ut
1787 1759 1961 1796 prophetam,
1975 1761 2007 1787 ut
2029 1758 2118 1795 ponti-

1272 1807 1360 1835 ficem.
1374 1806 1434 1834 ldeo
1449 1809 1543 1834 sancta
1558 1809 1646 1834 mater
1659 1806 1786 1840 Ecclesia,
1798 1806 2037 1843 processionaliter
2052 1806 2119 1834 haec

1272 1853 1363 1882 omnia
1384 1855 1595 1890 repraesentans
1620 1861 1682 1881 eum
1705 1853 1790 1882 ramis
1811 1853 1967 1890 palmarum
1983 1852 2047 1881 filiis
2062 1852 2119 1881 suis

1272 1900 1401 1937 proponit
1430 1900 1546 1929 verbum
1578 1900 1746 1936 praefatum,
1769 1903 1816 1934 nt,
1848 1900 1870 1928 si
1892 1899 1977 1929 velint
2004 1899 2119 1936 obsequi

1271 1947 1381 1976 Christo
1402 1947 1482 1984 φερέ,
1503 1946 1681 1984 egrediantur
1712 1955 1728 1975 a
1758 1947 1933 1975 deformitate
1954 1947 2074 1984 peccati;
2096 1946 2118 1975 si

1272 1994 1357 2023 velint
1377 1994 1506 2023 assistere
1527 1993 1637 2022 Christo
1659 1993 1780 2028 doctori,
1802 1994 1931 2031 adaptent
1954 1996 2058 2023 mentes
2072 2001 2117 2023 ae-

1273 2045 1368 2070 ternae
1389 2041 1542 2078 Sapientiae
1564 2041 1634 2075 luci;
1657 2041 1678 2069 si
1701 2041 1786 2069 velint
1806 2041 1907 2070 offerre
1927 2041 2037 2070 Christo
2048 2049 2118 2078 pon-

1273 2088 1360 2125 tifici,
1383 2088 1539 2117 collaudent
1566 2088 1656 2125 ipsum
1689 2088 1715 2116 io
1744 2088 1848 2125 templo
1877 2088 1925 2117 Dei
1953 2091 1980 2117 et
2005 2088 2120 2117 adorent

1272 2136 1362 2173 ipsum
1385 2136 1411 2163 in
1445 2136 1503 2164 loco
1531 2135 1667 2164 sacrificii.
1691 2136 1747 2164 Non
1776 2135 1848 2164 enim
1871 2135 2009 2164 honorare
2030 2138 2120 2172 potest

1272 2183 1413 2212 Christum
1436 2182 1484 2219 qni
1507 2191 1561 2211 non
1590 2186 1631 2211 est
1662 2185 1744 2211 extra
1765 2185 1925 2219 peccatum,
1946 2190 1997 2211 nec
2022 2182 2119 2211 audire

1272 2229 1389 2258 verbum
1412 2229 1472 2258 eius
1494 2229 1541 2266 qui
1564 2229 1647 2258 habet
1668 2229 1764 2258 ocutos
1785 2229 1819 2258 ad
1840 2229 1993 2263 mundum,
2014 2237 2065 2258 nec
2080 2228 2119 2258 of-

1272 2277 1347 2305 ferre
1373 2276 1483 2305 Christo
1516 2276 1564 2313 qui
1596 2276 1687 2305 adhuc
1715 2277 1796 2305 offert
1827 2276 1943 2305 diabolo.
1976 2277 2119 2305 Monemur

1272 2332 1338 2360 ergo
1361 2323 1403 2352 his
1425 2323 1517 2352 verbis
1538 2323 1572 2352 ad
1595 2323 1662 2357 tria,
1685 2324 1788 2352 scilicet
1809 2324 1842 2352 ad
1864 2324 2052 2352 desertionem
2073 2323 2120 2352 de-

1271 2369 1434 2408 formitatis
1456 2370 1645 2404 omnimodae,
1667 2374 1699 2399 ut
1720 2371 1857 2407 possimus
1878 2371 1981 2400 habere
2006 2370 2120 2399 sinceri-

1272 2420 1355 2446 tatem
1386 2417 1601 2451 conscientiaess,
1628 2417 1681 2446 ibi:
1711 2418 1911 2454 Eqrectiniini,
1932 2417 2011 2455 filiae
2033 2417 2119 2450 Sion;

1272 2464 1305 2493 ad
1327 2464 1596 2501 contemptationem
1623 2464 1817 2502 speciositatis
1846 2464 1952 2502 regiae,
1981 2467 2012 2493 ut
2034 2464 2120 2501 possi-

1272 2519 1335 2540 mus
1356 2511 1459 2540 habere
1481 2511 1634 2539 claritatem
1657 2511 1821 2548 sapientiae,
1844 2511 1897 2540 ibi:
1919 2515 1943 2540 et
1964 2512 2054 2541 videte
2076 2521 2120 2541 re-

1270 2566 1335 2595 yem
1357 2558 1559 2591 Satonzoneni;
1580 2558 1612 2586 ad
1629 2557 1831 2587 exhibitionem
1853 2558 1952 2587 laudis
1966 2562 1993 2588 et
2015 2560 2119 2596 magni-

1272 2605 1412 2639 ficentiae,
1428 2608 1459 2633 ut
1481 2605 1620 2642 possimus
1642 2605 1744 2634 habere
1759 2606 1922 2634 suavitatem
1938 2606 2050 2643 gloriae,
2066 2606 2118 2635 ibi:

1271 2652 1303 2680 in
1324 2652 1488 2681 diademate
1509 2656 1560 2681 etc.

1352 2699 1368 2726 l.
1391 2699 1469 2728 Circa
1501 2700 1640 2736 primum,
1671 2700 1809 2736 quomodo
1838 2700 1880 2729 vel
1908 2709 1924 2728 a
1949 2701 2051 2738 quibus
2072 2701 2118 2730 de-

1272 2746 1370 2775 bemus
1391 2746 1482 2783 egredi
1505 2749 1533 2775 et
1554 2747 1692 2784 quomodo
1714 2747 1850 2783 possimus
1871 2755 1930 2776 esse
1944 2747 2023 2784 silicie
2038 2748 2118 2782 Sion,

433 2908 440 2920 ²
460 2909 524 2931 Vers.
546 2909 580 2931 12.
599 2915 649 2937 seq.

433 2946 441 2959 ²
460 2948 519 2969 loon.
540 2948 573 2974 19,
595 2948 628 2969 19.

433 2985 442 2997 ³
461 2987 524 3008 N'ers.
544 2987 585 3013 ‘¹43
602 2990 733 3015 sequuntur
751 2988 827 3009 Manu.
844 2988 881 3014 23,
903 2988 936 3009 1-2.
955 2990 976 3009 et
994 2988 1048 3010 Luc.
1067 2987 1104 3014 tt,
1123 2988 1130 3008 rl
1142 2987 1159 3009 l.

433 3024 442 3036 ³
460 3026 489 3047 lix
507 3026 523 3047 Α
543 3027 580 3048 fol.
599 3027 642 3048 rllG
662 3033 679 3048 r.
697 3031 717 3049 et
736 3027 752 3048 B
770 3028 808 3049 fol.
826 3028 855 3049 39
873 3034 895 3049 v.
917 3027 939 3049 ln
965 3026 1081 3055 aliquibus
1106 3026 1214 3049 convenit

1273 2914 1325 2931 cuni
1343 2914 1449 2931 sermone
1467 2909 1631 2936 praecedente;
1648 2909 1670 2930 in
1697 2908 1774 2931 multis
1796 2908 1845 2931 aliis
1871 2911 1946 2931 tamen
1973 2908 2056 2931 differt.
2073 2908 2118 2931 Cfr.

1272 2947 1340 2969 etiam
1358 2953 1435 2969 sermo
1453 2947 1481 2969 de
1504 2947 1587 2970 eodem
1609 2949 1720 2974 themate,
1740 2953 1810 2976 supra
1836 2947 1858 2969 in
1886 2947 1967 2975 Vigilia
1992 2947 2120 2970 Nativitatis

1273 2992 1327 3014 pag.
1345 2987 1383 3013 96,
1401 2993 1470 3009 serm.
1489 2988 1510 3008 8.
1973 2986 1982 2999 ⁵
2001 2987 2064 3009 Vers.
2086 2987 2119 3008 ll.

1334 3024 1343 3037 ⁰
1360 3025 1417 3048 Cod.
1434 3026 1451 3048 A
1469 3026 1538 3049 habet
1554 3025 1694 3049 munditiae.

2128 594 2197 621 Tertio.
2207 599 2234 622 ².(

2127 623 2170 636 Vina
2178 619 2238 639 institit

2137 2328 2214 2348 Divisio.

2136 2705 2182 2723 Pars
2195 2704 2208 2723 l.
