2243 3348
0 2599 7 2627 rs*
39 2609 66 2629 De
77 2610 107 2629 his
120 2610 154 2628 tri·

0 2658 6 2674 1
35 2656 63 2676 De
75 2657 153 2676 deliciis.

0 3024 8 3348 ——v-s-o--mffl

73 602 151 622 Divisio.

8 1065 20 1092 bl
33 1069 78 1089 Pars
91 1069 104 1087 1.
116 1068 148 1087 Di-

28 1092 69 1112 11ιί5
78 1094 153 1111 teri-ena

34 1116 147 1141 prosperitas

54 1139 128 1163 triplex.

7 1094 19 1230 l

6 1246 18 1278 'il
39 1255 151 1275 subdivisio.

5 1278 17 1407 kl

5 1484 6 1487 ¹
14 1483 19 1504 'l
27 1489 152 1516 Reprehensio

12 1520 15 1531 l
59 1518 126 1537 prima.

4 1488 15 1569 1

3 1572 15 1646 ξ

60 2002 153 2022 Secunda.

83 2377 153 2396 Tertia.

660 148 816 177 DOMlNlCA
838 149 866 177 Il.
891 148 971 177 POST
994 149 1235 178 PENTECOSTEN.
1257 149 1367 178 SERMO
1389 150 1428 178 lV.
1860 154 1914 182 365

173 224 322 257 bonorum,
345 224 441 253 saltem
463 228 585 254 terreant
599 225 759 254 denuntiata
774 226 907 263 supplicia
922 234 1018 263 repro-

172 270 271 299 borum
285 281 314 304 n,
330 271 402 307 quod
419 274 570 308 utrumque
585 272 612 300 in
628 272 679 301 hoc
695 272 839 309 Evangelio
854 273 1017 307 ostenditur,

172 317 282 353 quando
303 325 357 345 non
385 318 473 346 solum
506 318 616 354 requies
648 319 740 347 Lazari
772 322 1016 353 commemoratur,

172 363 218 391 sed
240 363 322 392 etiam
342 371 430 400 poena
451 364 562 400 superbi
584 364 676 392 divitis
697 364 730 393 ad
752 365 912 393 memoriam
934 365 1016 394 redu-

172 410 253 443 citur,
276 413 306 438 ut
326 410 351 438 in
368 418 424 438 uno
439 410 558 438 habeant
573 418 722 447 pauperes,
738 411 803 447 quid
819 411 973 445 imitentur,
989 412 1016 440 in

171 457 224 485 alio
244 456 358 490 divites,
380 460 411 484 ut
432 459 599 485 terreantur.
622 457 654 484 Et
675 457 713 485 sic
736 457 763 485 in
791 457 843 486 isto
873 458 1016 495 Evangelio

171 503 325 531 ostenditur
340 503 423 531 miser
438 502 532 531 exitus
543 503 635 531 divitis
650 503 742 536 huius,
754 503 801 540 qui
818 504 1016 540 temporalibus

171 549 315 583 affluebat,
338 552 365 577 et
385 548 452 577 felix
473 549 566 577 exitus
588 549 697 582 Lazari,
719 549 766 586 qui
788 549 847 578 istis
868 549 1014 586 indigebat.

171 596 326 624 Secundum
349 596 401 624 hoc
431 599 552 632 quatuor
583 598 736 632 tanguntur
761 595 787 623 in
820 596 912 624 verbis
941 596 1014 624 istis:

171 642 273 679 primo,
288 650 304 670 a
318 645 395 679 parte
411 642 495 670 huius
509 642 571 670 mali
588 641 679 670 divitis
693 642 869 678 aliorumque
884 642 1014 671 similium

171 689 339 726 temporalis
369 688 568 725 prosperitas,
604 696 667 717 cum
698 688 779 717 dicit:
813 688 887 721 Fili,
920 696 1016 716 recor-

170 736 243 764 dare
263 739 331 769 etc.;
353 735 487 769 secundo,
502 743 517 764 a
533 739 610 771 parte
632 735 723 764 Lazari
746 737 773 763 et
794 735 912 763 aliorum
934 735 1016 763 bono-

170 790 234 810 rum
263 790 416 819 pauperum
446 781 540 810 brevis
561 781 742 810 adversitas.-
764 785 788 810 et
816 782 957 810 Lazarus
976 781 1016 809 si-

170 829 276 857 militer
297 828 396 861 mata‚·
418 829 512 862 tertio,
527 837 542 857 a
557 832 635 865 parte
656 828 748 856 Lazari
771 828 870 865 suique
885 828 1015 856 similium

169 874 241 911 felix
256 875 443 904 iucunditas.-
460 875 545 904 Nuuc
561 884 626 903 cero
641 874 687 903 lu'e
702 874 887 907 cousolatur;
902 878 1015 911 quarto,

170 929 185 950 a
206 925 284 958 parte
305 922 397 950 divitis
417 926 444 950 et
465 921 583 950 aliorum
606 922 741 950 malorum
760 925 879 949 (telerna
894 921 1016 949 calami-

170 971 232 997 tas:
255 972 286 997 tu
307 977 374 997 vero
395 968 553 997 cruciaris.

248 1015 266 1043 I.
289 1015 379 1044 Primo
399 1023 414 1043 a
436 1019 514 1052 parte
535 1015 626 1044 divitis
641 1018 753 1043 notatur
769 1019 884 1043 terrena
897 1023 1016 1051 prospe-

169 1061 255 1095 ritas,
278 1070 332 1098 qua
353 1062 429 1090 dives
450 1062 500 1091 iste
521 1061 592 1090 male
615 1069 682 1090 usus
703 1065 759 1094 est;
782 1065 809 1090 et
829 1062 881 1090 hoc
902 1062 1017 1098 triplici-

169 1111 221 1142 ter,
243 1108 307 1145 quia
328 1108 439 1136 divitiis
460 1107 642 1141 abundabat,
665 1108 776 1136 deliciis
796 1107 945 1145 affluebat,
967 1107 1016 1136 lto-

169 1154 291 1183 uoribus
312 1154 503 1192 superbiebat.
526 1154 600 1183 Unde
622 1154 672 1183 iste
694 1154 794 1191 legitur
815 1154 899 1182 fuisse
921 1153 1015 1187 dives,

169 1201 269 1238 epulo,
287 1205 495 1238 pmpuratus,
518 1204 545 1229 et
566 1201 605 1229 sic
636 1201 862 1237 reprehensibilis
893 1203 952 1229 erat
979 1208 1016 1229 ex

170 1248 276 1277 tribus:
299 1256 333 1277 ex
356 1248 505 1284 cupiditate
520 1251 547 1276 et
562 1248 692 1276 avaritia:
709 1247 800 1276 Homo
815 1247 937 1285 quidam
952 1250 1016 1275 erat

170 1294 288 1328 dives¹,·
309 1302 344 1323 ex
377 1295 493 1323 elatione
524 1298 551 1323 et
581 1294 727 1331 superbia:
758 1295 810 1332 qui
836 1293 1016 1322 imluebatm·

168 1349 308 1378 purpura
329 1344 355 1369 et
375 1341 476 1379 bysso;
497 1349 534 1370 ex
562 1341 759 1370 comessatione
786 1344 813 1369 et
840 1341 969 1377 crapula:
991 1342 1017 1367 et

169 1388 345 1425 epulabatur
367 1388 492 1426 quotidie
512 1387 666 1425 splendide.

249 1435 338 1463 Primo
360 1434 574 1471 reprehenditur
602 1435 653 1463 iste
684 1434 776 1468 dives,
808 1434 873 1471 quia
904 1434 1016 1462 divitiis

170 1482 228 1511 suis
248 1482 324 1510 mide
345 1490 418 1510 usus
439 1481 516 1519 fuit;
538 1482 584 1518 qui
608 1481 680 1510 enim
703 1484 813 1509 terrena
834 1481 905 1509 male
926 1480 1017 1517 acqui-

170 1529 221 1562 rit,
244 1529 313 1558 male
335 1529 434 1557 retinet
456 1536 527 1565 quae
548 1528 643 1561 habet,
665 1528 712 1565 qui
735 1528 802 1556 vivit
826 1527 859 1556 de
881 1535 967 1556 usura
989 1530 1016 1556 et

170 1576 281 1612 rapina,
305 1576 391 1604 multa
413 1575 463 1604 sibi
485 1575 601 1603 veniunt
621 1574 786 1603 infortunia:
816 1582 919 1608 unum,
951 1573 1016 1610 quia

170 1623 320 1660 impeditur
341 1630 357 1650 a
378 1622 490 1651 servitio
511 1622 575 1655 Dei,
604 1621 668 1650 facit
696 1629 725 1650 se
756 1629 868 1649 servum
899 1620 1015 1654 dlaboli‚

169 1669 260 1698 aufert
281 1677 310 1698 se
330 1669 421 1705 ipsum
444 1668 509 1702 sibi,
531 1667 644 1704 impedit
659 1667 779 1696 debitam
794 1667 1014 1695 communionem

169 1715 308 1752 proximi,
330 1715 428 1752 infligit
450 1715 500 1743 sibi
533 1714 654 1743 laborem
686 1713 864 1747 continuum,
897 1713 1016 1742 incurrit

169 1764 313 1790 aeternum
335 1761 511 1798 supplicium.
534 1760 632 1789 Omnia
653 1760 705 1789 ista
732 1763 826 1796 patent
846 1759 874 1788 in
903 1759 955 1788 isto
975 1759 1015 1787 di-

170 1809 224 1838 vite
245 1812 272 1838 et
293 1809 319 1837 in
341 1809 407 1842 alio,
429 1808 477 1845 qui
498 1811 538 1836 tot
560 1807 678 1836 habebat
699 1807 770 1835 bona
792 1810 818 1835 et
839 1806 953 1843 putabat
968 1805 1015 1834 diu

169 1855 279 1890 vivere,
300 1858 328 1884 et
348 1855 494 1884 daemones
516 1857 671 1891 rapuerunt
691 1853 810 1882 animam
832 1853 892 1882 eius
920 1856 1015 1886 nocte,

169 1903 258 1931 Lucae
278 1902 440 1931 duodecimo
452 1902 471 1930 2.

248 1949 373 1979 Secundo
394 1948 620 1986 reprehensibilis
642 1951 702 1977 erat
723 1948 773 1976 iste
787 1947 874 1981 dives,
889 1947 954 1984 quia
969 1947 1015 1975 de-

170 1996 245 2025 liciis
266 1997 357 2025 carnis
378 1996 453 2024 male
473 1995 640 2033 fruebatur.
662 1994 737 2023 Unde
758 1994 838 2023 dicit:
864 1998 889 2022 et
916 1993 1016 2031 epula-

171 2043 258 2071 batur
279 2042 405 2081 quotidie
425 2042 580 2079 spleudide.
602 2041 701 2070 Multos
723 2040 803 2069 hodie
831 2040 914 2069 habet
941 2040 1015 2069 simi-

170 2090 218 2124 les,
240 2090 287 2127 qui
309 2089 347 2118 nil
369 2089 489 2126 cogitant
510 2088 561 2117 nisi
582 2088 616 2117 de
648 2087 752 2117 ventris
783 2087 950 2124 repletione;
982 2086 1015 2115 ad

170 2136 357 2173 Philippenses
385 2135 504 2164 terti0³:
535 2135 668 2171 Quorum
698 2135 773 2162 Deus
794 2137 889 2163 venter
910 2137 966 2168 est,
988 2134 1015 2162 in

169 2182 324 2219 praesenti,
346 2186 370 2210 et
389 2182 487 2220 9loria
509 2182 539 2210 iu
562 2180 731 2218 confusione
753 2181 903 2218 ipsorum,
925 2180 952 2209 in
975 2180 1016 2208 in-

169 2229 256 2258 ferno.
278 2229 329 2266 Qui
352 2230 424 2258 enim
446 2232 539 2258 amant
566 2229 691 2257 carnales
721 2228 832 2257 delicias
862 2228 889 2256 in
920 2227 1016 2256 futura

170 2277 227 2305 vita
247 2276 374 2305 amittent
395 2276 554 2313 spirituales
574 2279 601 2304 et
621 2278 756 2304 aeternas.

249 2323 341 2352 Tertio
363 2323 589 2360 reprehensibilis
610 2326 669 2351 erat
690 2322 717 2350 in
746 2321 922 2356 honoribus,
951 2321 1016 2358 quia

172 2369 350 2398 induebatur
370 2378 510 2407 purpura
531 2373 555 2398 et
577 2368 669 2407 bysso.
693 2369 768 2403 Ecce,
790 2368 929 2405 superbia,
945 2376 1015 2405 quae

171 2416 274 2445 multos
295 2416 375 2444 hodie
398 2416 480 2444 habet
501 2423 606 2450 servos,
627 2415 674 2452 qui
697 2423 834 2452 pauperes
855 2415 1016 2452 opprimunt

171 2465 197 2491 et
218 2462 334 2499 gloriam
357 2462 403 2491 Dei
426 2462 565 2495 furantes,
588 2462 638 2490 sibi
664 2462 828 2490 attribuunt.
862 2462 914 2489 Ista
945 2461 1016 2490 bona

170 2509 233 2537 mali
256 2509 282 2537 in
305 2509 361 2537 vita
382 2517 432 2538 sua
454 2509 591 2546 recipiunt
612 2516 661 2537 nec
683 2508 722 2537 eis
743 2508 783 2536 uti
805 2508 903 2536 sciunt.

250 2555 310 2584 [deo
331 2555 382 2584 ista
402 2556 470 2584 tria:
493 2555 626 2589 divitiae,
649 2555 777 2588 deliciae,
794 2553 929 2588 bonores,
952 2557 1016 2583 sunt

172 2602 266 2631 multis
281 2610 362 2631 causa
380 2605 508 2631 aeternae
529 2601 719 2630 damnationis.
741 2601 808 2629 Nam
829 2608 865 2629 ex
886 2601 1016 2630 fruitione

172 2649 345 2677 deliciarum
365 2649 456 2677 carnis
471 2649 541 2677 viam
559 2648 608 2676 sibi
625 2651 791 2684 praeparant
812 2647 838 2675 in
860 2647 1015 2681 infernum;

1075 227 1120 255 Iob
1133 227 1263 264 vigesimo
1278 227 1367 264 primo
1378 228 1402 256 4:
1416 228 1533 257 Ducunt
1548 229 1579 258 iu
1594 229 1674 258 bouis
1689 230 1749 258 dies
1763 239 1832 259 suos
1846 235 1870 259 et
1885 231 1916 259 iu

1071 278 1179 310 puucto
1191 273 1232 302 ad
1242 273 1362 310 inferna
1372 275 1554 304 descendunt.
1566 293 1604 297 —
1614 276 1689 310 ltem,
1702 284 1737 305 ex
1750 277 1917 306 abundantia
1934 285 1961 304 ne
1974 286 2052 306 divitiis.

1073 319 1231 348 divitiarum
1253 320 1363 348 ducum
1377 321 1444 350 alios
1459 322 1499 350 ad
1509 322 1701 359 perditionem
1716 327 1742 351 et
1756 323 1915 358 interitum,

1073 366 1138 403 quia
1160 365 1344 395 thesaurizat
1364 367 1440 396 dives
1461 368 1489 397 in
1511 371 1585 397 terra
1607 373 1632 397 et
1646 369 1773 407 iquorat,
1788 370 1916 398 61116071-

1071 412 1204 449 9reyabit
1224 421 1276 446 ea;
1298 413 1389 447 immo,
1405 414 1452 442 filii
1475 422 1571 443 eorum
1594 415 1621 443 in
1636 415 1758 444 tabernis
1772 419 1799 444 et
1814 416 1840 444 in
1857 425 1917 453 pro-

1072 459 1181 487 stibulis
1202 459 1342 488 celebrant
1369 461 1529 490 memoriam
1558 470 1609 499 pro
1640 463 1766 499 patribus
1797 463 1863 492 suis.
1887 464 1917 492 Et

1072 505 1173 539 statim,
1195 513 1257 534 cum
1280 507 1382 535 mortui
1404 510 1477 542 sunt,
1499 508 1600 537 dantur
1621 509 1760 543 oblivioni,
1781 510 1845 546 quia
1860 518 1916 538 me-

1072 551 1169 579 moria
1190 560 1291 580 eoram
1312 553 1399 589 periit
1413 561 1478 582 eum
1494 555 1591 583 sonitu
1603 555 1624 588 ⁵,
1643 564 1789 592 campanae
1804 557 1916 593 pulsan-

1073 597 1115 625 tis.
1139 614 1174 617 —
1198 598 1238 626 Ex
1260 599 1390 635 superbia
1410 600 1547 629 honorum
1568 602 1654 631 Deum
1669 605 1861 637 contemnunt,
1878 606 1916 632 te-
1933 610 1961 629 oe
1974 610 2049 629 honori-

1072 647 1113 672 ste
1135 644 1193 678 lob,
1215 645 1302 681 capite
1324 645 1455 682 vigesimo
1476 648 1581 684 primo:
1606 648 1663 684 Qui
1682 649 1820 677 dixerunt
1844 650 1915 678 Deo:

1073 691 1177 719 Recede
1198 699 1217 719 a
1238 691 1336 725 uobis,
1358 696 1382 720 et
1403 693 1551 722 scientiam
1575 695 1694 723 viarum
1723 700 1843 724 tuarum
1865 705 1916 724 ‘no-

1073 735 1179 764 lumus.
1202 737 1234 764 Et
1255 741 1285 765 ut
1306 738 1344 766 ait
1364 738 1552 775 Gregoriusss:
1580 752 1593 765 «
1607 741 1681 769 Mens
1703 742 1820 770 hominis
1839 746 1916 771 exte-

1073 782 1132 810 rius
1158 783 1227 811 male
1257 784 1382 812 ordinata
1413 785 1451 813 sic
1482 785 1515 814 ad
1544 787 1703 822 temporalia
1734 791 1775 816 est
1806 796 1915 825 sparsa,

1073 832 1104 857 ut
1125 829 1303 858 obliviscatur
1324 834 1450 865 aeterna,
1473 835 1504 860 ut
1532 832 1648 861 interius
1675 833 1707 861 ad
1739 835 1915 870 semetipsum

1073 883 1126 903 non
1149 875 1242 904 redeat
1263 884 1313 904 nec
1334 876 1367 905 de
1389 877 1453 910 Deo,
1476 878 1522 914 qui
1545 879 1637 907 omnia
1651 879 1725 907 dedit
1745 880 1782 913 ei,
1798 881 1917 917 cogitare

1073 922 1203 951 valeat».
1225 923 1324 951 Contra
1347 923 1397 952 ista
1426 924 1478 952 tria
1510 924 1611 953 dicitur
1633 926 1768 955 Michaeae
1799 927 1915 955 sexto⁷:

1073 969 1213 997 Indicabo
1235 969 1296 1003 tibi,
1318 978 1333 998 o
1355 969 1449 1004 homo,
1469 971 1540 1008 quid
1553 971 1592 999 sit
1605 971 1722 1006 bouum,
1738 977 1763 1000 et
1777 973 1847 1010 quid
1863 973 1917 1001 Do-

1073 1015 1172 1044 minus
1193 1017 1326 1054 requirat
1347 1025 1366 1045 a
1389 1021 1429 1045 te:
1452 1017 1551 1055 utique
1564 1017 1662 1055 facere
1676 1019 1818 1047 iudicium
1835 1024 1858 1047 et
1874 1020 1917 1048 [li-

1074 1062 1160 1099 liycre
1180 1062 1415 1092 misericordicmz
1437 1068 1461 1092 et
1486 1064 1640 1093 sollicitum
1670 1065 1823 1094 ambulare
1851 1074 1918 1094 cum

1075 1109 1130 1137 Deo
1153 1113 1218 1143 tuo;
1240 1110 1317 1146 quasi
1340 1110 1428 1139 dicat:
1450 1110 1553 1139 docebo
1575 1114 1600 1139 te
1623 1112 1661 1140 uti
1684 1112 1742 1141 istis
1757 1112 1835 1141 bonis
1850 1116 1917 1141 tem-

1073 1156 1230 1193 poralibuS,
1252 1156 1387 1193 faciendo
1409 1157 1557 1186 iustitiam
1578 1158 1610 1186 de
1632 1162 1658 1187 te
1679 1159 1737 1195 ipso
1752 1167 1801 1195 per
1822 1160 1917 1196 poeni-

1073 1203 1185 1232 tentiam
1208 1207 1303 1231 contra
1325 1203 1415 1232 carnis
1436 1204 1557 1238 delicias,
1572 1203 1670 1241 facere
1683 1205 1918 1234 misericordiam

1073 1258 1136 1278 cuin
1158 1250 1286 1286 proximo
1301 1253 1397 1278 contra
1412 1251 1507 1279 mundi
1524 1250 1640 1285 divitias,
1656 1255 1682 1280 et
1697 1252 1839 1280 humiliter
1855 1261 1917 1280 am-

1074 1296 1176 1324 bulare
1196 1304 1263 1324 cum
1287 1296 1341 1324 Deo
1363 1299 1412 1324 tuo
1433 1300 1530 1325 contra
1562 1297 1681 1326 honores
1709 1301 1736 1326 et
1763 1297 1916 1334 dignitates.

1073 1343 1115 1371 Sic
1136 1346 1251 1379 apparet
1271 1343 1361 1379 primo
1375 1343 1408 1371 de
1424 1344 1567 1380 temporali
1584 1345 1765 1380 prosperitate
1780 1344 1917 1373 malorum

1073 1389 1100 1417 in
1121 1397 1239 1426 persona
1261 1389 1344 1417 huius
1365 1389 1465 1418 divitis.

1153 1436 1180 1463 11.
1197 1435 1321 1464 Secundo
1336 1438 1448 1464 notatur
1460 1445 1629 1473 pauperum
1645 1437 1738 1465 breuis
1753 1438 1918 1466 calbersitas
1931 1444 2062 1486 Zizia&

1072 1483 1099 1511 in
1123 1490 1239 1519 persona
1261 1483 1346 1511 huius
1367 1483 1470 1517 Lazari,
1492 1491 1554 1511 cum
1576 1483 1657 1512 dicit:
1679 1487 1704 1511 et
1725 1484 1865 1512 Lazarus
1879 1484 1917 1512 si·
1930 1490 2062 1538 {fiffl‘xffim

1072 1529 1179 1558 militer
1200 1529 1289 1558 mala.
1311 1530 1412 1558 Contra
1433 1530 1567 1567 triplicem
1590 1530 1756 1567 praedictam
1779 1532 1917 1567 prosperi-

1072 1579 1155 1604 tatem
1188 1576 1324 1604 sustinent
1354 1576 1418 1604 boni
1451 1584 1587 1613 pauperes
1617 1576 1818 1605 adversitatem.
1850 1578 1917 1606 Nam

1073 1626 1168 1651 contra
1203 1622 1306 1651 bonum
1341 1622 1499 1651 divitiarum
1536 1623 1671 1652 sustinent
1704 1623 1916 1652 mendicitatem

1069 1669 1259 1706 paupertatis
1267 1679 1277 1702 ,·
1298 1672 1394 1697 contra
1415 1669 1525 1698 delicias
1550 1669 1640 1698 carnis
1661 1670 1797 1698 sustinent
1818 1670 1917 1698 auxie-

1074 1719 1160 1744 tatem
1182 1715 1383 1752 infirmitatis;
1404 1718 1499 1744 contra
1521 1716 1639 1745 honores
1654 1720 1680 1745 et
1695 1716 1839 1753 dignitates
1861 1724 1917 1745 sus-

1073 1762 1161 1790 tinent
1180 1761 1293 1790 malum
1314 1761 1489 1791 abiectiouis.
1514 1763 1588 1791 Unde
1610 1763 1658 1791 iste
1680 1763 1798 1792 Lazarus
1815 1763 1916 1792 dicitur

1072 1808 1157 1837 fuisse
1178 1808 1368 1841 mendicus&-
1389 1816 1465 1843 ecce,
1494 1809 1631 1846 primuni,
1654 1812 1800 1846 paupertas
1821 1812 1917 1838 contra

1072 1855 1196 1888 divitias;
1219 1855 1366 1883 ulceribus
1384 1855 1505 1892 plenus,
1528 1863 1606 1889 ecce,
1628 1855 1793 1889 secundum,
1815 1856 1917 1884 scilicet

1072 1902 1198 1931 anxietas
1219 1902 1262 1930 vel
1284 1902 1430 1930 infirmitas
1451 1905 1546 1931 contra
1567 1902 1658 1930 carnis
1678 1902 1803 1936 delicias;
1818 1902 1917 1931 iacens

1073 1948 1113 1976 ad
1135 1948 1259 1976 ‘laudam
1290 1948 1406 1982 divitis,
1438 1952 1534 1977 contra
1564 1948 1682 1977 honores
1708 1951 1735 1977 et
1762 1948 1915 1985 dignitates.

1073 1995 1125 2023 Ista
1146 1995 1199 2023 tria
1220 1995 1291 2023 mala
1313 1995 1449 2023 sustinent
1470 1995 1533 2023 boni
1557 2003 1693 2032 pauperes
1714 1995 1741 2023 in
1763 1995 1915 2032 praesenti,

1073 2041 1120 2070 sed
1141 2041 1175 2070 ad
1196 2045 1315 2078 tempus,
1337 2042 1402 2078 quia
1422 2041 1524 2070 dicitur
1546 2042 1572 2070 in
1589 2042 1709 2070 Psalmo:
1725 2042 1831 2070 Parcet
1842 2050 1916 2079 pau-

1071 2089 1136 2126 peri
1156 2092 1182 2116 et
1202 2088 1284 2125 iuopi
1304 2092 1329 2116 et
1350 2088 1469 2116 anilitas
1486 2097 1657 2125 pauperum
1678 2088 1778 2116 salvas
1798 2087 1894 2125 faciet.

1151 2135 1189 2163 111,
1213 2135 1264 2163 Hoc
1293 2138 1334 2164 est
1362 2135 1492 2169 tertium,
1513 2134 1584 2172 felix
1605 2135 1775 2163 z’uezmduas
1802 2143 1817 2163 a
1838 2138 1916 2171 parte
1929 2141 2061 2184 garrisfeiliiiiiss:

1072 2189 1242 2219 pauperum,
1265 2189 1327 2210 cum
1350 2181 1431 2210 dicit:
1454 2181 1539 2210 Nunc
1567 2190 1634 2210 vero
1662 2180 1708 2209 liic
1738 2181 1914 2210 consolatur.
1928 2188 2015 2207 auiditas
2028 2188 2061 2207 tri-

1074 2228 1177 2262 Videte,
1198 2228 1335 2265 quomodo
1356 2231 1451 2257 contra
1472 2228 1525 2256 tria
1546 2228 1616 2256 mala
1638 2229 1715 2265 prius
1735 2228 1806 2257 dicta
1833 2228 1915 2257 habe-
1928 2212 1947 2235 '³¹

1073 2275 1142 2304 bunt
1164 2275 1191 2303 in
1213 2274 1309 2303 futuro
1330 2275 1383 2303 tria
1404 2275 1484 2309 bona,
1506 2283 1559 2303 non
1581 2274 1614 2303 ad
1636 2278 1754 2311 tempus,
1769 2275 1816 2303 sed
1830 2278 1916 2303 aeter-

1073 2322 1179 2350 naliter.
1195 2322 1271 2355 Nam,
1287 2321 1351 2358 quia
1365 2320 1479 2350 fuerunt
1494 2321 1607 2356 infirmi,
1623 2321 1779 2349 curabitur
1793 2320 1916 2357 iufirmi-

1073 2372 1119 2396 tas
1139 2368 1185 2396 illa
1206 2368 1232 2396 in
1255 2368 1318 2396 sinu
1339 2368 1386 2396 Dei
1408 2368 1451 2396 vel
1472 2368 1580 2396 divinae
1600 2367 1743 2402 bonitatis;
1772 2368 1837 2405 quia
1858 2367 1916 2396 fue-

1073 2417 1140 2443 runt
1161 2415 1228 2443 viles
1249 2417 1275 2443 et
1296 2415 1410 2448 abiecti,
1432 2414 1672 2443 remunerabitur
1693 2414 1744 2442 ista
1770 2414 1869 2442 vilitas
1890 2417 1918 2443 et

1073 2461 1189 2490 abiectio
1211 2468 1247 2490 ex
1268 2461 1423 2490 reverentia
1438 2461 1551 2498 angelici
1569 2460 1709 2497 obsequii;
1725 2460 1789 2497 quia
1803 2460 1918 2489 fuerunt

1073 2515 1210 2545 pauperes
1231 2510 1258 2536 et
1279 2507 1410 2541 mendici,
1442 2507 1600 2536 elevabitur
1628 2515 1725 2536 eorum
1753 2510 1917 2544 paupertas

1073 2562 1109 2583 ex
1131 2554 1245 2583 obtentu
1267 2554 1425 2583 iudiciariae
1456 2554 1605 2591 potestatis.
1639 2554 1751 2591 Propter
1783 2554 1833 2582 ista
1864 2554 1917 2581 tria

1073 2600 1175 2629 dicitur
1196 2600 1230 2629 de
1251 2600 1303 2628 isto
1325 2600 1434 2634 Lazaro,
1457 2600 1530 2637 quod
1546 2600 1622 2629 visus
1636 2604 1676 2629 est
1691 2600 1721 2628 iu
1735 2600 1804 2628 sinu
1821 2600 1916 2628 Abra-

1074 2646 1158 2675 liae?
1181 2647 1263 2677 Ecce,
1285 2647 1362 2675 sinus
1383 2646 1490 2675 divinae
1512 2647 1654 2677 bonitatis.
1676 2646 1778 2675 scilicet
1805 2649 1916 2674 aeterna

235 2812 242 2825 ¹
260 2813 388 2841 Respicitur
406 2814 458 2835 Luc.
481 2813 517 2839 16,
537 2813 573 2835 y19.

234 2851 243 2864 ²
262 2853 327 2874 Vers.
346 2852 380 2874 16,
399 2858 464 2881 seqq.
867 2850 876 2864 ³
895 2852 960 2874 Vers.
982 2851 1016 2873 19.

236 2891 244 2905 ⁴
262 2891 327 2913 Vers.
349 2891 387 2918 t3;
405 2894 532 2919 sequuntur
550 2891 564 2912 l.
585 2890 643 2912 Tim.
662 2890 687 2916 6,
706 2890 727 2912 9.
745 2893 766 2912 et
783 2891 818 2912 Ps.
836 2891 876 2919 38,
893 2891 916 2912 7.

235 2928 243 2941 ⁵
262 2930 343 2952 psalm.
361 2930 387 2958 9,
405 2929 431 2957 7;
450 2929 552 2958 sequitur
570 2928 608 2951 lob
626 2930 663 2955 2¹,
681 2928 717 2951 ⁴4.

1136 2810 1145 2823 ³
1162 2811 1222 2833 Libr.
1242 2811 1303 2833 XXl.
1319 2811 1396 2833 Moral.
1413 2816 1432 2832 c.
1451 2810 1487 2832 46.
1505 2817 1526 2832 n.
1545 2811 1582 2832 52.

1137 2849 1145 2862 ⁷
1163 2850 1230 2872 Vers.
1247 2850 1267 2871 8.

1136 2887 1144 2900 Β
1162 2889 1216 2911 Luc.
1237 2889 1274 2915 16,
1293 2888 1334 2914 20;
1352 2888 1454 2916 sequitur
1472 2888 1507 2909 ΡΞ.
1524 2887 1561 2914 71,
1580 2887 1616 2909 13.

1136 2926 1144 2939 ⁹
1162 2928 1214 2949 Luc.
1234 2927 1274 2954 rifi,
1292 2928 1328 2949 22.
1346 2933 1410 2955 seqq.
