2243 3348
28 299 30 321 l

27 384 29 408 l

29 574 112 594 indivisio.

23 485 28 534 i

23 536 28 594 l

21 1141 56 1156 *eus
68 1136 109 1155 dili·

21 1159 75 1180 indus
87 1165 108 1179 ex

22 1186 40 1203 tn
52 1183 113 1203 corde.

21 1845 74 1868 mne:
83 1842 121 1860 tota

16 1877 17 1881 1
23 1869 90 1883 amma-

2 2596 47 2618 em,
56 2596 77 2611 ex
86 2593 124 2611 tuta

2 2620 3 2633 l
26 2617 93 2634 mente.

2 2648 3 2656 l

1 2720 2 2739 l

0 2756 2 2770 l

601 163 756 192 DOMtNtCA
779 163 854 192 xvii.
878 163 959 192 POST
981 163 1223 192 PENTECOSTEN.
1245 164 1355 192 SERMO
1377 165 1404 192 ll.

131 249 196 269 vero
218 249 385 278 coynoscere
404 241 439 270 sit
460 241 669 278 intelligentiae,
692 240 796 270 habere
817 242 974 275 voluntatis,

131 292 222 316 tenere
244 288 406 322 memoriae;
429 288 489 316 ideo
514 288 669 317 necessario
697 288 730 317 ad
754 288 839 317 Deum
862 288 975 325 diligen-

129 334 195 362 dum
217 337 295 362 actus
320 334 436 363 istarum
465 334 549 363 trium
580 335 764 371 potentiarum
786 335 887 363 dehent
912 343 975 364 con-

130 388 260 415 currere,
282 389 353 418 quae
368 381 478 410 nomine
492 381 607 415 cordis,
629 382 747 410 animae
764 384 791 410 et
811 382 915 410 mentis
929 382 975 411 de-

131 428 291 465 signantur;
314 428 443 465 quoniam
472 428 651 465 intelligentia
680 436 729 465 per
758 437 819 462 cor,
849 429 975 457 voluntas

131 482 179 511 per
201 475 335 502 animam
349 478 376 502 et
393 474 525 503 memoria
546 482 595 511 per
615 478 736 502 mentem
755 474 906 503 secundum
923 475 975 502 Au-

130 521 271 558 gustinum
287 521 313 548 in
330 521 382 549 hoc
398 521 456 549 loco
470 521 613 556 accipitur.
636 521 667 549 Et
689 521 727 549 sic
744 521 832 557 primo
846 524 887 549 est
902 521 975 549 Deus

130 567 284 604 diligendus
304 566 436 603 fideliter,
458 575 492 595 ne
508 567 686 604 intelligentia
708 567 856 596 seducatur
871 567 976 595 erroris

129 615 261 648 falsitate3
283 613 417 646 secundo,
439 613 601 647 sinceriter,
630 621 664 642 ne
687 614 813 641 voluntas
838 613 975 641 alliciatur

130 661 220 691 carnis
249 661 403 697 voluptate;
426 660 523 693 tertio,
552 659 755 693 indesinenter,
784 668 817 688 ne
843 659 977 688 memoria

130 708 273 745 frangatur
288 707 380 744 operis
400 706 632 735 discontinuitate.
650 706 680 734 Et
701 706 752 734 ista
773 706 870 734 divisio
892 706 976 734 tradi-

130 758 177 784 tur
198 763 213 783 a
234 754 313 783 heato
334 753 486 791 Augustino
501 754 520 787 ¹,
549 753 596 790 qui
620 753 694 781 hunc
716 753 806 781 locum
833 753 869 781 ita
890 761 976 789 expo—

130 802 185 830 nit:
212 813 224 826 «
242 802 285 829 Ex
308 805 362 829 toto
384 800 486 833 eorde,
508 800 534 828 id
556 803 597 829 est
619 800 757 828 intellectu
784 800 843 828 sine
864 807 975 833 errore;

130 857 164 877 ex
186 852 245 876 tota
266 847 385 881 anima,
408 847 434 876 id
449 851 490 876 est
509 847 650 875 voluntate
671 847 729 875 sine
744 845 974 879 contradictione;

130 898 155 923 et
175 903 210 923 ex
231 898 289 923 tota
310 898 414 927 mente,
438 893 462 922 id
485 897 526 922 est
552 893 686 922 memoria
716 893 774 921 sine
795 892 974 921 oblivione».

131 942 162 970 Et
176 942 214 970 sic
229 941 321 970 divina
335 941 443 970 dilectio
458 944 499 969 est
520 940 701 969 illuminativa
715 940 838 968 omnium
862 939 975 968 creden-

130 989 245 1023 dorum3
261 988 444 1025 aspernativa,
459 987 610 1016 carnalium
627 987 855 1020 delectation11n13
871 989 898 1015 et
912 994 977 1014 con—

131 1036 280 1070 tinuativa,
302 1035 437 1064 bonarum
459 1034 659 1071 operationum.
737 1065 740 1066 ⁷

210 1083 300 1111 Primo
327 1082 429 1119 diliges
453 1082 611 1110 Dominum
635 1081 724 1109 Deum
753 1085 836 1109 tuum
858 1089 892 1108 ezr
921 1083 976 1108 toto

131 1131 216 1159 corde
238 1134 301 1163 tuo,
324 1129 349 1158 id
365 1132 406 1158 est
421 1137 484 1158 cum
500 1128 644 1157 soliditate
665 1128 734 1164 fidei
748 1129 773 1156 in
796 1127 976 1161 intellectiva,

131 1185 165 1206 ne
186 1177 327 1206 seducaris
348 1184 363 1204 a
385 1176 513 1209 fallaciis;
536 1175 609 1204 unde
632 1175 835 1204 Deuteronomii
859 1175 976 1203 sexto2:

131 1224 227 1258 Aucti,
246 1223 350 1257 lsrael,
368 1222 510 1251 Dominus
527 1222 602 1250 Deus
623 1226 719 1250 noster
736 1222 878 1250 Dominus
900 1230 978 1249 unus

131 1274 179 1300 est.
204 1270 311 1307 Diliyes
328 1270 484 1298 Dominum
501 1269 591 1297 Deum
607 1272 690 1297 tuum
706 1277 740 1297 esc
755 1272 810 1297 toto
831 1268 924 1297 corde.
939 1284 977 1288 —

132 1318 222 1351 Audi,
238 1316 341 1350 Israel,
357 1316 473 1345 fideliter
489 1316 624 1345 credendo
639 1316 730 1350 corde,
747 1319 777 1344 ut
791 1315 867 1344 nulla
888 1315 979 1352 aequi-

132 1372 212 1402 pares
231 1364 352 1401 disparia
374 1364 435 1392 ficte
457 1363 645 1400 imaginando,
667 1363 734 1391 alios
755 1363 820 1392 deos
841 1370 908 1391 esse.
930 1362 978 1390 Di-

133 1412 201 1449 liyes
218 1411 373 1440 Dominum
392 1411 481 1439 Deum
497 1415 580 1438 tuum
595 1419 629 1438 esc
645 1414 700 1438 toto
715 1410 814 1443 corde,
830 1409 978 1438 efficaciter

132 1457 335 1495 comprobando
356 1465 455 1494 opere,
477 1460 508 1485 ut
530 1457 606 1485 nulla
626 1456 755 1485 admittas
776 1456 931 1490 contraria,
946 1464 978 1485 eo

132 1504 204 1542 quod
226 1504 293 1533 nihil
315 1504 389 1533 aliud
403 1503 484 1533 debet
504 1511 551 1540 per
566 1503 694 1532 affectum
711 1511 758 1532 cor
773 1504 885 1540 alligare
899 1511 979 1540 prae-

133 1555 174 1581 ter
195 1559 258 1580 cum
281 1551 324 1580 cui
347 1554 435 1580 totum
461 1559 508 1579 cor
530 1551 647 1580 debetur
669 1551 696 1579 in
722 1550 874 1579 dilectione.
904 1550 979 1579 Unde

132 1606 194 1627 cum
210 1597 313 1635 aliquid
329 1605 454 1626 amamus
475 1605 561 1634 supra
579 1598 679 1631 Deum,
695 1598 738 1626 vel
753 1600 863 1634 praeter
879 1597 978 1631 Deum,

132 1653 307 1682 nequaquam
329 1654 363 1673 ca·
386 1648 440 1673 toto
462 1644 547 1673 corde
565 1644 717 1681 cliliyimus
738 1653 812 1672 eum..
827 1645 893 1673 Nam
909 1644 981 1673 sicut

132 1691 288 1720 intellectus
308 1696 384 1720 errat
412 1691 439 1720 in
468 1691 672 1728 cognoscendo,
701 1691 738 1720 ita
763 1694 789 1720 et
810 1691 924 1720 affectus
953 1691 980 1719 in

132 1738 276 1775 diligendo.

211 1786 338 1815 Secundo
359 1785 461 1823 ctiliycs
477 1785 632 1814 Dominum
652 1786 740 1814 Deum
764 1789 846 1814 tuum
868 1795 902 1814 ex
922 1790 980 1815 tota

133 1833 237 1862 anima
259 1837 327 1867 tua,
349 1833 376 1862 id
397 1836 438 1862 est
466 1841 528 1862 cum
551 1833 719 1862 sinceritate
747 1833 843 1862 animi
867 1833 893 1862 in
916 1834 980 1862 alse-

134 1881 221 1915 ctiva‚
251 1889 284 1910 ne
313 1880 442 1909 alliciaris
469 1889 485 1909 a
517 1880 669 1915 blanditiis3
699 1881 772 1910 unde
803 1881 979 1910 Canticorum

134 1928 273 1965 quintoss:
303 1928 414 1956 Anima
441 1936 506 1956 mea
535 1927 693 1966 liquefacta
721 1933 777 1963 est,
806 1932 839 1957 ut
860 1928 980 1957 dilectus

133 1983 215 2003 meus
236 1975 349 2004 locutus
370 1979 410 2004 est
436 1975 514 2004 mihi.
535 1992 572 1995 —
591 1976 668 2004 Tunc
690 1976 793 2004 anima
816 1976 946 2014 liquescit
965 1984 981 2004 a

135 2022 181 2051 Dei
204 2022 350 2051 mulcentis
372 2022 503 2051 melliflua
536 2022 687 2056 locutione,
709 2023 781 2052 sicut
802 2031 884 2056 cera,
906 2031 981 2061 quae

133 2069 199 2106 fluit
220 2078 240 2097 a
261 2068 338 2106 facie
359 2069 453 2107 ionis,
476 2077 538 2098 cuin
561 2070 591 2098 in
613 2070 673 2098 eius
694 2070 878 2098 meditatione
898 2078 982 2098 escar-

135 2117 222 2146 (lescit
237 2117 303 2154 iyne
317 2117 400 2145 divini
416 2117 527 2151 amoris,
549 2121 576 2146 et
591 2120 657 2146 tunc
673 2117 822 2146 resolvitur
838 2118 864 2146 in
880 2125 980 2154 aquam

134 2164 286 2193 devotionis
307 2164 340 2192 ad
362 2164 568 2201 inspirationem
598 2167 625 2193 et
646 2164 842 2193 immissionem
864 2164 982 2193 alicuius

135 2211 202 2240 radii
219 2211 370 2248 spiritualis
381 2227 420 2230 —
433 2211 507 2240 velut
522 2212 630 2248 glacies,
646 2219 717 2248 quae
732 2212 881 2240 resolvitur
892 2212 926 2240 ad
938 2220 982 2240 ar-

135 2258 228 2287 dorem
252 2258 321 2296 ignis
338 2259 488 2287 materialis
504 2275 540 2279 —
556 2258 666 2295 quando
681 2262 722 2287 est
738 2259 763 2287 in
779 2258 981 2287 ferventissimo

135 2304 269 2334 desiderio
291 2308 317 2334 et
338 2313 432 2334 amore
454 2306 519 2334 solis
540 2305 708 2342 spiritualis,
738 2309 768 2334 ut
797 2306 917 2334 totaliter
939 2313 982 2334 re-

136 2352 243 2389 colligat
258 2360 286 2381 se
307 2352 339 2381 ad
356 2352 488 2381 interiora
509 2361 559 2382 nec
580 2353 615 2382 sit
629 2353 753 2390 dispersa
774 2353 807 2381 ad
829 2353 982 2387 exteriora,

136 2407 169 2428 ne
191 2399 383 2436 interponatur
405 2400 497 2437 aliqua
525 2400 613 2429 nubes
634 2408 737 2437 aquosa
765 2400 882 2429 carnalis
906 2400 983 2437 frigi-

136 2446 243 2480 ditatis,
266 2446 312 2475 sed
340 2446 496 2475 immediate
519 2447 633 2483 recipiat
654 2447 851 2476 immissionem
877 2447 982 2475 divino-

136 2500 198 2521 rum
221 2492 362 2521 radiorum
384 2496 472 2521 totum
494 2501 541 2522 cor
563 2493 803 2522 inflammantium.

215 2540 307 2569 Tertio
328 2540 430 2577 cliliyes
453 2541 608 2569 Dominum
633 2541 722 2569 Deum
753 2544 835 2569 tuum
864 2550 897 2569 ex
924 2545 983 2569 tota

137 2590 227 2615 mente
248 2591 317 2621 tua,
340 2587 365 2616 id
388 2590 429 2616 est
443 2595 506 2616 cum
521 2587 674 2617 sedulitate
687 2588 781 2616 studii
801 2588 826 2616 in
849 2588 982 2622 affectiva,

137 2642 171 2663 ne
193 2634 328 2671 frangaris
347 2634 381 2663 ab
403 2634 557 2671 obsequiis3
580 2635 653 2663 unde
675 2635 879 2663 Deuteronomii
901 2635 982 2672 quin-

202 2772 206 2785 ¹
226 2772 299 2794 Serm.
321 2772 370 2794 108.
388 2772 408 2794 in
427 2772 556 2800 appendice
570 2773 632 2798 (alias
645 2773 681 2795 53.
694 2773 723 2795 de
734 2774 873 2803 Tempore);
891 2774 920 2796 de
933 2774 981 2802 Spi-

137 2810 180 2832 ritu
198 2814 220 2832 et
236 2811 311 2833 anima
330 2811 397 2840 (inter
414 2818 484 2839 opera
503 2812 618 2841 August),
630 2819 649 2834 r.
663 2812 699 2834 35.
717 2812 763 2835 Cfr.
779 2813 847 2835 etiam
866 2814 981 2835 innocent.

138 2849 170 2875 lll,
187 2856 254 2872 serm.
274 2850 295 2872 5.
313 2850 333 2872 in
352 2850 475 2873 Communi
493 2850 521 2873 de
539 2857 584 2873 uno
602 2851 707 2878 tliaiiyre,
718 2854 740 2873 et
757 2852 850 2879 Bonan,
861 2855 917 2874 tom.
931 2852 982 2874 Vlll.

139 2894 192 2916 pag.
213 2888 262 2916 ¹25,
280 2892 333 2911 nota
353 2889 374 2911 l.

200 2927 209 2939 ³
227 2928 292 2950 Vers.
311 2929 336 2955 6;
354 2932 484 2957 sequuntur
501 2929 536 2951 ps.
554 2930 591 2957 67,
610 2930 630 2951 3.
647 2933 669 2951 et
686 2930 722 2956 38,
742 2930 762 2951 4.

200 2965 209 2977 ¹
229 2966 291 2988 Vcrs.
310 2967 351 2994 294
369 2971 498 2995 sequuntur
516 2968 581 2990 Prov.
604 2968 637 2994 17,
658 2969 692 2990 Π.
709 2971 731 2990 et
749 2968 812 2991 Cant.
831 2970 852 2997 8,
871 2970 892 2991 6.

783 2889 792 2902 2
811 2891 876 2912 Vei-s.
895 2891 914 2913 4.
932 2897 981 2919 seq.

1820 166 1872 194 421

1033 245 1060 270 to
1074 243 1085 258 4
1107 242 1171 270 dicit
1188 242 1334 271 Dominus:
1352 243 1424 278 Quis
1438 243 1496 277 det,
1516 243 1600 271 [alem.
1614 252 1661 271 cos
1676 242 1779 271 habere
1799 253 1877 272 men-

1033 292 1097 322 tem,
1119 292 1150 317 ut
1169 288 1287 317 timeant
1302 297 1346 317 me
1360 292 1384 317 et
1399 290 1565 318 custodiant
1579 289 1719 318 iniicersa
1734 291 1877 319 mandata

1032 344 1097 363 mea
1118 336 1149 364 in
1170 336 1251 364 omni
1271 336 1416 373 tempore?
1440 353 1474 356 —
1498 337 1577 370 Ecce,
1606 337 1739 365 Dominus
1760 337 1877 365 ostendit

1032 382 1160 410 affectum
1184 390 1249 411 suae
1270 383 1414 416 honitatis,
1437 391 1499 411 cum
1521 386 1597 419 optat
1611 383 1637 411 in
1660 384 1753 417 nohis,
1775 387 1806 412 ut
1829 391 1877 420 per

1033 428 1092 457 eius
1114 429 1241 457 timorem
1263 429 1352 458 filialis
1378 430 1548 459 reverentiae
1577 430 1705 459 continue
1730 434 1757 459 et
1778 430 1876 459 indesi-

1033 477 1130 503 nenter
1151 478 1178 503 et
1199 475 1257 504 sine
1271 475 1452 504 diminutione
1467 476 1664 513 adimpleamus
1686 477 1744 505 eius
1766 484 1876 513 praeee-

1034 524 1095 557 pta,
1117 525 1147 550 ut
1175 522 1323 558 impleatur
1345 522 1372 550 in
1393 523 1472 551 nobis
1500 523 1565 552 illud
1590 523 1800 552 Proverbiorum
1831 524 1876 552 de-

1033 568 1105 596 cimo
1133 569 1264 605 septimo:
1296 569 1383 597 Omni
1410 574 1534 606 tempore
1562 570 1657 608 cliliyit
1684 571 1735 608 qui
1762 571 1876 599 clinicus

1033 619 1089 647 est,
1112 615 1175 651 quia
1197 615 1288 643 divina
1316 616 1425 645 dilectio
1457 617 1561 645 ratione
1583 617 1770 646 continuitatis
1797 618 1878 646 dehet

1033 668 1093 689 esse
1114 661 1147 689 ad
1172 662 1283 690 modum
1309 663 1405 691 mortis
1426 667 1453 692 et
1474 663 1583 697 inferni,
1605 664 1670 700 quia
1691 664 1765 701 quod
1793 665 1876 693 semel

1034 707 1068 735 ab
1089 708 1127 736 eis
1148 709 1269 744 capitur,
1292 717 1433 746 nunquam
1463 710 1626 743 dimittitur;
1654 711 1726 739 unde
1754 711 1779 739 in
1809 711 1877 739 Can-

1034 753 1108 782 ticis:
1131 755 1229 783 Fortis
1250 759 1291 783 est
1311 759 1343 783 ut
1363 764 1444 784 mors
1465 756 1591 790 dilectio,
1620 757 1700 785 (lura
1726 758 1801 785 sicut
1833 758 1877 786 in—

1033 799 1138 836 fernus
1159 801 1325 830 aemulatio.
1349 803 1483 839 Rogemus
1504 811 1570 839 ergo
1591 806 1641 832 etc.

1375 896 1466 924 Sessio
1489 896 1507 923 ll
1519 896 1538 923 ⁵.

1114 987 1235 1016 Solliciti
1254 997 1374 1016 servare
1396 989 1534 1017 unitatem
1558 990 1688 1027 Spiritus
1709 990 1737 1019 in
1765 991 1878 1019 vinculo

1032 1035 1133 1071 pacis,
1156 1035 1188 1063 ad
1212 1035 1341 1071 Ephesios
1363 1040 1462 1072 quarto
1473 1037 1492 1064 ⁶.

1115 1081 1141 1109 ln
1164 1081 1256 1110 verbis
1277 1081 1320 1110 his
1342 1082 1394 1110 tria
1412 1082 1476 1111 facit
1490 1083 1648 1119 Apostolus3
1665 1084 1792 1112 hortatur
1807 1085 1879 1113 enim

1035 1128 1126 1165 primo
1147 1128 1179 1157 ad
1198 1129 1384 1165 procinctum
1406 1129 1515 1158 debitae
1536 1131 1722 1167 operationis,
1744 1131 1796 1159 ibi:
1820 1132 1879 1160 Sol-

1036 1175 1123 1207 liciti:
1144 1176 1274 1210 secundo,
1296 1176 1329 1204 ad
1350 1176 1447 1204 zelum
1469 1175 1622 1213 fraternae
1642 1178 1811 1212 dilectionis,
1826 1178 1878 1207 ibi:

1035 1231 1155 1250 servare
1175 1223 1317 1251 unitatem
1340 1223 1488 1259 Spiritus;
1510 1224 1600 1257 tertio,
1622 1225 1655 1253 ad
1676 1233 1783 1253 nexum
1798 1234 1879 1253 cvan-

1034 1269 1142 1306 9elicae
1162 1268 1441 1306 confoederationis,
1464 1270 1516 1298 ihi:
1539 1271 1570 1298 in
1592 1271 1705 1300 vinculo
1725 1272 1816 1308 pacis.

1116 1316 1132 1344 I.
1155 1316 1233 1345 Circa
1254 1317 1374 1353 primum
1398 1320 1470 1351 nota,
1492 1318 1566 1354 quod
1580 1318 1736 1347 sollicitari
1748 1319 1880 1348 dehemus

1036 1364 1110 1392 circa
1131 1364 1193 1398 tria,
1215 1364 1317 1393 scilicet
1340 1364 1413 1392 circa
1434 1364 1517 1392 divini
1540 1365 1635 1393 cultus
1655 1366 1881 1402 promotionem,-

1037 1412 1114 1440 Iosue
1136 1411 1266 1448 vigesimo
1285 1412 1366 1440 tertio
1378 1412 1404 1439 ⁷:
1423 1412 1514 1440 Estote
1528 1412 1652 1446 solliciti,
1668 1417 1699 1441 ut
1713 1413 1882 1442 custodiatis

1037 1462 1160 1492 cancta,
1182 1467 1256 1496 qaae
1269 1458 1382 1496 scripta
1397 1462 1465 1486 sunt
1480 1459 1510 1487 in
1526 1459 1669 1488 volamine
1684 1460 1765 1497 Le9is
1780 1460 1880 1498 Moysi.

1037 1522 1075 1525 —
1111 1505 1209 1533 interni
1245 1509 1342 1533 status
1376 1506 1641 1539 conservationem;
1677 1506 1880 1535 Deuteronomii

1037 1555 1149 1589 quarto:
1164 1552 1284 1580 Custodi
1294 1553 1473 1590 temetipsum
1484 1556 1508 1581 et
1519 1553 1649 1582 animam
1664 1558 1746 1582 tuam
1756 1554 1880 1583 sollicite.

1037 1616 1075 1619 —
1097 1599 1193 1628 Afflicti
1212 1599 1346 1636 proximi
1370 1599 1610 1633 consolationem,·
1628 1600 1763 1629 secundae
1784 1601 1816 1629 ad
1838 1601 1882 1629 Ti-

1039 1646 1180 1675 motheum
1204 1647 1306 1683 primo:
1326 1647 1376 1675 Det
1396 1647 1630 1675 misericordiam
1645 1647 1788 1676 Dominus
1812 1648 1881 1676 One-

1037 1692 1152 1730 siplzom'
1171 1694 1273 1722 domui
1287 1697 1337 1723 etc.
1355 1694 1478 1723 Sollicite
1496 1703 1540 1723 me
1560 1695 1701 1732 quaesivit
1719 1699 1744 1723 et
1764 1695 1880 1724 invenit.

1118 1741 1145 1769 ll.
1167 1741 1246 1770 Circa
1267 1741 1419 1770 secundum
1442 1745 1514 1775 nota,
1531 1742 1604 1778 quod
1618 1742 1751 1771 debemus
1764 1751 1882 1771 serrare

1039 1788 1170 1825 Spiritus
1191 1789 1332 1817 unitatem
1355 1788 1388 1817 ad
1413 1789 1566 1817 Dominum
1596 1789 1751 1826 dupliciter,
1780 1789 1882 1818 scilicet

1038 1843 1087 1872 per
1108 1836 1242 1864 studium
1263 1835 1488 1864 assimilationis
1510 1836 1536 1864 in
1558 1836 1705 1865 voluntatis
1730 1836 1882 1865 conforma-

1038 1883 1126 1917 tione;
1155 1883 1262 1920 primae
1290 1883 1324 1911 ad
1348 1883 1505 1912 Corinthios
1527 1883 1644 1912 sextoss:
1668 1884 1725 1919 ,Qui
1745 1883 1882 1912 adhaeret

1041 1930 1162 1958 Domino
1186 1938 1263 1958 anus
1282 1930 1408 1967 spiritus
1427 1934 1475 1959 est.
1498 1948 1536 1951 —
1559 1931 1607 1959 Per
1629 1930 1791 1967 amplexum
1815 1939 1882 1959 cru—

1038 1977 1127 2005 eisin
1151 1977 1317 2006 terribilium
1345 1978 1536 2014 aggressione3
1565 1977 1739 2006 Canticorum
1767 1981 1881 2014 quarto:

1044 2024 1211 2052 Vulnerasti
1230 2032 1280 2052 cor
1302 2033 1412 2058 meam,
1434 2033 1520 2053 soror
1542 2033 1619 2058 mea,
1640 2033 1748 2061 sponsa
1756 2035 1766 2057 ,·
1786 2024 1883 2053 milne-

1039 2071 1116 2099 rasti
1136 2079 1187 2099 cor
1207 2080 1304 2100 meum
1325 2072 1356 2100 in
1386 2080 1444 2100 uno
1476 2072 1628 2100 oculorum
1660 2076 1779 2100 tuorum
1806 2076 1831 2100 et
1852 2071 1883 2099 in

1038 2126 1097 2146 uno
1118 2118 1199 2146 crine
1220 2118 1285 2147 colli
1305 2119 1356 2147 tui.

1118 2165 1155 2194 Ad
1173 2165 1345 2202 prox-imum
1367 2165 1523 2202 dupliciter,
1545 2166 1647 2195 scilicet
1662 2174 1711 2202 per
1727 2165 1883 2194 benevolen-

1039 2212 1111 2240 tiam
1133 2212 1299 2246 affectionis3
1322 2214 1438 2241 Aetuun]
1461 2216 1561 2250 quarto
1573 2213 1599 2241 ⁹:
1615 2213 1809 2241 Multitudinis
1823 2221 1883 2241 cre-

1039 2259 1167 2287 dentium
1188 2263 1253 2288 erat-
1273 2268 1323 2288 cor
1345 2268 1436 2288 unum
1457 2264 1483 2289 et
1496 2260 1600 2289 anima
1615 2268 1684 2288 iiiut.
1701 2276 1738 2280 ——
1753 2260 1802 2288 Per
1816 2259 1882 2287 snb-

1039 2306 1196 2334 ventionem
1218 2307 1325 2343 operis3
1348 2307 1454 2343 primae
1475 2307 1509 2336 ad
1530 2307 1685 2336 Corinthios
1706 2307 1881 2336 duodecimo:

1040 2353 1073 2382 Si
1093 2353 1165 2391 quid
1183 2354 1300 2390 patam-
1327 2362 1421 2383 unum
1453 2354 1632 2388 membrum,
1664 2354 1882 2391 compatiuntur

1039 2400 1139 2428 omnia
1160 2400 1300 2429 mem-bra.

1119 2447 1155 2476 Ad
1177 2448 1312 2476 animum
1330 2449 1488 2485 proprium
1512 2448 1673 2485 dupliciter:
1695 2456 1744 2485 per
1765 2448 1883 2485 integri-

1040 2498 1124 2523 tatem
1140 2495 1255 2528 menhs3
1277 2495 1452 2524 Canticorum
1468 2499 1547 2524 sexto
1561 2496 1598 2523 ¹⁰:
1620 2495 1682 2523 Una
1697 2499 1737 2523 est
1751 2495 1884 2523 columba

1039 2550 1104 2570 mea
1135 2545 1185 2570 etc.
1207 2559 1246 2562 —
1268 2542 1317 2571 Per
1348 2543 1568 2580 captivationem
1602 2543 1707 2576 carnis;
1739 2542 1883 2571 Nehemiae

1040 2592 1154 2626 quarto:
1182 2589 1246 2617 Una
1267 2598 1358 2617 manu
1381 2598 1436 2618 sua
1459 2589 1586 2627 faciebat
1607 2598 1680 2626 opus
1700 2593 1724 2617 et
1739 2589 1830 2618 altera
1847 2593 1882 2617 tc-

1040 2635 1125 2664 nebat
1143 2635 1287 2673 gladium.

1101 2773 1110 2786 ⁶
1128 2775 1158 2796 Ex
1175 2775 1192 2796 Α
1211 2775 1248 2797 sol.
1270 2775 1311 2797 145
1329 2781 1352 2797 v.
1369 2778 1391 2796 et
1408 2775 1425 2796 B
1442 2775 1478 2797 sol.
1497 2775 1534 2796 67.

1101 2812 1110 2825 ὓ
1130 2814 1193 2835 Vers.
1211 2814 1237 2841 3,
1255 2819 1281 2835 ex
1299 2813 1395 2841 Epistola
1414 2814 1482 2836 huius
1500 2813 1639 2835 Dominicae.

1102 2851 1110 2864 ⁷
1130 2852 1194 2874 Vers.
1212 2853 1237 2880 G;
1256 2856 1384 2881 sequuntur
1403 2853 1466 2875 Dent.
1487 2852 1510 2879 st,
1529 2852 1551 2874 9.
1569 2856 1589 2874 et
1607 2853 1630 2874 ΙΙ,
1648 2852 1708 2873 'l'im.
1730 2852 1746 2879 l,
1768 2852 1801 2873 l6.
1819 2857 1868 2879 seq.

1101 2890 1110 2903 ³
1130 2892 1193 2914 Vers.
1213 2892 1251 2919 '¹73
1271 2892 1374 2921 sequitur
1391 2891 1456 2914 Cant.
1474 2892 1499 2918 4,
1517 2892 1539 2913 9.

1101 2929 1110 2942 ⁰
1129 2931 1192 2953 Vers,
1212 2932 1252 2959 323
1271 2932 1376 2960 sequitur
1394 2933 1407 2953 l.
1425 2931 1476 2953 Cor.
1498 2931 1536 2957 152,
1554 2931 1590 2952 26.

1103 2969 1122 2981 ¹⁰
1139 2970 1205 2992 Vers.
1224 2971 1248 2997 ὃς
1266 2970 1369 2999 sequitur
1387 2971 1409 2992 ll.
1426 2970 1490 2992 Esdr.
1509 2969 1529 2995 4,
1549 2969 1583 2990 =l7,

1898 1137 1973 1156 Divisio.

1899 1324 1946 1343 Pars
1959 1325 1972 1343 Ι.
1985 1325 2026 1343 Sol-

1892 1348 1960 1366 licitari
1968 1348 2025 1367 dobe-

1910 1376 1950 1390 mus
1963 1372 2012 1390 circa

1938 1395 1980 1413 tria.

1896 1747 1941 1766 Pars
1954 1747 1974 1765 11.
1984 1746 2026 1766 Ser·

1895 1771 1955 1789 vauda
1965 1770 2027 1789 unitas

1899 1794 1948 1813 circa
1962 1794 2021 1812 Deum

1907 1817 2014 1842 dupliciter.

1900 2171 1955 2198 Item,
1966 2170 2015 2189 circa

1903 2199 2014 2218 proximum.

1901 2453 1953 2479 lteiu.
1966 2452 2016 2471 circa

1909 2481 1928 2495 so
1941 2481 2009 2500 ipsum.
