2243 3348
667 178 699 206 ΙΝ
720 177 988 206 RESURRECTIONE
1009 177 1134 206 DOMlNl.
1157 178 1266 206 SERMO
1288 179 1305 206 1.

118 259 184 295 quia
206 258 299 291 homo,
321 256 455 285 Dominus
476 256 551 284 lesus
571 255 698 284 Christus
712 254 763 283 fuit
784 254 961 291 primogeni-

118 309 165 333 tus
184 306 370 333 mortuorum
383 304 402 336 ¹,
418 302 480 340 qui,
495 302 602 331 devicto
625 301 721 330 mortis
736 301 867 337 imperio,
883 308 961 329 coro-

117 355 199 380 natus
219 353 260 379 est
280 350 432 378 diademate
453 356 539 377 novae
559 347 784 384 incorruptionis.
807 348 874 384 Quis
888 348 959 376 enim

117 398 212 427 debuit
233 397 310 434 prior
331 397 441 425 vincere
471 395 634 424 moestitiam
665 394 833 423 inveteratae
865 395 961 423 mortis

65 455 73 460 -
118 448 144 473 et
166 445 296 473 inchoare
319 443 448 471 laetitiam
470 445 581 470 nostrae
609 441 817 478 perpetuitatis,
839 441 889 470 nisi
913 442 959 478 qui

0 1374 53 1413 l'fplex
62 1381 104 1408 finis

1 1407 101 1432 rui-recun-

2 1436 6 1467 ’ἢ
23 1433 59 1447 uls.

10 2082 101 2101 nandum.

5 2591 7 2604 l

1 2606 8 2641 i
24 2620 99 2644 privile-

0 2644 13 2678 ψ
18 2644 106 2663 secundo.

117 491 235 521 habebat
257 491 360 519 clavem
390 489 528 518 reserandi
556 488 662 517 aditum
688 488 880 517 aeternitatis?
903 489 960 525 lpse

117 537 205 571 enim,
232 539 362 573 tanquam
384 535 575 563 auctoritatem
602 534 720 568 habens,
743 534 832 570 potuit
853 534 961 570 Angelis

117 584 291 621 praecipere:
314 582 439 611 Attollite
457 584 578 618 portas,
599 581 764 618 principes,
785 584 913 614 vestras,
936 584 960 609 et

116 630 284 663 elevamini,
306 633 408 666 portae
429 625 596 656 aeternales.
629 628 694 656 Nam
717 635 765 664 per
788 635 881 656 meum
902 635 962 656 san-

116 677 227 714 guinem
249 676 320 705 sacta
340 678 382 704 est
403 675 540 712 reparatio
566 674 727 703 concordiae
749 674 913 703 universalis
934 678 961 703 et

117 723 252 752 relaxatio
273 722 407 750 vindictae
428 721 570 749 iudicialis.
593 721 670 749 Nunc
692 728 773 757 ergo,
795 723 886 748 amoto
907 721 961 757 gla-

116 770 161 798 dio
181 770 308 798 flammeo
320 769 330 785 2
352 769 385 797 de
407 772 485 805 porta
506 767 634 804 paradisi,
651 767 724 801 volo,
740 771 771 795 ut
787 767 833 795 fiat
855 775 962 796 resera-

117 817 155 845 tio
180 816 278 844 ianuae
299 815 438 849 caelestis,
460 815 526 851 quia
546 822 611 851 ego,
637 814 778 842 Dominus
798 814 960 848 virtutum,

117 871 166 900 per
189 863 332 899 proprium
354 861 531 898 sanguinem,
553 861 663 889 devicto
683 860 806 894 diaholo,
828 860 961 897 acquisivi

117 917 233 946 regnum
254 909 378 937 caeleste.
403 908 433 936 Et
464 908 524 936 ideo
555 916 608 936 non
642 911 749 936 tantum
772 908 798 935 in
825 910 960 944 quantum

117 957 206 990 Deus,
228 956 274 985 sed
306 955 388 984 etiam
418 955 444 983 in
476 958 612 991 quantum
646 955 727 982 bomo
758 953 891 983 Christus
922 957 961 982 est

116 1012 169 1032 rex
188 1003 310 1041 yloriae.
333 1002 371 1030 De
393 1002 444 1030 ista
465 1005 557 1030 autem
590 1001 711 1029 novitate
732 1001 834 1030 dicitur
855 1001 961 1037 primae

116 1050 150 1079 ad
170 1049 326 1079 Corinthios
346 1049 452 1078 decimo
482 1048 617 1085 quintoss:
642 1046 775 1076 Christus
797 1047 962 1075 resurrexit

116 1105 136 1125 a
156 1097 296 1130 mortuis,
316 1095 468 1133 primitiae
492 1095 716 1127 dormientium,
737 1095 877 1132 quoniam
899 1094 962 1132 qui-

116 1143 180 1172 dem
200 1152 252 1180 per
273 1142 417 1171 stomtnem
437 1150 531 1175 mors,
546 1145 573 1170 et
590 1150 644 1178 per
664 1140 809 1170 hominem
829 1149 962 1169 resurre-

116 1191 171 1220 etio
192 1194 387 1219 mortuorum.
412 1190 445 1218 Et
466 1189 543 1218 sieut
557 1189 588 1218 in
604 1189 702 1217 Adam
717 1197 814 1217 omnes
828 1189 961 1217 moriun-

117 1240 183 1271 tur,
205 1237 247 1265 ita
267 1241 292 1264 et
313 1237 342 1265 in
365 1235 478 1264 Christo
500 1244 597 1264 omnes
618 1235 856 1272 vivificabuntur.
872 1251 909 1254 —
926 1235 962 1263 lta

117 1284 276 1321 Apostolus,
299 1287 429 1320 tanquam
452 1283 575 1320 prudens
595 1286 623 1311 et
643 1282 793 1316 discretus,
815 1282 842 1310 in
867 1281 963 1318 expri-

117 1330 216 1359 mendo
237 1330 374 1367 primitias
395 1330 557 1363 novitatum,
580 1337 649 1366 quas
667 1329 794 1357 Christus
817 1328 913 1357 habuit
935 1328 961 1356 in

117 1377 303 1414 resurgendo,
325 1377 430 1413 primo,
452 1384 486 1405 ne
500 1376 656 1404 consolatio
671 1376 837 1404 dissolvatur
859 1375 885 1403 in
909 1375 962 1403 lae-

117 1424 218 1458 titiam,
241 1424 370 1460 proponit
390 1423 528 1452 miseriam
552 1423 660 1457 mortis,
683 1431 754 1459 quae
785 1425 827 1451 est
848 1422 963 1450 materia

118 1471 305 1505 desolationis,
321 1479 384 1499 cum
400 1470 480 1499 dicit:
493 1479 547 1507 per
562 1469 704 1498 hominem
719 1478 817 1502 niors;
832 1469 961 1502 secundo,

118 1526 152 1547 ne
173 1517 311 1546 desolatio
332 1518 513 1546 absorbeatur
535 1518 560 1545 in
585 1517 739 1551 tristitiam,
760 1516 884 1553 adiungit
907 1524 962 1545 me-

117 1564 237 1593 dicinam
260 1564 487 1597 resurrectionis,
509 1572 581 1600 quae
601 1567 643 1592 est
664 1564 779 1591 materia
800 1563 962 1591 consolatio-

117 1611 175 1645 nis,
197 1619 260 1640 cum
281 1611 438 1647 subiungit:
454 1614 479 1639 et
489 1619 544 1648 per
566 1610 719 1644 hominem,
742 1610 899 1643 Christum,
922 1618 963 1637 re-

116 1658 261 1687 surrectio
283 1661 477 1686 mortuorum.
501 1658 533 1686 Ut
555 1665 621 1694 ergo
642 1665 730 1686 unum
751 1665 787 1685 ex
809 1657 896 1685 altero
912 1656 961 1684 mi-

117 1706 236 1742 tigetur,
267 1709 295 1734 et
322 1705 401 1742 quia,
433 1704 495 1733 licet
526 1712 600 1733 mors
627 1704 720 1732 trabat
748 1704 918 1733 occasionem
947 1712 962 1732 a

116 1752 303 1781 fraudulentia
324 1752 426 1785 hostis,
448 1754 538 1780 tamen
561 1759 672 1779 causam
692 1751 749 1779 sive
763 1750 897 1787 originem
913 1751 962 1778 ha-

118 1799 164 1828 bet
184 1799 219 1827 ab
239 1798 398 1835 arrogantia
418 1797 518 1826 mentis
540 1801 566 1826 et
588 1797 851 1826 consummationem
867 1805 883 1825 a
898 1805 962 1825 con-

118 1845 287 1882 cupiscentia
318 1845 423 1879 carnis;
456 1844 516 1873 ideo
547 1844 665 1873 dicitur:
688 1844 770 1873 Sicut
800 1844 831 1872 in
864 1844 962 1872 Adam

118 1900 215 1921 omnes
234 1892 420 1925 moriuntur,
438 1892 536 1920 merito
557 1899 623 1920 suae
644 1891 895 1928 praevaricationis.
911 1890 962 1919 Sed

117 1939 182 1976 quia
204 1938 337 1967 medicina
358 1939 455 1967 mortis
475 1941 517 1967 est
538 1946 587 1975 per
601 1938 721 1966 divinam
745 1937 961 1966 misericordiam

118 1986 218 2015 merito
249 1986 401 2014 dominicae
430 1985 578 2022 passionis;
601 1985 662 2014 ideo
683 1985 792 2014 subdit:
815 1985 858 2013 ita
885 1988 910 2012 et
931 1985 962 2012 in

120 2032 234 2062 Christo
249 2041 346 2061 omnes
368 2032 608 2069 vivificabuntur,
624 2032 722 2060 merito
737 2040 803 2060 suae
819 2032 961 2069 passionis.

119 2096 156 2100 —
177 2079 252 2108 Unde
281 2079 371 2116 prima
398 2083 425 2108 et
447 2079 603 2107 immediata
625 2087 707 2107 causa
728 2079 824 2107 mortis
846 2087 899 2106 non
922 2082 963 2107 est

118 2126 201 2160 Deus,
223 2134 285 2155 cun]
308 2127 343 2155 sit
364 2134 471 2155 summe
492 2134 540 2155 ens
562 2129 589 2154 et
608 2126 775 2159 indeficiens,
791 2128 817 2154 et
839 2133 913 2153 mors
928 2125 963 2153 sit

117 2173 258 2202 maximus
279 2173 350 2202 inter
371 2181 466 2202 omnes
486 2173 609 2202 defectus
638 2173 824 2209 poenalitatis,
847 2172 893 2201 sed
916 2180 962 2200 vo-

119 2220 210 2249 luntas
231 2220 330 2249 cadens
350 2228 366 2248 a
388 2220 552 2249 rectitudine
573 2224 600 2249 et
622 2220 805 2257 perpetuitate
827 2219 962 2253 iustitiae,

118 2267 189 2296 sicut
209 2267 311 2296 dicitur
333 2267 485 2304 Sapientiae
507 2267 635 2304 primos:
658 2267 735 2295 Deus
761 2270 882 2295 mortem
903 2275 962 2295 non

118 2313 186 2351 feeit
205 2322 255 2342 nee
277 2314 404 2343 laetatur
419 2314 449 2342 in
465 2314 627 2351 perditione
640 2314 828 2342 ‘morientium
840 2314 860 2342 ⁵.
879 2314 962 2342 Crea-

117 2361 159 2389 vz't
179 2361 254 2389 enini
277 2361 365 2394 Deus,
387 2365 419 2389 ut
440 2364 531 2389 essent
552 2361 669 2395 onmia,
691 2365 716 2389 et
744 2360 891 2389 sanabiles
921 2359 962 2397 fe-

119 2407 158 2436 cit
177 2408 310 2436 nationes
331 2407 410 2436 orbis
439 2411 606 2441 terrarum,
628 2411 653 2436 et
684 2416 742 2436 non
774 2411 814 2435 est
845 2407 875 2435 in
904 2407 962 2435 atis

117 2455 360 2483 medicamentum
382 2455 548 2483 exterminii
567 2463 618 2483 nee
649 2454 815 2492 inferorum
837 2463 961 2492 regnum

119 2501 150 2529 in
172 2505 260 2529 terra.
285 2502 403 2530 lustitia
434 2501 509 2529 enim
538 2504 678 2538 perpetua
699 2505 739 2530 est
760 2504 784 2529 et
809 2501 961 2529 inimorta—

120 2548 173 2581 lis;
194 2548 327 2577 iniustitia
348 2551 440 2577 autem
463 2548 608 2585 acquisitio
629 2551 670 2577 est
692 2548 797 2576 mortis.

198 2595 322 2624 Secundo
353 2595 480 2623 Christus
509 2595 534 2623 in
564 2603 615 2624 sua
636 2595 839 2624 resurrectione
866 2595 962 2623 habuit

119 2641 334 2670 virtuositatem
351 2642 493 2679 propriae
512 2642 670 2679 potestatis.
703 2642 760 2670 Non
792 2642 864 2671 enim
893 2642 962 2670 indi-

1798 186 1853 214 273

1017 255 1076 291 guit
1097 255 1228 291 suffragio
1249 256 1380 284 orationis
1404 256 1518 285 devotae
1546 265 1594 286 nec
1620 256 1784 288 adminiculo
1810 262 1856 289 ad-

1017 300 1226 329 ministrationis
1246 302 1400 338 angelicae,
1422 303 1548 339 quamvis
1579 312 1647 332 usus
1667 305 1701 333 sit
1726 306 1857 343 obsequio

1018 347 1141 375 caelestis
1157 348 1284 382 militiae;
1299 351 1326 376 et
1347 348 1380 377 de
1402 349 1453 377 hoc
1467 349 1568 378 dicitur
1584 351 1609 378 in
1626 351 1729 380 Psalmo
1740 353 1767 380 ὃς
1785 354 1856 381 Pro-

1016 396 1079 429 pter
1093 393 1246 422 miseriam
1261 394 1382 431 inopum
1396 398 1421 422 et
1437 396 1577 431 gemitum
1593 405 1759 434 pauperum
1779 408 1857 427 nune

1018 448 1195 476 emaryam,
1218 440 1289 468 dicit
1312 441 1460 470 Dominus.
1485 459 1519 462 —
1544 443 1692 480 pauperes
1713 449 1738 473 et
1759 445 1855 482 inopes

1017 489 1096 514 erant
1124 486 1209 514 sancti
1233 487 1325 515 Patres
1346 488 1372 515 in
1395 488 1477 517 limbo
1500 489 1578 525 positi
1601 491 1677 526 quasi
1700 491 1727 519 in
1748 499 1858 521 carcere

1018 532 1174 566 teterrimO‚
1193 541 1246 561 non
1262 533 1409 568 habentes,
1427 535 1497 563 unde
1513 544 1541 564 se
1557 536 1736 571 redimerent;
1758 543 1784 566 ot
1799 539 1858 567 ideo

1017 578 1096 606 valde
1117 579 1209 607 miseri
1232 582 1259 607 et
1279 584 1418 616 gementes
1439 581 1593 611 affectuosis
1613 583 1754 612 desideriis
1775 585 1858 613 anbe-

1018 625 1119 658 labant,
1131 626 1278 653 accelerari
1295 626 1361 654 illud
1377 627 1539 657 beneficium
1553 631 1775 665 resurrectionis;
1791 640 1859 668 quo-

1019 680 1081 700 rum
1105 674 1168 700 vota
1188 672 1356 706 exaudiens,
1378 674 1448 702 dicit
1472 675 1628 704 Dominus.-
1652 676 1736 705 Nunc
1757 686 1858 706 exsur-

1015 727 1104 755 9anz,
1134 719 1249 755 loquens
1278 719 1303 747 in
1332 720 1422 756 prima
1444 729 1574 756 persona,
1596 724 1673 759 quasi
1693 728 1859 759 potestatem

1018 764 1126 793 liabens
1144 765 1272 801 ponendi
1299 766 1432 794 animam
1454 774 1531 795 suam
1554 768 1579 796 in
1603 769 1726 805 passione
1754 775 1779 798 et
1810 771 1859 799 ite-

1018 820 1086 839 rum
1107 811 1245 840 attinendi
1263 806 1327 839 edm
1349 812 1375 840 in
1399 814 1611 843 resurrectione.

1097 858 1147 887 Sed
1168 858 1240 887 dicet
1271 858 1384 887 forsitan
1414 860 1594 897 philosophus
1621 864 1769 892 naturalis:
1791 872 1859 900 quo·
1872 867 1956 894 0¹³1092i⁰
1969 869 2005 886 ³⁰¹-

1018 905 1098 933 modo
1120 905 1221 941 poterit
1242 905 1293 934 hoc
1316 906 1390 939 fieri,
1414 910 1444 934 ut
1465 914 1566 943 corpus
1587 909 1702 937 animale
1723 913 1749 938 et
1764 918 1860 939 corru-
1911 892 1967 909 mun

1018 951 1112 988 ptibile
1133 955 1161 980 et
1181 959 1217 980 ex
1239 952 1386 980 contrariis
1407 954 1589 990 compositum
1611 955 1646 983 sit
1675 956 1860 986 indissolubile

1018 1001 1045 1027 et
1067 1002 1201 1035 perpetuo
1222 998 1370 1027 durabile?
1392 1016 1430 1019 ——
1450 1000 1499 1028 Cui
1521 1001 1682 1038 theologus:
1706 1003 1730 1031 Si
1754 1004 1809 1037 vis,
1831 1007 1863 1032 ut

1018 1048 1213 1081 argumentum
1236 1048 1314 1073 tuum
1338 1046 1363 1073 in
1386 1047 1458 1074 omni
1479 1048 1593 1076 materia
1609 1052 1714 1083 teneat,
1729 1050 1762 1077 ad
1776 1051 1863 1078 multa

1017 1091 1238 1120 inconvenientia
1268 1095 1295 1120 te
1322 1092 1464 1121 adducam.
1494 1094 1559 1122 Nam
1588 1095 1676 1131 primo
1708 1097 1763 1130 vis,
1789 1097 1861 1133 quod
1874 1099 2006 1125 ¹⁰⁰⁰¹JV0¹¹1⁸¹²⁸

1018 1138 1092 1166 Deus
1120 1146 1173 1166 non
1203 1139 1289 1175 possit
1310 1139 1372 1176 plus
1393 1148 1475 1176 quam
1498 1143 1612 1175 natura,
1634 1145 1661 1170 et
1687 1143 1777 1179 opifex
1800 1143 1862 1180 plus
1894 1127 1982 1146 pnmum'

1018 1192 1101 1221 quam
1124 1192 1209 1221 opus;
1232 1185 1305 1222 quod
1328 1186 1522 1216 inconveniens
1543 1195 1618 1222 esse,
1640 1189 1733 1218 nullus
1747 1190 1862 1218 dubitat.

1019 1232 1114 1268 Arguit
1135 1232 1207 1260 enim
1230 1233 1284 1261 sic:
1300 1233 1345 1261 Est
1366 1233 1535 1270 impossibile
1550 1235 1700 1263 secundum
1718 1239 1860 1265 naturam:

1018 1286 1084 1315 ergo
1105 1282 1147 1307 est
1168 1279 1335 1315 impossibile
1357 1280 1526 1317 simpliciter.
1549 1281 1724 1318 Consequens
1745 1291 1797 1311 non
1820 1291 1861 1311 se-

1018 1326 1124 1362 quitur.
1148 1342 1183 1346 —
1205 1326 1344 1360 Secundo,
1367 1327 1561 1356 inconveniens
1582 1332 1636 1362 est,
1658 1329 1731 1365 quod
1755 1333 1783 1358 tu
1805 1331 1860 1363 vis,
1879 1332 1990 1351 Secundum-

1019 1372 1092 1408 quod
1114 1376 1227 1401 natura
1241 1373 1341 1402 babeat
1356 1374 1473 1405 virtutes
1488 1375 1609 1403 occultas
1623 1393 1661 1396 —-
1675 1376 1745 1404 sicut
1767 1380 1793 1404 et
1814 1385 1863 1406 nos

1018 1418 1100 1446 etiam
1123 1419 1268 1453 volumus,
1290 1420 1356 1456 quia
1377 1424 1442 1448 sunt
1462 1422 1586 1450 occultae
1608 1422 1701 1456 nobis,
1721 1426 1750 1451 ut
1772 1423 1797 1451 in
1819 1431 1863 1451 ca-

1019 1465 1127 1499 lamita,
1143 1474 1213 1503 quae
1228 1467 1343 1495 attrahit
1363 1467 1483 1501 ferrum,
1506 1472 1532 1496 et
1548 1469 1573 1496 iu
1590 1469 1777 1503 salamandra,
1793 1479 1863 1507 quae

1019 1516 1200 1541 conservatur
1216 1513 1242 1541 in
1262 1513 1337 1550 igne,
1353 1517 1380 1543 et
1394 1514 1420 1542 in
1438 1515 1533 1543 multis
1547 1516 1607 1543 aliis
1621 1532 1658 1535 ψ
1676 1516 1750 1544 Deus
1771 1521 1862 1545 autem

1019 1559 1060 1588 vis
1081 1560 1155 1596 quod
1177 1568 1230 1588 non
1253 1560 1353 1589 habeat
1375 1561 1523 1596 virtutem,
1546 1563 1596 1591 nisi
1613 1571 1695 1599 quam
1720 1564 1774 1592 tuis
1797 1571 1862 1592 ocu-

1019 1606 1051 1634 lis
1074 1607 1161 1643 possis
1182 1608 1356 1644 conspicere3
1383 1609 1456 1645 quod
1488 1609 1641 1637 maximum
1671 1610 1863 1639 inconveniens

1018 1661 1078 1682 esse
1099 1658 1221 1689 constat,
1243 1663 1307 1684 cum
1336 1664 1438 1692 pauca
1459 1656 1528 1690 sint,
1551 1665 1622 1693 quae
1649 1657 1780 1685 videmus
1800 1666 1863 1694 ope-

1019 1710 1087 1729 rum
1112 1701 1179 1735 Dei,
1201 1705 1228 1730 et
1249 1702 1343 1730 multa
1374 1702 1546 1731 abscondita
1570 1708 1639 1731 sunt
1660 1704 1778 1732 maiora
1799 1703 1861 1738 liis,

1019 1749 1090 1777 sicut
1118 1749 1220 1777 dicitur
1249 1749 1428 1778 Ecclesiastici
1459 1750 1670 1787 quadragesimo
1692 1751 1802 1779 tertio⁷.
1824 1767 1862 1770 ’-

1019 1796 1124 1830 Tertio,
1147 1796 1342 1825 inconveniens
1363 1799 1419 1831 est,
1441 1797 1514 1833 quod
1537 1798 1590 1831 vis,
1613 1798 1684 1834 quod
1708 1798 1780 1826 Deus
1802 1806 1864 1834 pro-
1883 1799 1971 1818 Tertium.

1020 1843 1126 1871 miserit
1146 1843 1329 1872 obedientiam
1362 1846 1491 1877 naturae;
1515 1844 1587 1881 quod
1614 1845 1634 1873 si
1658 1852 1755 1873 verum
1777 1848 1863 1879 esset,

1018 1898 1073 1918 non
1096 1890 1279 1919 illuminasset
1300 1898 1429 1925 caecum,
1452 1899 1506 1919 nou
1529 1892 1688 1920 mundasset
1710 1892 1862 1928 leprosum,

1019 1945 1072 1965 non
1102 1937 1261 1966 suscitasset
1287 1940 1439 1966 mortuum.
1462 1954 1498 1958 —
1521 1939 1640 1975 Quarto,
1662 1939 1794 1975 supponis
1815 1938 1863 1967 sal·
1880 1939 1976 1963 002‘2'112·

1019 1992 1097 2013 sum:
1121 1984 1246 2020 procedis
1277 1992 1327 2021 per
1347 1985 1505 2014 inconcessa
1532 1986 1662 2019 dicendo,
1684 1994 1784 2022 corpus
1805 1986 1863 2014 ani-

1020 2031 1090 2059 male
1112 2039 1170 2060 esse
1202 2035 1229 2060 et
1260 2040 1296 2060 ex
1324 2032 1470 2061 contrariis
1498 2033 1695 2069 compositum;
1724 2033 1789 2069 quia
1809 2041 1862 2061 non

1019 2078 1135 2107 animale
1157 2080 1236 2113 (est),
1259 2079 1342 2107 immo
1364 2080 1508 2116 spirituale
1533 2084 1560 2108 et
1587 2080 1621 2108 ab
1653 2080 1726 2108 omni
1755 2083 1863 2108 contra-

1020 2125 1116 2154 rietate
1137 2126 1274 2154 elevatum
1297 2134 1346 2163 per
1369 2126 1492 2155 habitum
1515 2127 1617 2163 gloriae
1639 2130 1666 2155 et
1687 2127 1861 2163 dispositum,

1019 2171 1053 2199 ab
1075 2172 1167 2200 anima
1198 2172 1224 2200 in
1256 2176 1423 2209 perpetuum
1454 2173 1480 2201 in
1513 2173 1569 2201 vita
1599 2173 1765 2201 conservari.
1799 2173 1863 2201 Sen-

1020 2218 1105 2246 tentia
1133 2218 1235 2246 horum
1263 2218 1414 2247 verborum
1436 2223 1525 2256 potest
1546 2220 1605 2248 elici
1631 2228 1667 2248 ex
1689 2219 1780 2247 verbis
1810 2220 1862 2247 :lu-

1019 2265 1138 2301 gustini,
1168 2266 1195 2293 in
1222 2266 1341 2302 Epistola
1369 2266 1402 2295 ad
1424 2266 1599 2295 Consentium
1612 2267 1632 2300 ⁸,
1655 2267 1700 2295 ubi
1723 2266 1787 2294 dicit
1808 2266 1863 2294 sic:

1023 2323 1037 2337 «
1049 2312 1089 2340 Ex
1112 2313 1310 2342 consuetudine
1325 2321 1420 2342 rerum
1443 2317 1623 2350 expertarum
1640 2314 1783 2350 inexperta
1799 2321 1862 2349 ope-

1019 2367 1050 2387 ra
1071 2359 1164 2388 divina
1185 2360 1331 2389 infirmitas
1359 2361 1472 2389 metitur
1498 2361 1620 2389 humana
1643 2363 1670 2388 et
1695 2360 1805 2387 acutule
1833 2367 1861 2387 se

1019 2406 1127 2443 garrire
1148 2406 1315 2441 arbitratur,
1330 2415 1394 2436 cum
1416 2407 1496 2436 dicit:
1512 2407 1537 2435 si
1554 2415 1618 2435 caro
1633 2410 1682 2440 est,
1703 2409 1730 2435 et
1751 2406 1862 2442 sanguis

1019 2456 1076 2487 est;
1109 2454 1130 2482 si
1162 2454 1290 2490 sanguis,
1316 2458 1343 2483 et
1374 2454 1457 2483 ceteri
1490 2455 1637 2487 humores;
1660 2454 1680 2482 si
1703 2453 1785 2481 ceteri
1810 2453 1860 2481 liu-

1019 2507 1125 2529 mores:
1147 2508 1213 2537 ergo
1234 2504 1261 2529 et
1282 2502 1433 2538 corruptio.
1458 2501 1555 2529 Eodem
1586 2500 1666 2528 modo
1694 2500 1812 2528 diceret:
1835 2499 1859 2527 Si

1019 2546 1130 2575 flamma
1151 2551 1207 2581 est,
1229 2551 1256 2576 et
1277 2547 1369 2582 ardet3
1385 2548 1407 2576 si
1429 2547 1519 2581 ardet,
1535 2550 1561 2576 et
1576 2547 1647 2580 urit;
1664 2547 1684 2574 si
1709 2546 1780 2579 urit,
1796 2553 1861 2582 ergo

1019 2597 1075 2623 tres
1098 2602 1199 2630 pueros
1228 2594 1253 2622 in
1283 2594 1390 2623 camino
1422 2595 1491 2631 ignis
1522 2593 1649 2622 incendit.
1672 2593 1697 2621 Si
1717 2601 1782 2629 ergo
1804 2600 1863 2620 cre-

1018 2641 1072 2675 dis,
1089 2641 1156 2670 illud
1173 2641 1336 2670 miraculum
1352 2649 1427 2675 esse,
1443 2649 1529 2678 quare
1544 2641 1577 2669 de
1594 2641 1676 2669 rebus
1692 2639 1864 2668 mirabilibus

183 2811 189 2823 ¹
208 2813 279 2839 Apoc.
298 2813 305 2833 'l
318 2829 323 2838 ,
341 2813 368 2839 ὃς
385 2812 470 2834 deinde
487 2813 593 2841 sequitur
611 2813 645 2835 ΡΞ.
663 2813 705 2841 23,
723 2814 744 2835 9.
766 2814 799 2835 10.

182 2850 190 2862 ²
209 2851 337 2878 Respicitur
353 2851 409 2873 Gen.
426 2851 448 2878 3,
465 2851 502 2873 212.

182 2889 191 2901 ³
211 2890 274 2911 Vers.
291 2890 369 2912 20-22.
814 2890 824 2903 ⁴¹
843 2891 963 2914 Vers.·l3.

182 2928 191 2941 ⁵
209 2930 238 2950 lta
256 2929 309 2955 EF;
327 2929 423 2957 Vulgata
450 2930 504 2957 legit
525 2930 643 2953 vivorum.
666 2930 773 2958 Sequitur
799 2931 852 2958 Sap.
876 2931 900 2957 4,
929 2930 962 2952 14.

120 2974 180 2996 56η.γ
197 2968 236 2997 qui
254 2968 318 2990 locus
335 2968 428 2991 additus
444 2971 478 2991 est
495 2975 521 2991 ex
538 2969 563 2992 C.

215 3015 239 3038 S.
259 3015 348 3038 Bonav.
366 3028 396 3031 —
413 3016 481 3038 Toni.
497 3017 536 3038 lX.

1084 2812 1093 2825 ὓ
1110 2813 1191 2835 Psalm.
1210 2813 1246 2839 ll,
1264 2813 1291 2840 63
1308 2812 1413 2840 sequitur
1431 2812 1489 2833 loun.
1512 2812 1546 2837 lo,
1567 2811 1600 2831 18.

1082 2850 1090 2863 ⁷
1110 2853 1175 2874 Vers.
1193 2852 1229 2874 36.

1081 2891 1091 2906 ’3
1108 2892 1177 2919 Epist.
1196 2892 1247 2913 205.
1267 2891 1331 2920 (alias
1352 2890 1410 2917 146.)
1428 2896 1446 2912 c.
1470 2890 1487 2911 l.
1505 2896 1526 2911 n.
1546 2889 1572 2915 li,
1590 2889 1666 2911 multis
1678 2888 1769 2910 omissis
1781 2890 1802 2910 et
1814 2887 1862 2916 qui—

1019 2931 1118 2953 busdam
1137 2932 1238 2954 mutatis.

1738 3013 1767 3034 35
