2243 3348
3 244 6 262 l

2 266 48 331 *laen
59 297 124 323 domu-s

3 320 128 343 ,tesiderahilis

3 346 73 369 mplex-
81 348 125 367 qua-

3 374 47 392 ..uon

4 442 5 446 ¹
14 437 123 458 Secundum.

1 470 4 481 Ι

33 671 122 690 Tertium.

0 878 3 886 γ
29 858 124 882 Quartum.

0 890 3 981 i

0 1096 2 1169 ᾗ

7 1233 28 1252 id
39 1231 128 1259 inventio·

0 1257 40 1279 hem
49 1256 128 1280 requin-

0 1284 29 1300 ,ωι-
43 1284 128 1304 perseve-

7 1303 57 1322 *antia
63 1303 82 1321 iu
89 1308 129 1321 ora-

0 1313 2 1346 i
37 1327 93 1346 tione.

7 1586 50 1606 lom,
60 1584 79 1603 iu
90 1583 125 1602 mi-

7 1607 116 1628 ismioni-dia.

49 2547 127 2566 Divisio.

827 164 1003 194 EPlPHANIA.
1025 163 1135 193 SERMO
1157 163 1185 192 ΙΙ.
1831 167 1884 195 ’1)’5

142 242 276 276 Domine,<
293 242 324 270 in
344 242 463 271 saecula
483 242 669 271 saeculorum
691 242 855 271 laudabunt
870 246 901 271 te.
917 243 986 272 Haeo

140 292 233 318 autem
247 288 346 317 domus
360 291 401 317 est
415 288 603 317 desideramus
618 292 731 326 propter
742 292 875 327 quatuor:
887 290 986 326 primo,

141 336 207 373 quia
236 335 335 364 domus
365 335 495 368 emulsa,-
522 336 659 365 Michaeae
680 339 795 373 quarto:
819 337 883 365 Erit
903 345 987 365 mons

141 383 245 411 domus
267 382 386 410 Domini
403 385 606 419 praeparatus
627 383 657 411 in
679 383 783 412 vertice
803 384 947 412 montium
962 387 988 411 et

140 429 273 458 sublimis
294 436 383 465 super
404 428 494 457 colles.
516 446 555 449 —
575 430 710 464 Secundo,
731 431 797 467 quia
811 431 909 460 domus
924 439 987 459 am-

137 476 208 514 ptu;
229 476 338 504 Baruch
360 475 457 504 tertio:
482 476 505 504 O
526 476 628 510 lsrael,
650 485 739 514 quam
760 486 872 515 mayna
886 482 926 506 est
940 478 986 506 do-

140 531 207 551 mus
231 522 282 551 Dei
302 525 327 550 et
347 522 448 559 inyens
469 522 549 551 loeus
568 524 759 560 possessionis
773 524 844 552 eius.
861 525 986 562 Magynus

141 573 182 598 est
202 573 226 597 et
247 577 306 597 non
326 568 409 597 habet
429 568 532 605 finem,
561 569 690 598 excelsus
710 574 735 598 et
762 570 939 604 immensus,·
960 574 987 600 et

142 616 248 644 loannis
268 615 374 644 decimo
395 618 511 652 quarto:
534 616 569 644 In
589 616 673 644 dorne
695 617 798 645 Patris
826 618 883 645 mei
902 626 986 646 man-

141 663 235 691 siones
249 661 357 690 multae
371 665 448 690 sunt.
463 680 503 683 —
514 663 615 697 Tertio,
627 663 692 700 quia
703 663 801 692 domus
812 663 950 700 refectiva
963 666 985 699 ¹3

141 710 280 738 l’salmus:
302 708 533 737 Inebriabuntur
554 709 590 738 al)
612 709 742 738 ubertate
770 710 874 738 domus
902 714 986 745 tuae,-

142 756 218 785 loelis
230 756 326 785 tortio:
340 756 376 784 ln
390 756 441 784 illa
453 756 498 784 die
512 756 662 785 stillabunt
676 760 784 785 montes
796 757 985 792 dulcedinem,

140 807 166 832 et
186 803 268 832 eolles
287 803 378 840 fluent
399 803 478 832 laete.
496 804 530 832 Et
544 802 611 841 fons
626 804 660 832 tle
674 804 759 832 domo
776 804 893 833 Domini
912 814 986 842 epre-

141 850 246 879 clietur.
267 867 306 870 —
327 850 441 886 Quarto,
463 851 529 887 quia
543 850 641 879 domus
656 854 794 884 aeterna,·
809 852 986 882 Ecclesiastae

139 897 339 926 duodecimo2:
363 897 510 933 Quoniam
531 896 581 925 ibit
603 896 686 925 liomo
709 897 739 925 in
760 898 879 926 domum
894 903 986 928 aeter-

139 944 241 972 nitatis
261 952 351 977 suae,·
372 947 399 972 et
421 944 558 972 Psalmus:
586 944 619 971 Ut
651 943 807 973 inhabitem
839 945 870 973 in
901 946 985 974 domo

141 991 260 1019 Domini
279 991 311 1019 in
333 990 542 1028 longitudinem
563 991 686 1019 dierum.
710 991 764 1020 Hoo
792 992 901 1028 petebat
923 993 986 1020 Pro-

139 1038 237 1074 pheta:
265 1037 359 1065 Unam
377 1037 450 1074 petii
470 1045 490 1065 a
512 1037 649 1071 Domino,
672 1036 748 1066 liano
770 1039 931 1076 requiram,
955 1043 986 1067 ut

141 1083 296 1113 instabilem
318 1084 349 1112 in
371 1084 454 1112 domo
478 1084 596 1112 Domini
621 1084 755 1113 omnibus
782 1085 883 1113 diebus
913 1086 987 1114 vilae

140 1140 226 1160 meae.

220 1179 247 1206 ln
270 1178 321 1207 hac
342 1180 435 1207 autem
463 1178 544 1206 domo
565 1178 714 1207 ¹inuenitur
735 1179 868 1208 Dominus
899 1180 933 1208 ab
954 1180 986 1209 iis

141 1225 187 1262 qui
211 1228 350 1262 quaerunt
372 1232 435 1253 cum
464 1226 701 1262 perseverantia,
734 1226 886 1255 seeundum
919 1227 987 1255 illud

141 1272 267 1301 Matthaei
290 1272 443 1309 septimo³:
468 1272 579 1306 Omnis,
601 1273 653 1310 qui
669 1274 741 1310 petit
761 1273 875 1311 accipit,
898 1275 988 1312 etqui

141 1320 257 1358 quaerit
276 1319 399 1353 invenit,
422 1323 448 1348 et
465 1319 600 1356 pulsanti
620 1322 778 1356 aperietur.
802 1321 833 1349 Et
853 1321 914 1350 ideo
935 1322 987 1350 hoe

140 1367 251 1404 petebat
271 1370 298 1395 et
319 1366 492 1395 desiderabat
513 1370 624 1396 sanetus
653 1367 713 1396 lob:
742 1369 814 1404 Quis
841 1369 915 1397 milii
935 1370 986 1398 tri-

142 1414 228 1448 buat,
251 1417 283 1441 ut
304 1422 476 1451 cognoscam
497 1417 522 1442 et
543 1414 689 1443 inueniam
711 1415 794 1443 illum
820 1420 844 1444 et
871 1417 987 1445 veniam

142 1470 233 1499 usque
253 1461 293 1490 acl
314 1461 421 1489 solitun
441 1461 525 1489 eius?
547 1462 601 1490 Hoc
623 1462 705 1490 etiam
728 1463 838 1499 petebat
865 1465 985 1500 Moyses,

140 1508 227 1537 Exodi
256 1508 397 1545 trigesimo
426 1509 521 1537 tertio:
545 1509 578 1537 Si
598 1509 695 1537 iuveni
714 1510 846 1546 qratiam
868 1511 899 1539 in
921 1520 986 1539 eon-

140 1559 237 1593 speetu
260 1558 318 1589 tuo,
341 1555 453 1584 ostende
473 1554 547 1584 milti
566 1555 672 1593 faeiem
695 1560 788 1591 tuam,
810 1561 842 1586 ut
855 1558 946 1586 seiam
963 1562 987 1587 te

141 1606 165 1631 ct
176 1602 324 1631 inveniam
334 1602 466 1640 qratiam
478 1606 545 1631 ante
559 1603 656 1632 oeulos
672 1607 735 1633 tuos
747 1607 797 1633 etc.
811 1622 849 1626 —
863 1606 986 1635 Orationi

140 1652 233 1679 autem
248 1649 329 1678 debet
343 1657 403 1678 esse
417 1650 563 1679 coniuncta
578 1651 782 1680 misericordia
798 1652 855 1681 sive
870 1653 987 1681 eleemo-

141 1705 222 1734 syna,
245 1705 316 1734 quae
337 1696 424 1733 ipsam
446 1697 522 1725 iuvat
530 1707 537 1731 ;
560 1697 633 1726 unde
658 1698 758 1727 Tobiae
786 1699 986 1729 duodecimo&

141 1744 225 1772 Bona
246 1747 287 1772 est
307 1744 403 1772 oratio
425 1752 491 1772 eum
514 1744 623 1773 ieiunio
644 1748 670 1773 et
691 1745 869 1784 eleemosyna
890 1747 987 1784 magyis

140 1799 230 1829 quam
252 1790 404 1819 thesauros
426 1791 498 1819 auri
512 1792 666 1821 recondere
672 1803 683 1826 ;
698 1796 725 1821 et
739 1793 822 1830 paulo
836 1796 913 1830 post:
929 1796 987 1824 Fa—

141 1838 179 1866 cit
200 1837 329 1866 invenire
350 1838 442 1867 vitam
469 1842 628 1868 aeternam.
658 1839 740 1875 Item,
774 1840 987 1870 Proverbiorum

142 1885 272 1922 vigesimo
293 1885 398 1922 primo:
422 1885 481 1921 Qui
500 1886 632 1924 sequitur
654 1887 801 1916 iustitiam
822 1892 845 1916 ct
874 1888 987 1916 miseri-

141 1932 275 1960 cordiam
308 1932 432 1960 inveniet
464 1933 574 1967 vitam,
610 1933 756 1962 iustitiam
787 1938 813 1963 et
841 1934 988 1972 moriam,-

140 1979 324 2016 quamnobis
345 1982 466 2016 praestet
486 1983 537 2009 etc.

316 2074 428 2102 SCHEMA
450 2082 653 2104 PRAECEDENTIS
675 2084 816 2105 SERMONIS.

211 2168 290 2198 Item,
312 2175 391 2194 sermo
410 2169 498 2193 fratris
516 2169 707 2195 Bonaventurae
732 2171 844 2196 Parisius
869 2171 894 2196 in
919 2171 989 2196 domo

141 2210 268 2241 Fratrum,
287 2218 370 2237 eoram
389 2212 564 2238 Universitate.

221 2301 368 2329 intrantes
400 2301 519 2330 domum
551 2303 724 2332 irwenerunt
755 2305 886 2333 Puerum
923 2313 990 2333 eum

142 2347 243 2376 Maria
264 2348 356 2376 Matre
377 2349 456 2382 eius,
478 2349 605 2378 Matthaei
627 2351 748 2379 secundo
760 2351 779 2379 ⁵.

222 2394 393 2423 Describitur
415 2396 460 2424 hic
480 2397 596 2425 materia
616 2397 769 2433 praesentis
793 2398 989 2433 solemnitatis,

145 2440 319 2477 Epiphaniae,
341 2449 413 2478 quae
433 2442 545 2479 quidem
566 2443 618 2472 fuit
639 2444 789 2481 apparitio
810 2445 918 2473 Domini
934 2446 990 2474 sive

144 2487 265 2516 inventio
279 2495 295 2516 a
309 2488 393 2525 Magis
414 2493 548 2525 quantum
564 2490 597 2518 ad
618 2491 771 2519 triformem
790 2492 989 2521 conditionem:

144 2533 247 2570 primo,
270 2538 405 2571 quantum
426 2535 459 2564 ud
481 2537 726 2573 opportunitatem
741 2537 797 2566 loci
809 2539 989 2573 continentis,

1043 249 1106 271 cum
1127 241 1244 270 dicitur:
1266 242 1413 270 latrantes
1434 242 1571 275 domium
1592 243 1728 277 seoundo,
1751 246 1886 280 quantum

1042 288 1076 317 ad
1097 288 1299 326 benignitatem
1314 287 1444 325 [namus
1458 288 1607 325 dignissimi
1624 290 1806 326 apparentis,
1821 299 1885 319 eum

1043 335 1169 364 additur:
1191 335 1363 364 invenerunt
1386 336 1535 369 Puerum
1563 337 1660 371 tertiO,
1689 340 1824 374 quantum
1853 338 1887 366 ad

1043 382 1211 419 diqnitatem
1234 382 1374 410 consortii
1398 382 1614 419 gyratisieantis,
1646 392 1710 413 oum
1741 385 1886 414 subditur:

1043 437 1110 457 cum
1131 428 1231 457 Maria
1252 429 1345 457 Matre
1366 429 1436 457 eius.

1121 476 1199 504 Circa
1219 476 1312 504 omnia
1333 476 1400 505 haec
1421 480 1494 512 nota,
1510 478 1583 515 quod
1599 478 1750 507 secundum
1767 479 1887 516 quadru-

1042 523 1140 560 plicem
1163 523 1331 552 intellectum
1354 524 1458 552 domus
1479 525 1505 553 in
1528 525 1671 562 Scriptura
1702 526 1887 564 quadruplici-

1043 572 1084 598 ter
1106 569 1245 598 invenitur
1267 569 1341 598 lesus
1362 570 1390 598 in
1411 570 1584 607 quadruplici
1616 572 1704 600 domo.
1739 573 1783 601 Est
1813 574 1887 601 enim

1042 616 1141 645 domus
1163 616 1318 653 virginalis
1339 617 1442 651 aulae,
1465 617 1492 645 in
1514 626 1569 654 qua
1590 618 1719 648 inventus
1743 623 1785 648 est
1812 620 1887 649 lesus

1043 663 1251 700 corporalilcr;
1271 662 1364 699 fidelis
1386 663 1520 698 animae,
1542 665 1569 693 in
1591 673 1646 702 qua
1667 666 1806 695 invenitur
1827 667 1883 703 spi-

1043 709 1209 743 rituulitcr;
1239 710 1395 738 militantis
1426 711 1583 745 Ecclesiae,
1616 713 1641 740 in
1671 721 1726 749 qua
1747 713 1886 742 invenitur

1041 756 1312 789 sacramentaliter;
1333 757 1462 785 caelestis
1484 758 1600 792 curiae,
1622 759 1648 787 in
1671 768 1726 796 qua
1747 760 1886 789 invenitur

1042 802 1292 839 sempiternaliter.
1315 803 1364 831 Per
1386 812 1458 840 quae
1478 807 1599 841 quatuor
1620 806 1797 842 appropriata
1818 810 1845 835 et
1859 807 1885 835 in

1043 849 1145 885 quihus
1166 852 1286 886 quatuor
1307 850 1434 879 domibus
1454 851 1569 880 affectus
1588 852 1781 887 immutantur,
1796 861 1887 882 mores

1043 900 1258 932 componuntur,
1279 896 1347 926 fides
1368 898 1540 926 construitur
1561 902 1588 927 et
1615 899 1723 927 devotio
1738 900 1885 929 excitatur.

1122 943 1149 971 lu
1171 943 1251 971 domo
1272 947 1365 972 autem
1386 944 1543 982 virginalis
1571 946 1658 974 (tutae
1688 946 1815 975 Christus
1846 950 1888 975 est

1042 989 1178 1018 formatus
1198 994 1225 1018 et
1246 990 1375 1019 inventus
1395 999 1412 1019 a
1432 991 1527 1028 Ioseph
1550 995 1576 1020 et
1597 993 1704 1029 Angelis
1718 994 1834 1027 sanctis;
1849 994 1887 1022 Ie-

1044 1037 1145 1065 remiae
1159 1037 1265 1065 decimo
1276 1040 1372 1066 octavo
1380 1037 1404 1066 ⁶:
1418 1039 1559 1067 Descende
1569 1039 1600 1067 in
1611 1040 1729 1068 domam
1740 1040 1826 1078 siguli
1835 1044 1886 1069 ete.

1045 1099 1079 1103 ——
1102 1083 1186 1112 Natus
1207 1087 1233 1112 et
1254 1084 1383 1113 inventus
1403 1093 1419 1113 a
1441 1086 1597 1121 pastoribus
1618 1090 1645 1115 et
1667 1087 1777 1121 vicinis;
1797 1088 1888 1116 Eccle-

1043 1129 1142 1157 siastici
1164 1130 1294 1166 vigesimo
1316 1139 1403 1159 nono:
1426 1131 1547 1160 Initium
1569 1133 1645 1161 vitae
1666 1132 1791 1161 hominis
1806 1142 1887 1172 aqua

1043 1179 1068 1203 et
1086 1176 1176 1212 panis
1196 1179 1221 1204 et
1242 1177 1345 1205 (tonius
1366 1181 1417 1206 etc.
1438 1195 1479 1199 —-
1499 1179 1626 1207 Laetatus
1657 1181 1684 1207 et
1714 1179 1843 1208 inventus
1870 1188 1886 1208 a

1043 1222 1155 1259 regibus
1176 1222 1233 1251 sive
1254 1224 1352 1260 Magis;
1368 1223 1542 1253 Cantieorum
1559 1225 1640 1254 tertio
1652 1226 1678 1253 ⁷:
1701 1227 1793 1255 Tenui
1806 1235 1885 1261 euin,

1043 1277 1092 1297 'nco
1103 1269 1260 1303 dimittam,
1271 1270 1359 1299 donee
1370 1271 1557 1300 introducam
1569 1272 1651 1300 illum
1663 1273 1694 1301 in
1705 1273 1823 1302 domum
1836 1277 1886 1303 eto.

1043 1332 1081 1336 —
1095 1316 1279 1345 Conversatus
1297 1320 1324 1346 et
1339 1317 1467 1347 inventus
1481 1318 1516 1347 ab
1530 1319 1678 1355 Apostolis3
1694 1321 1775 1349 Marci
1791 1324 1886 1349 sexto:

1044 1362 1107 1391 Non
1128 1367 1169 1391 est
1191 1363 1337 1400 Propheta
1358 1364 1420 1393 sine
1441 1364 1547 1393 lionore
1568 1366 1628 1394 nisi
1649 1366 1679 1394 in
1699 1367 1802 1403 patria
1830 1375 1887 1395 sua

1043 1413 1067 1437 et
1088 1410 1119 1438 in
1140 1410 1223 1438 domo
1244 1419 1301 1439 sua
1322 1415 1348 1439 et
1368 1411 1399 1439 in
1420 1413 1589 1449 eoynatione
1608 1421 1667 1441 sua
1677 1413 1696 1441 3.

1120 1457 1157 1485 Ad
1179 1458 1231 1486 hoc
1252 1462 1354 1492 autem,
1376 1459 1449 1495 quod
1471 1459 1497 1487 in
1513 1459 1593 1488 domo
1607 1460 1700 1494 fidelis
1714 1461 1832 1490 animae
1846 1461 1887 1490 in-

1044 1504 1169 1532 veniatur
1191 1504 1265 1533 Iesus
1285 1505 1490 1542 spiritualiter,
1513 1507 1667 1543 requiritur
1693 1508 1726 1536 ad
1754 1512 1887 1537 constru-

1043 1550 1163 1578 ctionem
1185 1551 1245 1579 eius
1263 1555 1417 1580 structura
1433 1552 1578 1586 iustitiae,·
1593 1554 1720 1582 Matthaei
1735 1555 1851 1591 septimo
1863 1555 1886 1583 ⁰:

1046 1596 1156 1631 Omnis,
1168 1597 1220 1635 qui
1233 1598 1318 1626 attclit
1332 1598 1419 1627 verba
1433 1607 1499 1627 mea
1513 1602 1574 1633 eto,
1589 1600 1755 1637 aedificavit
1769 1601 1888 1630 domum

1043 1651 1130 1671 suam
1163 1652 1258 1681 supra
1291 1649 1414 1681 petram.
1447 1662 1484 1666 ——
1517 1646 1677 1675 Caelatura
1707 1648 1887 1684 pudicitiae,-

1044 1690 1182 1719 Psalmus:
1206 1692 1331 1720 Domum
1352 1696 1445 1726 tuam,
1468 1693 1598 1726 Domine,
1620 1694 1696 1722 decet
1713 1694 1886 1722 sanctitudo.

1044 1754 1082 1758 —
1103 1738 1281 1767 Firmatura
1312 1739 1516 1776 confidentiae;
1538 1740 1571 1768 ad
1593 1740 1729 1769 Hebraeos
1751 1741 1832 1769 tertio
1844 1742 1885 1769 1⁰:

1046 1785 1126 1820 Quae
1147 1785 1251 1814 domus
1271 1794 1375 1814 smnus
1396 1795 1466 1820 nos,
1487 1787 1515 1815 si
1541 1787 1683 1824 fiduciam
1709 1787 1831 1824 sirmam
1852 1792 1888 1816 te-

1044 1840 1166 1860 neamus
1187 1836 1237 1861 ete.
1258 1849 1297 1853 —
1319 1833 1469 1862 Clausura
1491 1833 1662 1871 disciplinae
1670 1845 1679 1868 ,·
1706 1834 1886 1863 Ecvolesiustici

1044 1879 1158 1907 ultimo:
1181 1880 1420 1918 Appropinquate
1441 1880 1482 1908 ad
1501 1889 1558 1914 me,
1582 1880 1702 1915 indocti,
1723 1885 1749 1909 et
1769 1889 1888 1918 conpre-

1043 1930 1110 1963 9ate
1130 1935 1180 1955 vos
1202 1927 1232 1955 iu
1253 1927 1372 1955 domum
1394 1927 1574 1964 disciplinae.

1123 1974 1160 2001 Ad
1182 1974 1344 2002 custodiam
1367 1982 1432 2003 vero
1452 1975 1536 2003 huius
1550 1975 1648 2003 domus
1663 1975 1808 2004 necessarii
1824 1977 1889 2003 sunt

1045 2024 1166 2058 quatuor
1188 2021 1330 2050 custodes:
1353 2021 1440 2049 timor
1460 2021 1622 2050 humilians
1629 2032 1639 2055 ;
1654 2022 1833 2050 Ecclesiastici
1850 2022 1888 2049 vi-

1047 2068 1151 2105 gesimo
1177 2068 1343 2105 septim011:
1367 2068 1399 2096 Si
1418 2076 1477 2096 non
1508 2069 1539 2096 in
1561 2069 1662 2097 timore
1685 2069 1803 2097 Domini
1822 2072 1887 2102 ete,

1046 2115 1226 2143 subvertetur
1247 2115 1351 2144 domus
1370 2119 1430 2143 tua.
1447 2131 1482 2136 —
1499 2115 1602 2144 Pudor
1617 2116 1782 2149 occultans;
1797 2116 1889 2152 quarti

1047 2162 1149 2199 Regum
1171 2165 1286 2199 quarto:
1315 2162 1390 2190 Varle
1410 2166 1435 2190 et
1451 2162 1600 2199 inyredere
1614 2163 1733 2191 domum
1748 2167 1773 2191 et
1787 2163 1889 2191 claude

1047 2210 1153 2238 ostium
1175 2212 1225 2238 etc.
1241 2226 1280 2229 —
1297 2209 1383 2237 Dolor
1404 2209 1553 2242 eaecitans:
1575 2209 1660 2238 Exodi
1676 2209 1837 2238 duodecimo
1851 2207 1888 2237 ¹2:

1048 2256 1143 2294 Neque
1163 2256 1237 2285 enim
1259 2259 1322 2286 erat
1342 2256 1460 2289 (lomus,
1482 2256 1513 2284 in
1534 2264 1593 2294 qua
1614 2265 1671 2285 non
1692 2256 1798 2285 iaceret
1812 2265 1890 2284 mor-

1048 2307 1124 2332 tuus.
1138 2320 1174 2324 —
1187 2305 1279 2331 Amor
1293 2302 1470 2336 sollicitans;
1485 2303 1611 2331 Matthaei
1628 2303 1758 2339 vigesimo
1774 2305 1888 2340 quarto:

1049 2351 1081 2379 Si
1100 2350 1187 2378 sciret
1206 2349 1434 2386 paterfamilias,
1457 2358 1515 2387 qua
1537 2348 1611 2378 liora
1625 2348 1679 2386 fur
1693 2353 1835 2378 venturus
1849 2358 1891 2377 es-

1047 2401 1097 2430 set,
1112 2397 1248 2434 oiqilaret
1268 2397 1365 2434 utique
1386 2399 1411 2424 et
1431 2404 1488 2424 non
1509 2397 1623 2430 sineret,
1638 2395 1755 2433 perfodi
1772 2396 1890 2424 domum

1047 2454 1142 2473 suam.

1126 2491 1162 2519 Ad
1186 2491 1375 2519 incentionem
1396 2498 1462 2518 vero
1484 2490 1584 2519 Cin-Isti
1608 2490 1633 2518 in
1660 2491 1711 2518 hae
1738 2490 1819 2518 domo
1841 2498 1890 2527 per

1048 2539 1244 2568 discussionem
1274 2537 1436 2574 requiritur,
1464 2537 1537 2574 quod
1566 2540 1717 2574 quaeratur
1740 2537 1891 2565 intentione

210 2715 215 2730 ¹
234 2716 264 2738 lta
281 2717 332 2739 eod.
350 2717 512 2745 Voraviesusis,
530 2718 567 2740 alii
584 2719 670 2748 referta
677 2728 686 2748 ,⁴
698 2723 827 2749 sequuntur
839 2721 873 2743 ΡΞ.
887 2722 923 2749 35,
935 2722 957 2743 9.
970 2724 991 2744 et

144 2754 188 2776 1061
207 2755 231 2782 3,
253 2755 286 2777 18.

208 2792 217 2805 ²
236 2794 300 2816 Vers.
319 2795 345 2821 5;
363 2798 491 2823 sequuntur
508 2796 542 2818 ΡΞ.
561 2797 602 2823 22,
621 2797 642 2819 6.
659 2800 681 2819 et
698 2798 739 2825 26,
758 2798 778 2820 i.

208 2831 217 2844 ³
236 2833 302 2855 Vers.
320 2834 346 2861 83
363 2838 490 2862 sequuntur
509 2834 547 2856 lob
565 2836 606 2862 23,
623 2836 645 2857 3.
663 2838 685 2858 et
701 2836 772 2859 Exod.
790 2837 830 2864 33,
854 2838 886 2860 13.

208 2870 217 2883 ⁴¹
235 2871 300 2894 Ycrs,
319 2873 340 2894 8.
358 2879 419 2901 seq.;
437 2873 541 2902 sequitur
559 2875 624 2897 prov.
642 2876 679 2903 21,
697 2876 736 2897 21.

208 2909 218 2921 ⁵
236 2911 302 2933 Vers.
319 2911 327 2933 ri
338 2912 355 2933 1.

211 2948 220 2961 ⁶
238 2950 303 2972 Vcrs.
321 2950 347 2977 2;
364 2951 468 2979 sequimi·
486 2951 552 2974 liceli.
570 2952 611 2980 29,
629 2953 667 2974 28.

1112 2720 1119 2732 ⁷
1138 2721 1202 2742 Vers.
1222 2719 1246 2746 45
1265 2719 1368 2747 sequitur
1386 2719 1453 2741 Mare.
1470 2719 1496 2747 6,
1516 2719 1536 2741 li.

1110 2757 1119 2769 Β
1137 2759 1158 2780 ln
1176 2758 1192 2779 B
1210 2758 1247 2780 iiie
1264 2758 1368 2780 additur:
1386 2757 1502 2779 Gloriosae
1519 2763 1614 2785 prorsus
1631 2760 1652 2779 ct
1668 2756 1832 2779 desiderabiles
1849 2758 1892 2779 hae

1048 2797 1191 2819 inventiones
1203 2800 1252 2823 cto,
1266 2799 1289 2818 ut
1307 2796 1327 2817 in
1345 2796 1396 2824 ipso
1414 2801 1533 2823 sermone;
1551 2798 1572 2818 et
1590 2796 1646 2818 infra
1665 2795 1700 2817 bis
1717 2796 1802 2824 aliquid
1821 2795 1891 2818 addit.

1110 2834 1119 2847 ⁹
1138 2836 1201 2858 Yors.
1220 2835 1263 2863 ‘24;
1281 2835 1384 2863 sequitur
1401 2835 1435 2857 ΡΞ.
1454 2835 1494 2862 92,
1513 2835 1534 2858 5.

1112 2874 1131 2886 ¹⁰
1148 2874 1213 2896 Vcrs.
1232 2874 1257 2901 53
1276 2874 1379 2902 sequitur
1396 2873 1463 2896 Eccli.
1481 2873 1518 2900 51,
1536 2874 1574 2896 31,

1112 2913 1127 2927 ¹¹
1149 2914 1212 2935 Vei-s.
1232 2913 1257 2940 'iq
1275 2912 1378 2941 sequitur
1396 2913 1431 2934 lV.
1449 2913 1505 2940 Reg.
1524 2912 1549 2941 l,
1567 2913 1588 2935 3.
1607 2913 1628 2935 si.

1111 2951 1130 2964 ¹2
1149 2952 1213 2974 Yers.
1232 2952 1274 2979 305
1292 2952 1395 2980 sequitur
1412 2952 1488 2974 unuh.
1508 2952 1549 2979 24,
1568 2952 1604 2974 43.

1903 483 2023 507 Quadruplex

1927 507 1999 525 domus.

1913 950 1940 968 De
1956 949 2016 973 prima

1913 975 2013 996 tanguntur

1920 998 2006 1020 quatuor.

1903 1464 1955 1485 Item,
1969 1463 1992 1482 de
2005 1468 2034 1482 se-

1903 1487 1964 1506 cunda
1977 1492 2022 1511 qua-

1936 1513 1986 1529 tuor.

1911 1977 1941 1996 Ad
1958 1977 2018 2000 ipsius

1911 2001 2014 2019 custodiam

1901 2024 2023 2047 requiruntur

1923 2050 2009 2071 quatuor.

1903 2491 1925 2509 Et
1938 2491 2001 2512 eliam,
2011 2492 2032 2509 ut

1907 2514 2024 2533 ihiiureuia-

1917 2540 1947 2556 tur
1960 2538 2013 2556 Chri-

1942 2562 1988 2579 stus.
