2243 3348
252 735 277 753 De
291 734 374 757 proprie—

243 760 280 776 tate
286 758 374 776 caeliter-

243 782 268 799 tia
285 781 304 799 in
318 780 372 799 tertia

242 804 353 823 hierarchia.

248 1014 323 1041 Triplex
335 1019 367 1037 pa-

289 1042 324 1055 [ΙΙΒ.

263 1201 358 1224 Quomodo

248 1224 316 1251 triplex
323 1224 378 1266 'panis

253 1250 277 1266 sit
290 1253 308 1265 in
338 1253 374 1265 riu-

262 1271 361 1294 cipatibus,

254 1294 375 1317 Archangelis

256 1320 274 1337 et
287 1318 369 1341 Angelis.

279 2138 368 2157 Hor-tatio.

389 185 444 213 612)

390 261 530 290 hominum
552 262 730 288 armatorum.
754 258 879 293 Magnum
902 259 943 284 est
964 254 1102 283 confidere
1124 253 1150 281 in
1179 253 1231 280 An-

388 309 463 345 gelis,
485 308 549 344 quia
571 306 637 334 tales
658 304 748 340 Angeli
771 302 954 333 subveniunt;
970 301 1108 329 Psalmus:
1124 299 1230 327 Montes

390 353 567 383 incircuitu
595 352 673 383 eins,
702 350 728 377 id
756 352 797 377 est
818 348 925 385 Angeli;
955 348 1036 380 item,
1066 345 1229 374 Psannus1:

391 401 521 430 ln'zmiltet
547 398 674 436 Angyelus
703 396 820 424 Domini
851 395 882 423 in
910 393 1036 422 circuitu
1069 391 1230 420 timentium

387 457 469 481 eum,
490 447 577 483 (cnm)
605 445 707 482 quibus
729 450 851 479 pugnare.
874 449 970 477 magna
999 438 1163 468 confidentia
1190 440 1232 465 est

388 496 421 529 ei,
443 495 463 523 si
487 494 558 521 videt
581 500 630 528 pro
649 499 680 519 eo
696 497 825 526 magnum
847 488 1011 517 exercitum.
1028 487 1118 522 Quare
1134 492 1231 513 sumus

388 549 483 578 segnes
504 543 530 568 et
551 538 739 567 convertimus
762 544 810 564 nos
836 535 861 563 in
884 535 1000 570 sugam?
1021 531 1135 569 Quando
1159 531 1230 559 vide-

389 595 449 615 mus
471 590 523 614 tam
548 585 651 613 nobiles
671 583 811 611 adiutores
827 581 892 609 tanti
915 579 1065 612 exercitus,
1088 577 1160 614 qnod
1178 585 1229 605 non

389 637 475 670 potest
496 631 631 668 superari,
653 638 706 658 non
728 629 861 657 debemus
884 627 980 655 timere
1002 625 1174 654 tentationes.

464 679 555 708 Tertia
579 677 731 714 proprietas
753 675 818 703 caeli
841 677 890 707 est,
905 673 977 709 quod
1000 676 1041 701 est
1063 670 1232 707 influentiae

387 727 553 764 copiositate
575 723 759 761 laryifluum,
776 730 824 758 per
839 720 911 757 qnod
929 719 1107 755 intelligimus
1123 717 1231 745 tertiam

388 773 570 802 hierarchiam
592 770 750 807 angelicam.
778 768 853 797 Unde
881 768 906 795 in
938 766 1007 794 libro
1036 764 1230 801 Sapientiae2:

389 821 534 849 Paratum
554 826 660 855 punem
682 817 716 845 de
736 815 813 844 caelo
833 813 1008 851 praestitisti
1029 812 1086 840 illis
1100 811 1132 839 ad
1156 818 1232 838 man-

387 867 553 900 ducandum,
576 864 720 893 habentem
746 863 774 891 in
795 871 825 889 se
843 869 924 889 omne
951 859 1186 888 delectamentum
1208 861 1233 885 et

387 914 480 942 omnis
501 912 618 949 saporis
639 911 822 938 stutbz'latenz.
847 908 971 944 Explicat
994 906 1037 934 hic
1060 905 1231 933 influentiam

387 962 549 998 Angelorum
566 966 649 995 super
666 957 797 994 populum
816 955 1003 987 israeliticum,
1019 952 1092 990 quod
1109 951 1231 988 pascitur

388 1007 485 1044 triplici
503 1014 586 1043 pane;
606 1009 632 1033 et
648 1004 733 1040 tangit
749 1003 793 1031 hic
809 1002 934 1030 ultimam
950 999 1145 1033 hierarchiam,
1161 1006 1232 1035 quae

388 1057 489 1083 intenta
520 1056 561 1082 est
589 1053 662 1080 circa
692 1050 902 1079 ecclesiasticam
937 1047 1138 1079 hierarchiam,
1167 1045 1233 1082 quia

386 1109 482 1130 omnes
502 1103 570 1128 sunt
592 1096 844 1127 culministi-utorii
864 1095 989 1132 spiritus
1015 1097 1042 1122 ct
1062 1094 1128 1121 dant
1153 1092 1232 1121 nobis

387 1148 519 1185 triplicem
543 1154 649 1183 panem,
672 1144 737 1181 quia
758 1144 848 1172 cibant
871 1151 920 1170 nos
939 1139 1231 1178 pane-manuduetio,

387 1194 596 1232 pane-eruditio
617 1197 643 1221 et
667 1190 941 1228 pane-supportatio.
963 1205 999 1208 —-
1026 1188 1133 1216 Primus
1155 1187 1233 1223 panis

387 1245 428 1270 est
450 1240 690 1277 Prtncnnauum,
713 1238 759 1275 qui
783 1237 883 1265 habent
905 1243 954 1263 nos
977 1242 1026 1271 per
1048 1234 1177 1270 exempla
1206 1233 1231 1260 in
1260 1265 1261 1270 ¹

388 1292 526 1317 aeternam
558 1286 753 1315 beatitudinem
788 1282 989 1314 manuducere;
1023 1280 1233 1317 pane-eruditio

387 1336 477 1364 cibant
499 1342 548 1362 nos
571 1331 756 1369 Arebanyeli,
779 1338 899 1367 quorum
922 1332 963 1357 est
994 1336 1044 1356 nos
1065 1335 1166 1356 arcana
1186 1327 1233 1355 do-

386 1390 463 1415 cere;
486 1381 531 1409 sed
553 1378 817 1417 pane-supportatio
839 1381 866 1405 et
887 1375 1062 1413 confortatio
1078 1375 1169 1403 cibant
1185 1382 1234 1402 nos

387 1428 499 1466 Angyeti,
521 1428 567 1464 qni
592 1427 691 1455 habent
713 1433 762 1453 nos
785 1425 810 1452 in
833 1423 973 1460 prosperis
995 1425 1021 1450 et
1042 1422 1165 1450 adversis
1186 1429 1234 1449 cu-

386 1476 495 1505 stodire.
520 1475 602 1503 Dicit:
628 1474 773 1501 Paratum
794 1479 900 1509 panem
918 1470 951 1498 (le
966 1469 1043 1498 caeto
1059 1468 1236 1506 praestitisti

387 1524 443 1551 illis
464 1526 514 1550 etc.
537 1522 573 1549 Ad
595 1520 659 1558 quid
672 1523 682 1548 ἱ)
704 1519 783 1548 Utin
803 1518 978 1556 fortitudine
993 1517 1050 1545 eibi
1072 1516 1157 1544 istius
1171 1524 1233 1543 am-

387 1570 516 1598 bulemus
531 1568 734 1606 quadraginta
755 1566 855 1595 diebus
871 1574 961 1603 usque
983 1565 1022 1592 ad
1043 1567 1167 1592 montem
1185 1563 1236 1590 Dei

388 1617 489 1649 Horeb,
504 1616 575 1644 sicut
590 1615 652 1643 fecit
668 1614 752 1647 Elias3
770 1613 893 1641 Psalmus
908 1613 934 1639 3z
953 1612 1065 1640 [anuas
1081 1610 1154 1639 caeli
1167 1618 1234 1647 ape-

387 1665 447 1692 ruit
462 1668 485 1692 et
499 1663 573 1700 pluit
590 1662 646 1690 illis
660 1669 774 1689 manna
790 1660 830 1688 ad
851 1658 1096 1687 manducandum
1105 1668 1114 1690 ;
1126 1665 1233 1694 panem

388 1711 564 1748 Anyelorunz
580 1707 773 1737 manducarit
788 1706 886 1740 sionim
909 1705 1026 1734 cibaria
1047 1705 1127 1732 misit
1148 1704 1188 1732 eis
1204 1704 1235 1731 in
1262 1731 1263 1736 ,

1262 1756 1264 1786 ξ
1292 1756 1337 1781 tus
1356 1751 1501 1780 circularis
1516 1758 1568 1779 non
1586 1753 1682 1778 cessat.
1697 1765 1735 1769 —-
1750 1748 1892 1785 Quomodo
1908 1748 1992 1785 igitur
2007 1747 2143 1784 quietahi-
2159 1754 2241 1779 Quaeso

386 1757 578 1786 abumlantia.
602 1756 623 1784 O
645 1755 761 1788 fratres,
792 1762 840 1790 per
870 1753 971 1781 Deum!
1000 1752 1089 1788 Angeli
1120 1753 1235 1787 possunt

386 1805 451 1833 dare
473 1812 568 1840 panem
592 1803 684 1831 istum.
701 1801 776 1829 Pavit
793 1800 925 1829 Dominus
940 1799 965 1827 in
981 1799 1090 1827 deserto
1113 1797 1236 1826 ministe—

388 1851 427 1879 rio
443 1851 605 1887 Angelorum
627 1857 674 1885 per
690 1847 873 1885 quadraginta
893 1854 980 1875 annos
993 1849 1127 1874 sea-centa
1141 1844 1235 1872 millia

384 1901 586 1935 pugynatorum
601 1899 612 1912 4
638 1900 664 1924 et
680 1895 806 1924 similiter
822 1894 931 1931 vulgus.
949 1893 1069 1929 Populus
1084 1895 1173 1920 tamen
1191 1891 1235 1919 ille

387 1952 494 1981 semper
515 1944 567 1972 suit
581 1944 675 1971 durae
691 1942 811 1970 ceruicis
826 1945 849 1969 et
866 1939 1082 1969 incircumcisis
1097 1938 1236 1967 cordibus

386 1996 409 2020 et
431 1991 557 2020 auribus
578 1999 690 2027 semper
708 1990 762 2017 Deo
785 1988 897 2016 restitit.
914 1988 938 2016 Si
955 1988 1005 2016 iste
1029 1986 1147 2023 populns
1167 1993 1236 2022 pane

387 2039 494 2068 caelesti
518 2038 640 2066 nutritus
662 2040 711 2070 est,
733 2036 800 2073 quid
821 2035 982 2063 dubitamus
1004 2036 1075 2062 nos?
1098 2034 1154 2061 Non
1171 2035 1236 2061 sunt

388 2086 477 2123 Angeli
501 2085 692 2122 pauperiores,
708 2091 790 2120 quam
809 2086 873 2111 tnnc
888 2082 1017 2114 fuerunt;
1034 2085 1060 2109 et
1072 2085 1158 2118 petra
1174 2081 1235 2109 sun-

387 2134 467 2162 dehat
481 2133 520 2161 eis
535 2132 613 2160 ribos
629 2140 779 2169 unitarum
791 2131 810 2158 ⁵.
827 2147 865 2150 —-
880 2130 968 2162 Certe,
984 2128 1128 2158 carissimi.
1144 2128 1165 2156 si
1181 2128 1236 2156 ele-

388 2188 517 2209 varemus
539 2183 657 2208 mentem
680 2181 801 2206 nostram
823 2177 856 2205 ad
886 2176 1071 2204 hierarchiam
1095 2175 1173 2204 istam
1196 2174 1235 2202 of-

389 2227 520 2255 ferentem
542 2226 621 2254 nobis
635 2225 725 2254 omnia
748 2225 807 2258 ista,
829 2232 883 2252 non
899 2231 1022 2252 essemus
1043 2230 1189 2259 pauperes.
1209 2222 1234 2249 Si

388 2274 487 2310 aliquis
508 2276 579 2301 esset
602 2280 715 2309 pauper,
731 2275 757 2300 et
772 2271 842 2299 alius
863 2270 976 2299 offerret
997 2269 1019 2298 ei
1043 2269 1132 2297 omnia
1150 2269 1236 2301 hona;

389 2320 491 2348 stultus
512 2322 592 2353 esset,
607 2320 628 2348 si
652 2327 704 2347 non
727 2319 847 2355 aperiret
862 2318 885 2346 ei
908 2317 1018 2346 ostium.
1035 2316 1125 2353 Angeli
1141 2315 1237 2344 dicunt

391 2367 481 2395 nohis:
504 2366 638 2403 Suscipite
660 2366 797 2402 exempla,
819 2365 986 2393 documenta
1007 2367 1034 2392 et
1055 2363 1167 2391 servitia
1189 2370 1236 2390 no-

391 2417 447 2442 stra
468 2418 494 2442 et
509 2414 675 2447 ministeria;
698 2416 724 2441 et
746 2421 795 2441 nos
811 2420 908 2440 sumus
924 2411 1066 2445 rusticani,
1081 2410 1147 2447 quia
1161 2410 1236 2438 clau—

390 2461 481 2488 dimus
502 2461 540 2488 eis
561 2460 661 2488 ostium
684 2463 711 2488 et
733 2460 850 2488 virtutes
866 2458 1064 2487 intellectuales
1085 2460 1181 2485 contra
1195 2456 1236 2484 in—

391 2507 500 2535 ssnxum
524 2507 663 2543 ipsorum;
686 2510 713 2535 et
734 2507 794 2535 ideo
815 2506 1012 2542 multiplicata
1032 2508 1101 2532 sunt
1127 2507 1237 2541 peccata

392 2558 485 2582 nostra
506 2562 594 2590 super
616 2554 736 2590 capillos
751 2554 856 2590 eapitis
871 2553 967 2582 nostri.
984 2553 1008 2581 Si
1026 2552 1156 2580 volumus
1175 2559 1236 2579 coo-

393 2600 482 2636 perari
505 2600 654 2629 influentiis
675 2600 814 2637 ipsorum,
838 2600 914 2628 facile
936 2599 1143 2636 consequimur,
1172 2598 1237 2634 quia

391 2648 492 2676 dicitur
514 2648 539 2675 in
563 2648 683 2675 Psalmo:
708 2647 824 2684 :inplens
845 2648 908 2675 suis
929 2647 1083 2675 mandauit
1104 2646 1138 2674 cle
1156 2649 1189 2678 te,
1205 2648 1237 2673 ut

1055 175 1228 204 SERMONES
1250 175 1292 203 DE
1315 174 1455 202 SANCTlS.

1287 251 1452 280 custodiant
1474 254 1498 278 te
1513 251 1543 278 in
1562 249 1695 278 omnibus
1714 249 1770 278 viis
1789 249 1864 282 tuis,·
1880 249 2022 286 sequitur:
2039 250 2133 286 Super

1287 298 1419 334 aspidem
1439 301 1464 325 et
1479 296 1647 325 basiliscum
1664 295 1830 324 ambulabis
1844 299 1868 324 et
1883 296 2065 325 conculcabis
2080 296 2132 324 leo-

1286 353 1350 373 nem
1363 349 1388 372 et
1398 344 1556 372 draconem
1568 346 1619 371 etc.
1633 359 1668 363 —
1681 343 1727 371 Hic
1744 342 1829 379 tangit
1839 345 1960 379 quatuor
1972 342 2134 371 tentationes
2146 350 2235 396 Quattuor]

1287 390 1530 423 horribilissimas‚
1553 389 1655 426 quihus
1676 389 1802 418 diabolus
1834 392 1920 418 tentat
1942 389 2090 423 hominem,
2118 396 2135 417 a
2168 375 2238 420 ΜΨ

1287 437 1390 475 quihus
1412 436 1564 473 poterimus
1585 436 1664 464 nohis
1684 444 1781 465 cavere
1797 436 1948 464 ministerio
1969 435 2132 472 Angelorum

1288 488 1314 513 et
1336 484 1471 520 prolicere
1492 483 1526 511 cle
1547 483 1654 511 virtute
1684 483 1715 511 in
1738 483 1873 512 virtutem
1888 483 1907 510 ⁶.
1930 482 1981 511 Sed
2003 482 2081 511 multi
2104 490 2135 510 os
2239 486 2243 508 i

1285 534 1399 568 ponunt
1423 531 1452 558 e'n
1467 530 1555 564 eaelo,
1571 534 1597 558 et
1611 530 1714 567 linyua
1729 538 1830 558 eorum
1845 529 1984 558 transivit
1998 530 2029 557 in
2044 533 2134 557 terra.
2238 510 2243 566 i

1288 578 1453 614 Loquuntur
1471 577 1504 605 de
1525 577 1689 605 caelestibus
1704 580 1730 605 et
1745 577 1872 605 allectum
1888 576 1989 605 habent
2006 576 2031 604 in
2049 578 2135 604 terre·
2239 573 2243 615 l

1289 625 1346 658 nis,
1368 624 1400 652 ad
1423 623 1537 660 spiritus
1559 623 1765 660 magnificantes
1780 626 1807 651 et
1828 623 1998 651 illustrantes
2017 629 2070 650 non
2093 629 2137 650 re·
2237 620 2243 656 1

1288 670 1417 707 spiciunt.
1444 670 1496 698 Hoc
1524 672 1566 698 est
1587 669 1714 705 (dictum)
1743 672 1836 697 contra
1866 668 1992 697 doctores
2020 668 2136 705 philoso-
2240 657 2243 730 4

1289 719 1405 754 phantes
1427 721 1453 746 et
1475 720 1571 745 contra
1592 716 1746 753 theologos,
1768 716 1815 752 qui
1845 716 1999 752 loquuntur
2020 715 2054 744 de
2079 722 2136 743 cae-
2241 737 2243 758 1

1290 765 1421 798 lestihus,
1443 767 1470 792 at
1491 763 1583 792 delicit
1604 771 1701 792 eorum
1723 763 1846 791 affectus.

1368 813 1472 848 Quarta
1494 810 1649 847 proprietas
1664 810 1729 838 caeli
1752 813 1809 843 est,
1831 809 1903 846 quod
1920 812 1961 838 est
1975 817 2136 837 consonan-
2150 816 2178 835 no
2190 810 2240 860 prop}¹

1290 859 1347 887 tiae
1366 857 1643 896 proportionalitate
1664 857 1689 885 in
1712 857 1827 885 orbibus
1841 860 1868 885 et
1890 856 2010 884 motibus
2025 855 2083 884 suis
2098 863 2138 884 re·
2162 841 2236 891 ‹ffirff

1289 906 1423 943 gulariter
1444 905 1625 938 oraminum,
1648 908 1675 932 et
1691 904 1740 932 ista
1762 903 1917 940 proprietas
1937 903 2003 931 caeli
2028 902 2138 939 respicit
2162 887 2241 934 2¹35&ss

1289 962 1401 982 omnem
1430 952 1635 989 dispositionem
1664 951 1788 979 caelestis
1820 950 1992 979 hierarchiae
2021 950 2137 978 invicem
2149 934 2243 977 hzssiiltill

1290 1001 1407 1033 relatae;
1431 1000 1476 1028 lob
1491 1000 1517 1027 ⁷:
1541 998 1613 1035 Quis
1634 998 1787 1027 enarrabit
1808 998 1957 1026 caelorum
1977 997 2136 1031 rationem,

1289 1052 1313 1076 et
1335 1050 1502 1075 concentum
1518 1046 1591 1075 caeli
1611 1045 1677 1083 quis·
1698 1045 1828 1073 dormire
1855 1044 1964 1082 faciet?
1986 1047 2036 1073 etc.
2067 1043 2139 1079 Quis

1289 1094 1443 1123 enarrabit
1465 1093 1612 1121 caelorum
1636 1092 1801 1120 rationein?
1823 1091 1926 1120 scilicet
1947 1095 2083 1128 quantum
2105 1090 2139 1119 ad

1289 1141 1491 1170 distinctionem
1518 1140 1637 1168 orbium.
1661 1139 1815 1175 Philosophi
1848 1138 1926 1175 prius
1950 1138 2140 1166 distinxerunt

1290 1190 1375 1224 (octo)
1388 1187 1478 1220 orbes,
1495 1190 1589 1223 postea
1604 1185 1758 1222 philosophi
1774 1185 1940 1213 addiderunt
1955 1192 2075 1218 nonum;
2091 1183 2138 1212 sed
2156 1192 2242 1218 oenum»

1290 1236 1333 1264 isti
1352 1244 1403 1263 non
1427 1237 1564 1263 noverunt
1580 1241 1691 1261 omnem
1707 1232 1912 1269 dispositionem
1928 1231 2047 1260 orbium.
2064 1230 2139 1259 Unde
2151 1215 2241 1257 „rffiffi

1290 1283 1398 1311 Veritas
1419 1285 1445 1309 et
1460 1280 1598 1317 Sapientia
1612 1283 1724 1308 aeterna
1739 1279 1878 1307 enarravit
1894 1278 1972 1307 nobis
1986 1277 2140 1314 dispositio-

1291 1338 1353 1358 nem
1369 1329 1495 1361 orbium;
1517 1330 1544 1356 et
1559 1327 1611 1355 ista
1626 1326 1733 1355 Veritas
1748 1325 1851 1354 addidit
1871 1325 1950 1354 nobis
1964 1325 2034 1353 duos
2048 1324 2139 1359 orbes,

1291 1377 1394 1405 scilicet
1415 1374 1606 1412 crystallinum
1622 1377 1649 1402 et
1669 1381 1842 1410 empyreum.
1863 1372 1914 1409 Qui
1937 1380 2030 1401 coram
2052 1372 2140 1408 philo-

1291 1423 1474 1460 sophantibus
1498 1425 1611 1458 poneret
1632 1421 1698 1449 istos
1719 1420 1789 1448 duos
1820 1420 1901 1448 orbes
1931 1419 2072 1448 videretur
2100 1419 2140 1446 in-

1291 1471 1391 1503 sanire,
1414 1469 1479 1506 quia
1502 1469 1553 1496 hoc.
1574 1471 1615 1496 est
1636 1468 1710 1495 ultra
1732 1467 1881 1499 rationem;
1905 1466 1950 1495 sed
1972 1465 2049 1504 quod
2069 1464 2140 1493 stul-

1292 1522 1352 1545 tum
1369 1521 1408 1545 est
1426 1516 1477 1544 Dei
1495 1514 1657 1552 sapientius
1679 1518 1718 1542 est
1740 1513 1913 1542 bominibus.
1930 1513 2051 1541 Dicitur:
2074 1520 2140 1541 con*

1292 1569 1406 1593 eentum
1429 1563 1502 1592 caeli
1522 1563 1588 1600 quis
1609 1562 1739 1590 dormire
1753 1560 1861 1598 saciet?
1884 1560 1929 1589 ioh
1944 1568 1997 1588 non
2013 1559 2078 1588 dicit
2099 1567 2141 1588 se-

1292 1611 1413 1640 cundum
1430 1610 1585 1647 opinionem
1599 1609 1777 1645 Pythagorae,
1789 1608 1835 1645 qui
1848 1607 1964 1641 dicebat,
1977 1604 2140 1636 concentum

1291 1666 1351 1687 esse
1366 1658 1560 1694 sphaerarum,
1576 1656 1623 1684 sed
1639 1659 1704 1684 sunt
1721 1654 1939 1691 proportionales
1958 1653 2092 1682 motiones
2113 1652 2141 1681 in

1291 1705 1407 1734 orbibus
1429 1704 1501 1737 suis;
1524 1706 1551 1732 et
1573 1706 1664 1731 motus
1678 1702 1788 1730 orbium
1804 1705 1845 1730 est
1860 1700 2019 1735 circularis,
2041 1703 2068 1729 et
2084 1708 2142 1728 mo-

2167 1778 2232 1797 cidens

2193 1802 2239 1821 vitu!

1292 1804 1339 1828 tur
1361 1802 1453 1827 motus
1474 1798 1605 1826 orbium?
1629 1797 1708 1829 Dico,
1731 1796 1803 1833 quod
1827 1798 1974 1824 moventur
1995 1795 2092 1829 orbes,
2111 1797 2143 1823 ut

1292 1846 1414 1875 serviant
1428 1844 1551 1874 Creatori
1567 1852 1633 1877 suo;
1648 1847 1675 1872 et
1691 1844 1716 1871 in
1731 1843 1789 1880 ipso
1801 1843 1971 1880 quietantur.
1987 1842 2143 1871 Concentus

1292 1894 1343 1922 iste
1365 1895 1470 1929 spectat
1491 1891 1524 1920 ad
1546 1894 1631 1920 totam
1654 1890 1838 1919 hierarchiam
1864 1889 2015 1926 angelicam
2043 1896 2143 1917 novem

1292 1941 1435 1974 ordinum,
1459 1942 1542 1976 prout
1570 1938 1686 1966 invicem
1719 1940 1785 1966 sunt
1805 1937 1932 1965 ordinati.
1956 1936 1986 1964 Et
2007 1944 2093 1973 supra
2114 1943 2143 1964 se

1294 1988 1450 2017 hierarchia
1461 1987 1583 2023 angelica
1595 1986 1677 2014 hahet
1689 1985 1829 2022 Virginem
1844 1984 2008 2021 gloriosam;
2023 1986 2050 2012 et
2065 1983 2143 2012 beata

1292 2035 1376 2071 Virgo
1399 2041 1484 2070 supra
1505 2041 1533 2061 se
1557 2032 1639 2061 hahet
1654 2032 1741 2060 lesum
1757 2031 1908 2064 Christum,
1931 2030 2026 2059 Filium
2044 2037 2142 2063 suum;

1292 2090 1342 2111 nec
1362 2082 1473 2115 mirum,
1489 2081 1510 2109 si
1526 2080 1581 2108 duo
1596 2080 1707 2108 ordines
1722 2080 1810 2114 (sunt)
1825 2078 1899 2107 ultra
1920 2085 2018 2106 novem
2033 2077 2144 2106 ordines

1293 2129 1469 2166 Angelorum.
1492 2127 1647 2155 Concentus
1662 2126 1727 2154 caeli
1744 2129 1785 2154 est
1801 2125 1944 2154 harmonia
1959 2124 2047 2153 laudis
2061 2131 2144 2161 ange-

1293 2176 1376 2209 licae,
1405 2175 1486 2211 quia,
1508 2174 1579 2202 sicut
1601 2173 1627 2201 in
1650 2173 1756 2201 cithara
1777 2176 1856 2201 sonat
1877 2171 2016 2208 quaelihet
2040 2171 2144 2200 chorda

1293 2222 1445 2251 secundum
1469 2220 1674 2257 proportionem
1691 2223 1717 2247 et
1731 2219 1860 2247 virtutem
1876 2226 1953 2247 suam
1964 2240 1971 2252 ,
1993 2217 2032 2246 sic
2046 2225 2144 2246 secun—

1292 2269 1358 2297 dum
1380 2269 1452 2297 dona
1467 2268 1516 2303 (et)
1532 2267 1649 2296 virtutes
1671 2267 1696 2294 in
1720 2266 1843 2302 angelica
1867 2265 2024 2294 hierarchia
2046 2272 2144 2293 novem

1292 2316 1422 2345 ordinum
1437 2319 1478 2344 est
1500 2313 1730 2347 exsultationum,
1754 2312 1957 2341 iucunditatum
1980 2315 2006 2341 et
2030 2311 2142 2340 laudum

1293 2363 1363 2391 mira
1384 2362 1571 2391 consonantia.
1595 2361 1718 2389 Psalmus
1733 2360 1759 2388 ⁸:
1783 2360 1875 2394 Beati,
1891 2359 1943 2398 qui
1956 2358 2090 2387 habitant
2112 2358 2144 2386 in

1292 2411 1377 2439 domo
1406 2413 1475 2442 tua,
1500 2408 1635 2441 Domine,
1658 2408 1723 2445 quia
1745 2408 1857 2440 beatus,
1880 2407 1926 2443 qui
1950 2414 2013 2435 cum
2035 2406 2143 2443 Angelis

1293 2460 1382 2494 potest
1397 2456 1509 2485 laudare
1527 2456 1689 2489 Dominum3
1713 2455 1851 2483 Psalmus:
1868 2454 1902 2482 In
1917 2457 2068 2490 conspeetu
2084 2454 2144 2480 An-

1291 2504 1423 2541 gelorum
1442 2503 1571 2540 psallam
1593 2503 1651 2531 tibi.

1372 2550 1414 2578 Sic
1437 2550 1521 2586 igitur
1544 2553 1608 2578 sunt
1630 2553 1686 2577 tres
1708 2548 1881 2577 hierarchiae
1903 2550 1930 2576 et
1951 2554 2048 2576 novem
2070 2546 2144 2575 ordi·
2160 2552 2243 2577 Repetiti

1293 2605 1342 2626 nes
1363 2597 1538 2633 Angelorum.
1569 2597 1596 2624 ln
1626 2596 1714 2632 prima
1739 2594 1895 2623 hierarchia
1924 2596 1990 2622 sunt
2018 2592 2143 2626 leroni,

1293 2644 1340 2681 qui
1364 2643 1532 2680 respondent
1560 2643 1686 2680 potestati
1710 2642 1812 2676 Patris,
1841 2644 1868 2670 et
1898 2640 2068 2674 Cherubim,
2095 2639 2143 2677 qui

455 2781 462 2793 ¹
483 2783 562 2804 l‘salm.
581 2783 617 2809 33,
635 2782 656 2803 8.

455 2819 463 2832 ²
482 2820 537 2847 Cap.
559 2821 592 2848 16,
610 2822 652 2847 20;
670 2824 797 2849 sequuntur
816 2820 883 2843 Hebr.
906 2822 923 2848 l,
942 2822 949 2842 l
958 2821 977 2843 -1-.
995 2824 1017 2843 et
1034 2822 1066 2843 111.
1089 2821 1145 2848 Reg.
1164 2820 1199 2848 19,
1218 2820 1239 2842 8.

454 2858 463 2870 ³
484 2860 562 2881 l‘salni.
580 2860 618 2886 77,
636 2860 671 2881 323.
690 2866 755 2888 seqq.

457 2897 465 2909 *¹
484 2899 526 2919 (Tsr.
546 2899 613 2920 lixod.
636 2900 668 2925 12,
687 2899 724 2920 37.
742 2902 762 2921 et
781 2900 847 2921 Num.
865 2900 901 2924 26,
920 2899 962 2926 Ξ31ς
980 2899 1084 2928 sequitur
1096 2900 1143 2921 Act.
1161 2898 1183 2925 7,
1201 2898 1239 2920 51.

457 2936 466 2949 ⁵
484 2938 613 2964 Respicitur
631 2938 696 2959 Dent.
714 2939 734 2964 8,
756 2939 793 2965 153
812 2942 939 2966 sequuntur
959 2939 991 2960 Ps.
1010 2939 1047 2965 39,
1064 2939 1096 2959 12.
1115 2941 1134 2960 et
1155 2938 1187 2960 Ps.
1202 2938 1239 2964 90,

399 2977 430 2997 ll.
453 2976 485 2997 13.

1359 2778 1368 2791 ⁵
1386 2779 1515 2807 Respicitnr
1533 2779 1567 2800 Ρε.
1586 2778 1623 2804 83,
1640 2777 1665 2804 73
1685 2777 1788 2805 seqnitur
1808 2777 1841 2798 Ps.
1860 2775 1901 2802 72,
1919 2776 1940 2797 9.

1359 2817 1367 2829 ⁷
1385 2818 1441 2846 Cap.
1460 2818 1501 2844 38,
1521 2818 1557 2839 37.
1576 2830 1602 2833 —
1622 2816 1666 2838 Cir.
1684 2817 1780 2842 Bonav.‚
1798 2816 1821 2837 ll.
1839 2816 1899 2837 sent.
1918 2814 1940 2836 d.
1960 2814 1995 2836 ili.
2014 2820 2036 2841 p.
2053 2814 2075 2835 ll.
2087 2820 2109 2842 q.
2127 2814 2143 2835 1.

1296 2858 1319 2880 in
1337 2864 1412 2886 corp.;
1431 2857 1534 2885 sequitur
1553 2858 1566 2878 1.
1585 2856 1635 2879 Cor.
1659 2857 1675 2882 l,
1694 2856 1735 2883 253
1761 2855 1791 2877 de
1808 2854 1917 2877 sententia
1942 2854 2085 2881 Pythagorae
2102 2854 2142 2875 cfr.

1296 2897 1396 2924 Aristot„
1415 2897 1437 2918 11.
1456 2896 1485 2919 de
1504 2896 1578 2923 Caelo,
1591 2902 1610 2918 c.
1629 2896 1649 2917 9.
1663 2899 1683 2917 ei
1697 2894 1801 2917 Ambros.
1821 2895 1842 2916 11.
1856 2894 1877 2916 in
1891 2893 1997 2915 Hexaem.
2011 2899 2030 2914 c.
2043 2893 2064 2914 2.
2082 2898 2104 2914 n.
2122 2892 2143 2914 6.

1359 2935 1368 2948 Β
1387 2936 1469 2958 Psalm.
1488 2936 1524 2961 83,
1543 2935 1568 2963 53
1587 2935 1691 2963 sequitur
1710 2935 1742 2956 Ps.
1765 2934 1814 2960 137,
1832 2934 1853 2955 2.
