2243 3348
20 550 51 565 are
63 550 106 569 pec·

20 592 102 611 ieudum.

12 1433 72 1456 eundo,
84 1433 107 1452 cle

11 1462 60 1476 rsona
75 1462 107 1481 pa-

13 1481 45 1500 itis
54 1482 73 1499 et.
79 1485 107 1499 ra-

11 1509 31 1523 de
48 1504 106 1523 Deum

4 1527 78 1557 ¹xgendi.

11 1714 114 1757 iiiiii&

15 2047 24 2061 e
33 2044 60 2062 est
72 2042 114 2061 imi-

11 2067 85 2085 «ιευᾱυε.

660 179 751 207 FERlA
774 179 877 207 SEXTA
899 179 930 207 ΙΝ
952 180 1146 208 PARASCEVE.
1169 181 1277 209 SERMO
1300 182 1327 210 tl.
1802 191 1857 217 265

122 259 250 287 invidiam
273 258 360 286 voluit
387 257 517 286 conviciis
546 256 682 289 lacessiri;
711 259 827 292 quarto,
855 256 889 284 ad
917 264 966 284 ex-

122 306 247 343 piandam
271 305 419 334 humanam
442 303 633 341 negligentiam
658 303 746 331 voluit
771 303 848 339 ligari
870 306 897 331 et
918 303 966 331 ssa-

122 352 233 390 gellari3
254 352 367 388 quinto,
389 351 422 379 ad
451 349 615 387 expiandam
645 350 795 377 humanam
823 349 966 377 avaritiam

123 399 210 427 voluit
230 399 257 427 in
280 406 362 427 cruce
383 397 533 430 denudari3
556 399 651 430 sexto,
673 396 706 424 ad
732 395 896 432 expiandam
926 395 967 423 lu-

124 446 235 474 xuriam
251 445 337 473 voluit
352 444 476 480 crucifigi
491 446 518 472 et
533 443 617 472 clavis
631 442 771 479 transfigi;
788 442 918 478 septime,
934 442 967 470 ad

122 492 286 529 expiandam
309 492 456 520 humanam
472 490 645 527 gulositatem
661 489 748 517 voluit
768 489 829 517 felle
844 491 871 517 et
891 491 968 517 aceto

122 539 220 576 potari.
244 555 279 558 —
291 537 401 571 Videte,
423 540 557 573 quantum
573 536 706 565 debemus
720 539 863 572 peccatum
882 535 966 563 odire.

122 586 196 615 Deus
218 585 296 613 Pater
318 583 429 612 tradidit
452 583 547 611 Filium
570 590 651 611 suum
674 581 891 618 crucifigendum
907 589 968 617 pro-

123 636 185 669 pter
201 634 341 668 peceatum
357 630 565 658 destruendum.
581 629 631 665 Qui
648 629 732 665 igitur
753 628 834 656 modo
855 630 968 664 peccant

124 678 263 707 Christum
285 678 387 706 iterum
409 676 583 713 crucifigunt.
607 675 681 704 Unde
696 675 840 712 Apostolus
853 675 877 702 ¹:
894 674 968 702 Irri-

124 730 184 754 tam
205 725 271 763 quis
291 723 404 760 faciens
423 724 509 761 legem
524 723 617 761 Moysi
630 723 693 751 sine
706 722 768 750 ulla
783 721 968 750 miseratione

123 772 237 802 (luobus
257 771 300 800 vel
329 771 423 799 tribus
450 770 568 798 testibus
595 770 731 798 moritur.
763 769 877 805 Quanto
906 777 966 797 ma-

122 820 168 858 9is
188 819 300 856 putatis
320 819 465 846 deteriora
486 817 594 845 mereri
613 816 761 853 supplicia
786 816 838 854 qai
860 815 969 844 Filiam

126 866 177 895 Dei
196 866 408 895 conculcaverit
423 868 447 893 et
461 864 636 901 sanquinem
652 862 813 891 testamenti
825 862 969 899 pullatum

123 913 265 942 duxemft?
288 912 423 940 Docemur
446 911 530 948 igitur
548 911 593 939 hic
615 918 723 938 summo
744 910 862 938 horrore
883 909 970 937 vitare

124 963 275 997 peccatum.
298 959 322 987 Si
347 961 497 995 poneretur
519 957 670 996 ineptione
688 956 851 989 cuiuslibet,
873 959 969 984 utrum

124 1007 215 1044 potius
237 1006 318 1035 vellet
340 1005 480 1041 crucifigi,
504 1005 545 1033 vel
568 1004 641 1041 quod
670 1004 797 1032 Christus
825 1003 970 1039 crucifige-

124 1057 218 1087 retur3
241 1053 335 1087 credo,
358 1052 431 1090 quod
452 1052 568 1089 quilibet
593 1051 619 1079 in
649 1059 766 1087 persona
787 1058 837 1079 sua
858 1050 971 1087 eligeret

124 1101 215 1138 potius
237 1100 377 1137 crucifigi;
399 1099 445 1128 sed
467 1099 593 1127 Christus
615 1106 665 1135 pro
685 1101 795 1134 peccato
817 1097 971 1126 crucifixus

124 1151 180 1177 est:
204 1148 287 1184 igitur
308 1147 355 1184 qui
378 1146 458 1174 modo
480 1149 574 1182 peccat
588 1145 728 1173 Christum
745 1145 843 1173 iterato
861 1144 970 1173 crucifi-

124 1193 170 1230 git.
193 1193 268 1222 Unde
295 1192 438 1229 Apostolus
467 1192 499 1220 ad
525 1191 677 1220 Hebraeos:
701 1192 832 1219 Bursam
853 1189 970 1226 crucili-

123 1243 218 1277 9entes
238 1239 425 1276 sibimetipsis
448 1238 557 1266 Filiam
581 1238 632 1266 Dei
652 1241 675 1265 et
691 1237 814 1265 ostentui
828 1236 969 1265 habentes.

125 1287 150 1315 Si
166 1286 251 1323 igitur
270 1285 476 1314 consideremus
497 1292 607 1313 causam
631 1283 764 1320 passionis
785 1283 902 1316 Christi,
924 1282 970 1310 ad-

124 1333 256 1362 discimus
278 1333 364 1361 vitare
386 1335 538 1369 peccatum.

204 1380 344 1413 SecundO,
366 1380 387 1408 si
409 1379 615 1407 consideremus
633 1386 792 1415 personam
814 1377 970 1414 patientis,

124 1427 299 1460 addiscimus,
311 1426 429 1463 qualiter
444 1425 577 1454 debemus
592 1425 679 1453 Deum
694 1424 821 1461 diligere.
838 1424 865 1452 In
883 1424 949 1452 lsaia
960 1424 970 1440 2

123 1474 224 1502 dicitur
245 1473 279 1502 de
300 1473 425 1501 Christo:
449 1472 521 1508 Quis
535 1476 574 1500 est
590 1472 641 1500 iste
654 1471 706 1509 qui
724 1471 799 1499 venit
816 1471 850 1499 cle
868 1471 970 1504 Edem,

126 1520 221 1549 tinctis
243 1520 368 1548 vestibus
389 1520 422 1548 cle
440 1520 543 1553 Bosra,
559 1527 689 1555 aspersus
706 1518 860 1555 sanguine?
882 1518 970 1552 Certe,

126 1568 170 1596 hic
184 1570 225 1596 est
239 1567 429 1600 dulcissimus,
445 1566 603 1603 unigenitus
618 1566 665 1594 Dei
682 1565 780 1599 Filius,
800 1573 882 1602 quem
897 1565 971 1594 Deus

124 1614 191 1643 dare
223 1614 309 1642 voluit
336 1622 385 1650 pro
414 1613 493 1641 nobis
520 1613 553 1641 ad
582 1612 810 1649 crucifigendum.
839 1612 920 1645 lteni,
944 1612 970 1640 in

125 1661 300 1698 Apocalypsi:
324 1660 431 1689 Dileaeit
451 1668 503 1688 nos
523 1664 549 1688 ec
569 1659 639 1688 lavit
661 1668 713 1687 nos
734 1667 754 1687 a
772 1659 900 1695 peccatis
920 1667 970 1687 no-

124 1708 195 1736 stris
217 1708 248 1736 z'n
268 1708 414 1745 sanquine
441 1715 503 1735 sao.
527 1707 573 1735 Hic
594 1710 635 1735 est
664 1707 721 1735 Rex
750 1706 891 1739 excelsus,
913 1706 970 1742 glo-

125 1755 231 1789 riosus,
260 1754 436 1788 benedictus,
464 1753 652 1790 omnipotens,
680 1753 844 1789 opulentus,
871 1752 971 1789 sempi-

126 1804 222 1830 ternus
250 1804 278 1830 et
305 1801 403 1838 plenus
431 1800 609 1829 iucunditate.
639 1800 696 1828 Rex
728 1799 856 1828 excelsas
886 1799 971 1828 voluit

125 1852 213 1877 morte
235 1848 427 1882 condemnari3
451 1848 508 1876 Rex
529 1847 685 1885 yloriosziS,
707 1847 864 1883 opprobriis
883 1846 970 1880 affici3

126 1895 184 1924 Rex
199 1895 371 1929 benedictas,
386 1894 587 1931 blasphemari3
604 1895 661 1922 Rex
677 1894 865 1930 omnipotens,
878 1893 971 1930 flagel-

126 1942 190 1976 lari,
211 1942 290 1979 ligari
313 1946 340 1970 et
361 1942 452 1975 caedi3
474 1945 501 1970 et
520 1942 577 1970 Rex
600 1942 760 1978 opalentia,
783 1940 897 1974 nudam
915 1941 971 1969 Rex

125 1989 317 2025 sempiternus
338 1989 476 2025 crucifigi,
499 1992 525 2017 et
540 1989 597 2017 Rex
611 1988 714 2024 plenas
729 1987 910 2016 iucunditate
925 1995 971 2015 vo-

125 2036 177 2065 luit
198 2036 342 2064 amaricari
358 2040 415 2072 ‘pro
430 2039 456 2064 te
471 2035 609 2064 salvando.
626 2051 662 2055 --
678 2035 777 2068 Morte,
792 2034 865 2067 dico,
886 2034 973 2062 voluit

126 2082 312 2115 condemnari,
335 2085 361 2111 et
384 2085 413 2110 tu
436 2090 516 2110 versa
536 2082 595 2110 vice
616 2081 699 2110 debes
713 2081 783 2109 velle
805 2084 894 2109 morte
908 2089 972 2109 con-

126 2129 249 2158 demnari
272 2137 322 2166 pro
344 2129 418 2166 ips03
441 2129 505 2165 quia
527 2128 683 2165 opprobriis
702 2128 789 2156 voluit
809 2128 896 2161 affici,
912 2128 972 2156 ideo

126 2180 154 2206 et
174 2180 205 2205 tu
228 2185 277 2213 pro
299 2177 357 2213 ipso
378 2176 461 2204 debes
482 2176 552 2204 velle
574 2175 643 2203 affici
667 2174 839 2211 opprobriis;
863 2178 889 2203 et
908 2174 973 2211 quia

127 2224 185 2253 Rex
206 2223 368 2252 benedictus
397 2223 483 2251 voluit
505 2222 704 2259 blasphemari,
727 2222 787 2250 ideo
808 2225 835 2250 et
856 2225 886 2250 tu
908 2230 972 2250 con-

127 2270 197 2298 vicia
218 2270 309 2298 crucis
331 2278 383 2298 non
406 2270 489 2298 debes
504 2269 671 2302 abhorrere,
694 2272 721 2297 et
736 2269 801 2305 quia
816 2269 873 2297 Rex
888 2269 973 2297 omni-

127 2321 224 2353 potens
247 2316 333 2344 voluit
354 2316 502 2352 flagellari,
525 2316 585 2344 ideo
606 2320 632 2344 et
654 2319 684 2344 tu
699 2316 806 2352 flagella
820 2324 874 2344 non
890 2315 973 2344 debes

127 2364 279 2392 abhorrere
301 2363 486 2399 paupertatis3
508 2367 534 2391 et
556 2363 621 2399 quia
643 2371 693 2399 pro
721 2362 800 2391 nobis
820 2366 861 2391 est
883 2362 973 2391 cruci-

128 2410 216 2443 fixus,
238 2410 323 2447 igitur
345 2413 371 2438 et
393 2414 423 2438 tu
444 2418 497 2438 non
520 2410 603 2438 debes
626 2410 722 2438 timere
738 2409 853 2438 vulnera
875 2413 901 2437 et
917 2409 973 2438 ine-

127 2457 257 2493 diaspro
282 2457 341 2493 ipso
373 2456 518 2485 sustinere.
549 2457 629 2490 Ecce,
660 2456 749 2493 qualis
778 2456 972 2484 commutatio!

128 2504 293 2532 Tradiditse
309 2512 359 2540 pro
375 2504 542 2536 vermiculo,
558 2503 695 2540 quomodo
710 2512 776 2540 ergo
798 2512 846 2532 nos
862 2512 914 2532 non
930 2504 974 2532 de-

128 2550 226 2578 bemus
247 2558 296 2578 nos
318 2550 427 2578 tradere
457 2558 506 2586 pro
534 2549 665 2577 Christo?
694 2550 807 2586 Propter
830 2550 881 2578 hoc
909 2550 974 2578 dicit

129 2597 262 2625 Dominus
284 2597 309 2624 in
332 2596 449 2625 Canticis
464 2597 490 2624 3:
513 2596 591 2624 Pone
612 2604 656 2624 mc
678 2601 709 2624 ut
723 2596 911 2633 signaculum
925 2605 974 2624 su-

125 2652 180 2680 per
195 2652 244 2672 cor
257 2648 351 2677 tillim,
364 2648 396 2672 nt
409 2643 597 2680 stynaculum
611 2652 700 2679 sapei·
713 2642 867 2671 bracln'mn
880 2648 974 2677 ticam,

129 2690 200 2728 qaia
221 2689 308 2726 fortis
330 2694 362 2718 ut
382 2699 462 2718 mors
490 2690 617 2724 dilectio,
640 2690 719 2718 (lura
740 2690 816 2718 sicut
838 2689 975 2727 infernas

193 2854 200 2866 ¹
220 2854 288 2876 Hebr.
312 2855 350 2881 10,
368 2855 404 2876 28.
422 2861 470 2884 seq.
487 2860 507 2877 et
527 2855 580 2877 deIn
597 2861 617 2877 c.
634 2856 659 2882 6,
678 2856 698 2877 6.

192 2892 201 2905 ²
219 2893 274 2920 Cap.
291 2894 333 2919 63,
356 2894 378 2920 1;
396 2894 500 2922 sequitur
518 2895 588 2922 Apoc.
611 2895 628 2921 l,
646 2895 668 2917 5.

193 2932 201 2945 ³
219 2932 274 2960 Cap.
293 2934 316 2959 S„
335 2934 355 2954 6Δ

192 2972 202 2984 ⁴
219 2972 288 2999 Epist.
307 2973 321 2994 l.
338 2972 389 2995 Cor.
407 2973 432 2999 2,
452 2973 472 2994 2.
490 2976 511 2995 et
528 2973 575 2995 Gal.
596 2974 620 2998 2.

224 3018 251 3042 S.
267 3019 359 3041 Bonan.
375 3031 404 3035 —
418 3019 487 3041 Toni,
502 3020 540 3041 tx.

643 2973 675 2995 19.
694 2979 741 3003 seq.

1023 257 1189 286 aemulatio.
1213 275 1248 278 —
1271 259 1321 294 Qui
1343 259 1503 296 frequenter
1526 261 1627 298 legeret
1655 263 1755 292 librum
1778 265 1858 293 istum

1024 303 1176 339 Sapientiae
1207 305 1325 333 multum
1348 306 1567 335 inflammaretur
1595 309 1627 336 ad
1656 317 1775 338 amorem
1804 312 1860 340 Dei,

1024 349 1122 378 Beatus
1151 351 1311 380 Franciscus
1333 360 1437 388 pauper
1462 353 1513 381 fuit
1541 357 1568 382 et
1595 354 1753 391 frequenter
1781 358 1861 386 istum
1890 367 1978 389 Exempla

1024 394 1125 423 librum
1149 396 1228 432 legit,
1250 397 1288 424 ita
1309 398 1380 433 quod
1403 406 1450 426 cor
1473 399 1672 428 inflammatum
1695 402 1791 430 habuit
1818 411 1862 431 su-
1914 389 1954 407 ἀπ’

1025 449 1075 477 pra
1098 442 1225 476 modum;
1248 443 1320 479 quod
1343 444 1411 472 bene
1427 446 1522 480 patuit.
1539 446 1637 475 Habuit
1651 448 1722 476 enim
1739 449 1864 485 stigmata,

1025 488 1157 516 Crucifixi
1180 489 1315 525 impressa
1337 490 1362 518 in
1386 491 1512 520 manibus
1534 496 1560 521 et
1581 494 1695 529 pedibus
1716 499 1742 523 et
1771 496 1862 525 latere.

1026 534 1057 562 Et
1078 535 1221 571 Apostolus
1244 536 1343 565 Paulus
1365 537 1433 566 bene
1455 538 1551 567 habuit
1581 548 1628 568 cor
1650 541 1863 577 inssamniatum3

1025 581 1098 610 unde
1113 581 1222 610 dixit4:
1245 582 1309 610 Non
1330 583 1403 611 enim
1426 584 1572 619 iudicavi,
1594 596 1638 615 nie
1657 588 1732 616 scire
1753 589 1865 627 aliquid

1026 628 1101 656 inter
1122 637 1171 656 vos
1185 628 1245 656 nisi
1259 629 1355 657 lesam
1372 629 1530 665 Christum,
1545 636 1569 660 ct
1584 632 1660 662 lianc
1678 635 1863 671 cracifiaeam.

1028 674 1158 709 Christo,
1181 675 1285 711 inquit,
1307 676 1440 712 conflictis
1460 686 1526 705 sum
1547 680 1637 707 cruci.
1664 681 1729 709 Viuo
1752 686 1864 716 autem,

1025 721 1086 750 iam
1107 730 1165 749 non
1187 730 1252 759 690,
1274 722 1345 750 vivit
1365 732 1432 751 vero
1464 724 1494 752 in
1521 733 1565 753 me
1594 725 1734 755 Christus.
1756 745 1793 748 -—
1814 730 1865 757 De-

1026 769 1124 797 bemus
1145 769 1230 805 igitur
1245 769 1404 806 frequenter
1420 770 1510 807 legere
1525 772 1623 807 (hunc)
1638 773 1738 802 librum
1761 775 1866 811 Sapien-

1026 816 1079 844 tiae
1100 819 1125 844 et
1148 815 1322 844 considerare
1347 825 1504 853 personam
1526 818 1667 854 patientis,
1689 824 1719 847 ut
1747 821 1866 850 addisca—

1026 870 1089 891 mus
1110 862 1250 890 Christum
1273 862 1394 899 diligere.

1105 909 1197 938 Tertia
1212 918 1276 946 pars
1291 910 1352 938 libri
1369 911 1522 947 Sapientiae
1537 915 1593 946 est,
1616 913 1641 940 in
1664 921 1716 949 qua
1736 914 1866 942 docemur
1893 921 1962 947 Tertio,
1975 922 1999 940 de

1026 955 1192 992 fori-nictare
1212 956 1373 991 indiciam,
1396 958 1417 986 si
1439 958 1613 987 attendamus
1635 959 1784 988 utilitatem
1799 969 1867 997 pas·
1884 945 2011 994 {giliiffiis‘i’ss

1026 1002 1126 1031 sionis.
1143 1002 1193 1031 Sed
1209 1011 1280 1039 quae
1295 1007 1336 1031 est
1350 1003 1402 1032 ista
1419 1004 1544 1032 utilitas?
1559 1005 1595 1033 Ad
1611 1006 1676 1042 quid
1692 1007 1811 1043 scriptus
1829 1010 1870 1035 est
1885 991 2011 1032 miifflssdsst‘

1028 1049 1097 1078 liber
1118 1049 1189 1078 iste?
1211 1049 1306 1083 Certe,
1328 1053 1359 1078 ut
1380 1058 1429 1078 nos
1452 1051 1581 1080 liberaret
1601 1060 1617 1079 a
1641 1053 1806 1089 sempiterna
1828 1062 1869 1082 re·
1898 1037 1996 1083 fflfflffi

1028 1096 1202 1132 probatione,
1224 1105 1239 1124 a
1267 1097 1435 1133 sempiterna
1463 1098 1637 1132 confusione,
1667 1099 1869 1133 maledictione,
1896 1084 2002 1125 ⁵⁹¹2fflp¹¹'

1028 1143 1177 1177 servitute,
1200 1146 1320 1180 egestate
1345 1144 1402 1172 sive
1434 1145 1582 1181 pauperie,
1604 1153 1619 1173 a
1640 1146 1806 1182 sempiterna
1826 1154 1869 1174 ca-

1028 1190 1165 1225 lamitate,
1187 1199 1203 1218 a
1224 1191 1391 1227 sempiterna
1412 1192 1604 1220 amaritudine.
1620 1209 1658 1212 ——
1674 1193 1775 1226 Primo,
1797 1193 1869 1227 dico,
1886 1199 1980 1227 uberatio
1992 1205 2003 1218 a

1028 1237 1154 1266 Christus
1176 1240 1264 1266 morte
1286 1241 1327 1266 est
1340 1238 1498 1272 damnatus,
1521 1242 1550 1267 ut
1566 1247 1615 1267 nos
1631 1239 1760 1268 liberaret
1773 1248 1789 1267 a
1803 1248 1871 1268 sem-
1903 1223 1913 1241 ⁷
1926 1223 1986 1241 ’ΠΜ

1028 1284 1136 1321 piterna
1150 1284 1338 1312 damnatione
1359 1285 1416 1313 sive
1438 1285 1645 1321 reprobatione;
1668 1286 1802 1320 secundo,
1824 1294 1872 1322 op-

1028 1331 1148 1367 probriis
1169 1335 1211 1360 est
1231 1331 1358 1365 affectus,
1380 1335 1412 1360 ut
1433 1339 1482 1360 nos
1504 1332 1633 1361 liberaret
1660 1341 1676 1360 a
1707 1333 1872 1369 sempiterna

1028 1376 1215 1415 confusione,-
1236 1379 1330 1412 tertio,
1346 1381 1377 1407 ut
1392 1386 1441 1407 nos
1458 1379 1586 1407 liberaret
1600 1387 1616 1407 a
1630 1379 1795 1415 sempiterna
1809 1388 1871 1407 nia-

1028 1424 1191 1458 ledz'ctz'one,
1214 1425 1344 1453 conviciis
1359 1429 1400 1454 est
1415 1426 1572 1459 lacessitus3
1594 1429 1709 1462 quarto,
1725 1430 1765 1454 est
1780 1426 1872 1462 flagel-

1029 1471 1100 1500 latus
1115 1475 1142 1500 et
1157 1472 1274 1500 vinculis
1291 1472 1405 1509 ligatus,
1422 1477 1452 1501 ut
1467 1481 1516 1501 nos
1533 1473 1662 1501 liberaret
1676 1481 1691 1501 a
1706 1474 1871 1510 sempiterna

1027 1517 1181 1551 servitate;
1196 1518 1302 1555 quinto,
1318 1522 1359 1547 est
1374 1518 1503 1552 nudatus,
1518 1522 1549 1547 ut
1564 1527 1613 1548 nos
1628 1519 1758 1548 liberaret
1772 1528 1787 1547 a
1801 1527 1871 1547 sem-

1028 1564 1135 1600 piterna
1148 1565 1308 1601 paimei-ie,-
1323 1568 1416 1599 sexto,
1431 1569 1472 1594 est
1487 1566 1651 1600 crucifixus,
1667 1570 1698 1594 ut
1714 1574 1762 1594 nos
1776 1566 1871 1594 libera-

1028 1614 1071 1640 ret
1091 1621 1107 1640 a
1128 1612 1295 1648 sempiterna
1317 1613 1484 1641 calamitate
1492 1623 1501 1646 ‚·
1523 1613 1653 1649 septimo,
1673 1613 1735 1641 felle
1756 1616 1782 1641 et
1796 1617 1871 1641 aceto

1027 1661 1069 1686 est
1080 1660 1199 1694 potatus,
1212 1662 1243 1686 ut
1254 1667 1303 1687 nos
1315 1659 1445 1687 liberaret
1456 1667 1471 1687 a
1482 1660 1648 1696 sempiterna
1662 1659 1869 1687 amaritudine.

1107 1705 1275 1742 Impossibile
1306 1709 1348 1734 est
1379 1706 1430 1735 ista
1457 1706 1588 1740 evadere,
1617 1707 1667 1735 nisi
1696 1707 1796 1735 sentias
1823 1706 1871 1734 ali-
1898 1712 1991 1731 Liberatio

1028 1752 1093 1788 quid
1115 1752 1148 1780 de
1170 1760 1261 1781 cruce.
1285 1753 1345 1781 Sola
1367 1761 1439 1781 crux
1467 1756 1556 1790 potest
1584 1757 1610 1782 te
1637 1754 1762 1782 liberare.
1792 1754 1872 1781 Feras
1882 1741 2007 1760 mem

1028 1799 1102 1827 istud
1124 1800 1232 1836 signum
1255 1800 1281 1828 in
1304 1803 1431 1828 extremo
1446 1800 1589 1834 examine,
1605 1800 1714 1837 quando
1733 1801 1793 1829 libri
1809 1808 1871 1837 ape-

1029 1846 1146 1880 rientur,
1168 1846 1298 1883 quomam
1317 1847 1387 1875 liber
1403 1847 1474 1875 vitae
1489 1847 1633 1881 indicabit,
1650 1848 1718 1876 liber
1733 1847 1872 1876 conscien-

1029 1893 1081 1922 tiae
1103 1893 1258 1928 accusabit;
1280 1902 1392 1922 necesse
1413 1897 1455 1922 est
1481 1897 1561 1928 tunc,
1583 1894 1656 1931 quod
1687 1895 1753 1923 liber
1782 1894 1873 1922 crucis

1029 1943 1145 1969 excuset
1160 1944 1198 1974 te,
1214 1941 1234 1969 si
1252 1941 1292 1969 vis
1307 1941 1406 1969 salvari
1420 1942 1446 1975 5;
1468 1941 1547 1970 aliter
1562 1945 1681 1978 oportet,
1697 1942 1769 1978 qnod
1784 1945 1872 1970 aeter-

1028 1986 1127 2015 naliter
1143 1987 1311 2023 reproberis,
1326 1987 1400 2024 quod
1415 1991 1522 2016 avertat
1537 1988 1617 2016 Deus.
1630 2005 1668 2008 —
1683 1988 1870 2016 Necessarium
1890 1993 2003 2012 Notandum-

1029 2033 1113 2069 igitur
1135 2037 1191 2067 est,
1213 2034 1288 2070 quod
1309 2034 1476 2063 addiscimus
1498 2035 1613 2068 timere,
1636 2035 1657 2063 si
1680 2035 1808 2063 volumus
1829 2042 1872 2063 ae-

1030 2083 1136 2108 ternam
1157 2080 1360 2109 damnationem
1376 2081 1508 2115 evadere,
1530 2082 1610 2118 quia,
1632 2085 1664 2110 ut
1677 2082 1742 2110 dicit
1763 2082 1872 2118 Sapien-

1029 2127 1105 2161 tiass,
1137 2127 1256 2155 initium
1287 2128 1464 2165 sapientiae,
1497 2129 1584 2157 timor
1615 2129 1749 2161 Domini,-
1779 2128 1871 2156 odium

1030 2175 1131 2210 peccati
1161 2177 1188 2203 et
1215 2174 1372 2203 formidatio
1401 2175 1492 2203 iudicii
1521 2178 1562 2204 est
1591 2183 1768 2212 progressus;
1796 2182 1872 2203 amor

1030 2220 1182 2257 Sapientiae
1203 2225 1331 2250 aeternae
1352 2224 1394 2250 est
1413 2222 1619 2250 consummatio.
1637 2239 1673 2242 -—
1692 2222 1767 2250 Multi
1791 2222 1872 2249 istum

1031 2268 1132 2296 librum
1155 2271 1248 2296 tenent
1268 2269 1393 2297 clausum
1416 2272 1443 2297 et
1461 2273 1525 2297 sunt
1544 2269 1715 2305 insipientes,
1737 2269 1801 2305 quia
1819 2276 1871 2295 non

1031 2319 1136 2351 ponunt
1157 2315 1247 2352 ipsum
1269 2319 1332 2344 ante
1353 2316 1447 2344 oculos
1475 2316 1525 2344 nisi
1553 2316 1578 2343 in
1608 2319 1703 2343 morte.
1732 2315 1872 2351 Optimum

1030 2366 1071 2390 est
1092 2370 1201 2399 semper
1223 2363 1249 2391 in
1272 2371 1354 2391 cruce
1377 2363 1510 2392 meditari.
1527 2363 1623 2391 Nullus
1644 2366 1697 2395 est,
1719 2363 1765 2398 qui
1790 2363 1873 2398 possit

1029 2409 1175 2445 pervenire
1206 2409 1239 2437 ad
1269 2410 1473 2446 intelligentiam
1503 2410 1708 2445 scripturarum
1744 2408 1794 2436 nisi
1825 2416 1872 2444 per

1030 2463 1159 2489 crucem,
1181 2456 1247 2493 quia
1268 2457 1294 2485 in
1317 2464 1400 2485 cruce
1428 2460 1469 2485 est
1491 2464 1589 2484 manna
1610 2460 1636 2484 et
1665 2455 1766 2483 unctio.
1796 2455 1872 2483 Crux

1030 2505 1072 2531 est
1086 2502 1177 2531 clauis
1194 2504 1299 2537 David,
1316 2512 1364 2540 per
1384 2512 1466 2540 quani
1489 2511 1553 2531 arca
1574 2502 1726 2531 testamenti
1749 2502 1873 2538 aperitur

1031 2553 1057 2578 et
1079 2550 1228 2587 religatur;
1251 2551 1378 2579 Christus
1398 2551 1500 2579 dicitur
1527 2550 1650 2582 Unctus,
1674 2553 1698 2577 et
1724 2557 1739 2576 a
1765 2549 1872 2576 Christo

1031 2597 1149 2625 dicimur
1170 2597 1334 2631 Christiani,
1356 2602 1383 2625 et
1403 2597 1437 2625 ab
1459 2598 1543 2625 Uncto
1565 2597 1648 2625 uncti.
1665 2596 1706 2624 Sic
1724 2596 1806 2632 igitur
1827 2595 1872 2623 de-

1031 2643 1129 2672 bemus
1150 2644 1269 2672 secundo
1285 2644 1380 2672 tollere
1402 2652 1512 2672 cruceni
1536 2643 1635 2671 Christi
1659 2646 1688 2670 ut
1712 2642 1811 2670 librum
1828 2643 1873 2669 Sa-

1032 2690 1164 2726 pientiae,
1188 2690 1212 2717 in
1235 2698 1290 2726 quo
1312 2690 1540 2726 contemplemur.

1094 2855 1102 2867 ³¹
1121 2855 1195 2877 Vei-ha
1215 2854 1359 2883 Impossibile
1377 2856 1410 2876 est
1426 2858 1469 2875 etc.
1487 2854 1611 2875 sumsimus
1624 2859 1648 2874 ex
1661 2855 1688 2879 S,
1706 2858 1804 2880 quorum
1824 2853 1872 2874 loco

1031 2895 1100 2917 editio
1118 2894 1197 2915 habet:
1218 2893 1245 2915 El
1263 2893 1308 2915 nisi
1324 2892 1376 2921 quis
1397 2891 1523 2919 assentiat,
1543 2891 1637 2920 sianum
1660 2890 1737 2913 civicis
1759 2892 1872 2918 arcusa&

1031 2934 1120 2962 oportet
1138 2932 1225 2961 iffl'tnr,
1244 2931 1306 2961 qued
1323 2937 1386 2953 cretur
1403 2932 1423 2953 tc
1441 2931 1542 2953 esi-cimel.

1094 2971 1102 2983 '⁵
1121 2972 1187 2993 Eccli,
1210 2972 1227 2997 l,
1251 2971 1282 2991 16.
1301 2971 1332 2992 De
1350 2970 1406 2991 clavi
1427 2969 1498 2991 Daxid
1517 2970 1587 2996 Aper.
1606 2969 1631 2994 3,
1649 2968 1670 2989 7.

1750 3014 1774 3035 :it
