2243 3348
24 1016 69 1037 eum*
76 1011 123 1029 cari-

38 1036 86 1053 tans.

26 1855 122 1874 contrario.

17 2042 66 2070 lemn
79 2042 117 2067 pie-

34 2068 83 2085 tans.

667 180 709 208 DE
731 180 775 208 SS.
799 179 944 208 PHILIPPO
966 180 1006 208 ET
1028 180 1147 209 IACOBO
1169 181 1354 210 APOSTOLlS.

140 258 180 284 est
201 256 416 285 conversationis
446 264 538 293 opera.
570 257 740 294 Augustinus
769 258 794 286 in
821 258 923 295 Regula
950 258 984 286 ad

140 303 238 330 Servos
261 302 306 330 Dei
322 303 327 317 ¹
342 313 347 330 :
375 314 388 327 a
404 303 430 331 ln
452 303 526 331 omni
549 307 626 332 motu
641 307 733 333 vestro
752 304 820 333 nihil
835 304 895 339 siat,
911 305 984 342 quod

139 349 302 385 cuiusquam
324 353 466 386 aspectum
488 350 622 384 offendat,
645 351 691 379 sed
714 351 787 388 quod
803 355 922 380 vestram
937 352 984 381 de-

138 398 197 424 ceat
217 396 430 424 sanctitatem».
453 396 540 425 Idem:
561 408 574 421 «
589 398 688 426 Mirum
705 401 761 432 est,
783 398 850 426 nihil
874 399 914 427 vis
935 399 984 427 ha-

139 442 204 471 bere
226 442 329 471 malum
351 442 401 471 nisi
427 446 451 471 te
473 443 562 480 ipsum
575 454 602 477 »;
618 444 639 472 si
662 445 824 473 vestimenta
846 448 894 473 tua
909 446 983 474 lavas

138 497 227 526 saepe,
249 497 336 526 quare
367 498 420 518 non
452 497 534 526 saepe
555 493 581 519 te
603 491 693 527 ipsum
723 491 817 520 lavas?
839 492 876 520 De
899 492 983 521 huius

138 536 188 565 olei
210 536 289 569 filiis,
312 536 462 565 loannes2:
485 536 569 565 Dedit
589 537 630 565 eis
648 540 814 573 potestatem
834 538 909 574 lilios
933 539 984 567 Dei

136 583 203 619 fieri
223 582 268 611 liis
288 583 340 621 qui
353 583 474 611 credunt
490 583 520 611 in.
535 583 650 612 nomine
664 584 743 617 eius,·
760 584 885 614 loannes:
904 586 982 614 Haec

137 633 178 658 est
198 630 339 664 victoria,
362 638 437 668 quae
467 630 556 658 vincit
586 630 748 664 mundum,
769 631 841 667 fides
861 635 980 665 nostra,

137 677 163 705 id
195 679 236 706 est
269 677 438 706 mundanum
470 680 497 706 et
527 677 681 705 humanum
713 685 833 706 sensum.
867 678 982 707 Econtra

137 728 178 753 est
199 724 292 752 oleum
313 723 544 757 liaereticoru-m,·
567 724 704 753 Psalmus:
720 724 823 753 Molliti
841 729 911 753 sunt
924 734 982 753 ser-

138 779 234 799 mones
254 770 317 799 eius
347 779 437 808 super
468 771 571 805 oleum,
594 775 619 799 et
642 771 702 808 ipsi
721 775 790 799 sunt
811 771 920 799 iacula.
944 772 981 800 De

137 818 222 847 huius
236 818 308 852 liliis,
324 818 350 846 in
366 819 471 847 cantico
487 818 709 847 Deuteronomii:
736 818 890 847 Gener-atio
904 819 981 847 enim

134 873 274 902 perversa
288 869 344 899 est,
360 870 384 894 el
400 865 527 902 infideles
540 865 596 902 filii
603 876 613 899 ;
630 865 757 894 [eremias
768 865 794 893 ³:
812 865 882 893 Filii
895 865 981 893 Mem-

135 910 222 948 plzcos
242 915 267 939 et
294 911 427 949 Taplmes
457 915 723 949 constupraverunt
745 915 784 945 te,
807 912 911 940 scilicet
932 919 981 948 per

136 958 303 987 adulterium
325 959 481 988 intellectus
502 959 677 995 Scripturae;
699 957 868 995 Memplzcos,
890 958 915 986 id
941 961 982 987 est

135 1012 165 1033 os
186 1005 331 1041 serpentis.
353 1022 392 1025 —
412 1005 451 1034 De
471 1005 601 1039 secundo,
622 1005 783 1034 Proverbia:
812 1003 982 1033 Thesaurus

136 1051 354 1085 desiderabilis,
376 1055 401 1080 et
422 1052 515 1080 oleum
537 1052 568 1080 in
590 1050 757 1080 habitaculo
779 1051 860 1085 iusti,
882 1054 907 1079 et
929 1051 982 1079 im-

135 1098 266 1135 prudens
280 1097 363 1127 bomo
378 1098 533 1135 dissipabit
547 1098 629 1127 illud.
646 1114 682 1119 —
705 1097 884 1132 Thesaurus,
899 1098 926 1126 id
941 1101 982 1126 est

135 1145 259 1179 caritas,
274 1145 494 1178 dcsiderabilis;
509 1145 693 1182 Augustinus:
719 1156 733 1170 «
748 1145 832 1173 Habet
847 1144 981 1181 quidquid

136 1195 224 1228 patet,
246 1192 381 1229 quidquid
403 1192 469 1221 latet
490 1193 515 1221 in
537 1192 637 1221 divinis
659 1192 800 1221 codicibus
814 1193 861 1228 qui
884 1192 984 1220 carita-

136 1241 189 1267 tem
211 1242 303 1267 servat
325 1239 350 1267 in
375 1239 499 1268 moribus
514 1250 540 1267 ›>.
565 1240 600 1268 Et
630 1240 802 1276 imprudens
810 1250 820 1273 ,·
849 1247 913 1268 vere
935 1239 981 1267 sic.

134 1286 215 1320 Nam,
236 1286 302 1315 dum
326 1286 416 1315 tribus
446 1287 563 1321 taxillis,
586 1287 689 1316 scilicet
710 1286 871 1323 superbiae,
894 1286 983 1314 avari—

135 1333 196 1368 tiae,
219 1333 358 1368 luxuriae,
374 1334 456 1367 ludit,
472 1334 574 1368 oleum,
595 1334 622 1362 id
643 1336 684 1362 est
705 1334 869 1362 thesaurum
884 1333 983 1361 carita-

134 1380 177 1415 tis,
198 1380 296 1417 perdit.
312 1380 351 1409 De
372 1381 457 1409 huius
471 1381 543 1414 filiis,
561 1380 807 1409 Deuteronomium
820 1381 847 1408 4;
865 1379 982 1408 Benedi-

134 1430 197 1456 ctus
220 1428 303 1461 Aser,
318 1428 364 1464 qui
388 1427 588 1464 interpretatur
603 1428 709 1462 beatus,
726 1428 753 1455 in
769 1426 853 1463 filiis,
876 1435 925 1463 per
940 1435 982 1455 sa-

134 1475 329 1503 cramentalem
352 1475 605 1511 regenerationem;
626 1475 665 1502 sit
684 1474 803 1511 placens
833 1473 982 1511 fratribus

133 1522 206 1556 suis,
229 1521 255 1550 id
287 1525 329 1550 est
357 1522 522 1551 caelestibus
553 1522 675 1555 civibus;
700 1525 726 1550 et
756 1522 851 1558 tinyat
871 1521 902 1549 in
924 1520 981 1549 oleo

132 1569 232 1606 pedem
252 1577 358 1602 suum,
381 1569 406 1597 id
429 1571 470 1597 est
490 1569 628 1597 allectum.
650 1569 778 1596 Ferrum
799 1573 823 1596 el
845 1576 907 1601 aes,
923 1568 981 1596 cal-

135 1619 315 1644 ceamentum
348 1616 419 1644 eius.
449 1616 594 1648 Ferrum,
623 1616 775 1644 constantia
806 1615 832 1643 in
866 1615 981 1643 tribula-

135 1662 222 1696 tione;
245 1671 304 1696 aes,
326 1663 533 1699 perseverantia
562 1662 588 1690 in
617 1662 689 1690 bono
710 1670 801 1699 opere.
823 1662 862 1690 De
884 1662 981 1690 huius—

134 1708 205 1737 modi
234 1709 297 1737 filiis
327 1709 396 1743 olei,
429 1709 589 1745 Apostolus:
621 1709 787 1737 Inu'tatores
821 1709 872 1737 Dei
898 1712 982 1737 estote

133 1756 210 1784 sicut
239 1755 296 1792 filii
325 1756 493 1790 carissimi,
521 1759 547 1784 el
577 1755 724 1784 ambulate
755 1756 785 1784 in
816 1755 981 1790 dilectione,

133 1802 209 1831 sicut
223 1806 248 1831 et
264 1802 398 1831 Christus
412 1802 513 1831 dileat-it
532 1811 585 1831 nos
605 1806 631 1831 ct
652 1802 982 1839 tradidit-semetipsum

132 1858 187 1887 pro
207 1849 298 1878 nobis.
326 1850 443 1878 Econtra
470 1852 512 1878 est
539 1850 630 1878 oleum
652 1849 761 1878 dolosae
783 1849 982 1883 adulationis,-

135 1897 272 1925 Psalmus:
297 1896 396 1925 Oleum
425 1896 589 1933 peccatoris
610 1905 667 1924 nou
701 1896 862 1933 inzpz'nquet
892 1900 982 1933 caput

134 1952 238 1972 meum.

213 1991 251 2019 De
272 1991 353 2019 tertio
381 1991 408 2019 in
432 1990 525 2019 Luca⁵
547 1990 663 2027 legitur,
692 1990 765 2027 quod
794 1990 982 2018 Samaritanus

134 2037 257 2066 semivivi
286 2037 450 2066 vulneribus
471 2036 582 2075 infudit
603 2037 704 2065 vinum
733 2041 758 2065 et
778 2037 887 2065 oleum.
920 2037 980 2065 Iob:

136 2084 207 2121 Quis
227 2083 302 2113 milii
323 2084 450 2118 tribuat,
473 2088 506 2112 ut
535 2084 592 2112 sim.
623 2084 709 2112 iuxta
739 2092 850 2112 menses
879 2084 982 2120 pristi-

133 2140 202 2166 nos,
229 2132 332 2161 scilicet
363 2131 548 2165 innocentiae,
580 2131 698 2169 quando
730 2130 867 2159 lavabam
896 2130 982 2167 pedes

134 2187 210 2207 meos
231 2178 352 2217 butyro,
375 2178 401 2207 id
422 2181 464 2207 est
484 2178 653 2207 abundantia
676 2178 781 2215 gratiae
803 2177 982 2206 humanitatis

133 2225 243 2254 Christi.
269 2226 302 2254 Et
318 2229 404 2262 petra
425 2224 567 2263 fundebat
586 2224 661 2253 mihi
680 2224 760 2253 riuos
781 2224 835 2253 olei
841 2235 851 2258 ;
869 2225 982 2261 Aposto-

137 2273 196 2301 lus:
219 2273 309 2301 Pelra
331 2276 428 2301 autem
449 2276 513 2300 erat
536 2271 679 2300 Christus.
712 2272 750 2300 De
772 2272 815 2300 his
836 2272 898 2300 filiis
919 2271 981 2305 olei,

136 2319 378 2349 Ecclesiasticus⁶z
401 2320 436 2348 In
457 2319 617 2348 iudicando
639 2322 696 2347 esto
716 2318 837 2356 pupillis
852 2322 885 2346 ut
896 2322 982 2355 pater

199 2623 207 2636 ¹
226 2624 281 2652 Cap.
299 2625 320 2646 6.
340 2625 381 2646 Pro
399 2624 504 2652 sequenti
521 2624 571 2646 loco
589 2624 709 2651 Augustini
728 2625 768 2646 cl'r.
786 2630 855 2646 serm.
871 2624 907 2646 29.
921 2624 985 2652 (alias

137 2663 159 2685 3.
176 2663 205 2685 de
223 2663 342 2691 Diversis),
360 2669 379 2685 c.
398 2663 418 2685 4.
437 2669 458 2685 n.
477 2663 503 2690 53
520 2668 589 2685 serm.
606 2662 645 2684 72.
663 2662 727 2690 (alias
745 2663 780 2684 12.
798 2662 827 2684 de
843 2662 927 2684 Verbis
944 2662 985 2684 Do-

138 2703 211 2732 mini),
224 2709 244 2725 c.
258 2703 278 2725 4.
290 2709 312 2724 n.
325 2703 351 2730 53
364 2708 433 2724 serm.
447 2702 482 2723 82.
497 2701 561 2730 (alias
579 2702 615 2723 16.
633 2702 662 2724 de
680 2701 762 2724 Verbis
779 2702 891 2729 Domini),
909 2708 928 2723 c.
951 2702 983 2724 11.

137 2749 159 2764 n.
178 2742 214 2764 14.
232 2745 253 2764 et
270 2748 340 2765 serm.
358 2742 411 2763 298.
429 2741 493 2769 (alias
511 2741 548 2763 41.
565 2741 594 2763 de
612 2741 735 2770 Diversis),
753 2748 772 2763 c.
790 2742 810 2763 3.
828 2747 851 2763 n.
869 2741 890 2763 4.

200 2780 208 2793 ²
226 2781 282 2809 Cap.
303 2781 321 2808 1,
340 2781 380 2808 1-2ς
398 2783 528 2809 sequuntur
545 2780 559 2802 1.
576 2781 635 2802 ioan.
648 2780 670 2808 5,
685 2780 712 2807 43
730 2780 765 2802 ΡΞ.
782 2780 821 2807 54,
836 2780 873 2802 21.
885 2783 907 2802 et
918 2780 984 2802 Deut.

138 2820 180 2847 32,
198 2821 235 2842 20.

200 2858 209 2871 ³
227 2858 283 2886 Cap.
300 2859 321 2886 2,
344 2859 381 2885 163
399 2861 527 2887 sequuntur
549 2858 616 2880 Prov.
644 2858 681 2885 21,
699 2858 736 2880 20.
754 2860 775 2880 et
792 2859 897 2886 August„
915 2864 984 2880 serm.

138 2897 191 2919 350.
210 2897 274 2925 (alias
291 2898 328 2919 39.
347 2897 376 2919 de
392 2897 529 2925 Tempore),
547 2903 569 2919 n.
587 2898 607 2918 2.

201 2935 210 2948 ⁴¹
227 2935 283 2964 Cup.
301 2936 337 2963 33,
350 2936 387 2958 24.
399 2942 460 2965 seq.;
473 2938 601 2964 sequuntur
619 2936 675 2963 Epli.
688 2935 709 2963 5,
723 2936 742 2957 1.
755 2941 803 2963 seq.
816 2938 838 2957 et
850 2936 884 2958 Ps.
898 2935 950 2962 i140,
962 2935 984 2957 5.

202 2973 210 2986 ⁵
229 2975 284 3003 Cap.
302 2975 339 3002 10,
358 2975 398 3003 34,
415 2978 544 3004 sequuntur
561 2974 600 2997 lob
618 2975 661 3002 29,
679 2975 701 2996 2.
719 2975 739 2996 6.
757 2977 780 2996 et
797 2974 811 2996 l.
829 2974 880 2997 Cor.
908 2975 944 3001 10,
963 2974 983 2996 4.

1829 182 1884 211 533

1041 259 1208 287 misericors
1235 263 1261 287 et
1285 268 1341 296 pro
1363 260 1425 288 viro
1452 260 1546 288 matri
1572 269 1691 294 eorum;
1716 264 1740 289 el
1768 261 1827 289 eris
1854 265 1885 289 tu>

1040 305 1116 333 velut
1129 305 1210 341 silius
1225 306 1370 335 Altissimi
1383 306 1522 335 obcdievw.
1538 307 1654 336 Econtra
1675 311 1716 336 est
1731 308 1821 336 oleum
1838 316 1885 336 cu-

1040 351 1176 388 piditatis,
1200 352 1336 381 Psalmns:
1358 354 1379 381 A
1402 352 1504 390 fructu
1525 353 1683 391 frumenti,
1705 354 1769 382 vini
1788 358 1812 382 et
1833 355 1887 383 olei

1040 399 1090 426 sui
1109 399 1296 436 multiplicati
1314 404 1400 433 sunt;
1433 401 1556 429 lacobus:
1579 401 1727 429 Iudicium
1747 401 1810 429 sine
1830 402 1885 430 mi-

1040 444 1203 473 sericordia
1225 445 1268 473 illi
1288 446 1340 483 qui
1359 455 1416 475 non
1437 446 1504 483 fecit
1524 447 1768 476 misericordiam.
1785 448 1823 477 De
1842 449 1885 477 his

1040 490 1112 524 filiis,
1136 491 1295 520 Psalmus7:
1318 492 1389 521 Filii
1409 492 1576 527 bominum,
1598 498 1631 522 ut
1661 494 1732 532 quid
1763 494 1885 532 diligitis

1040 538 1199 566 vanitatem
1219 543 1245 567 ct
1265 539 1407 577 quaeritis
1429 541 1636 569 mendacium?
1658 558 1694 562 —
1717 542 1755 570 De
1770 545 1883 579 quarto,

1041 584 1183 613 ieremias:
1200 585 1292 614 Nolite
1306 586 1433 614 occidere
1448 596 1510 620 nos,
1526 588 1597 625 quia
1612 587 1751 616 babemus
1769 587 1884 617 tbesau-

1039 639 1089 658 ros
1111 631 1141 659 in
1162 640 1252 669 aqro,
1274 632 1419 669 frumenti
1438 637 1463 661 el
1484 633 1585 662 hordei
1603 638 1629 663 et
1655 635 1709 663 olei
1731 640 1757 664 et
1783 636 1882 664 mellis.

1042 678 1210 712 Frumenti,
1229 679 1351 708 caritatis
1371 680 1398 708 iu
1417 680 1514 715 corde;
1530 680 1639 715 bordei,
1657 683 1836 718 poenitentiae
1856 684 1883 712 in

1039 731 1136 757 carne;
1160 725 1228 759 olei,
1251 726 1414 754 humilitatis
1428 726 1454 754 in
1471 728 1692 762 conversatione;
1716 729 1821 763 mellis,
1838 738 1884 766 pa-

1039 770 1150 799 tientiae
1172 771 1197 799 in
1219 772 1404 801 tribulatione.
1427 772 1466 801 De
1488 773 1530 801 his
1551 774 1601 802 olei
1625 774 1702 808 filiis,
1724 776 1883 811 Apostolus:

1041 817 1222 855 Quicumque
1243 818 1319 847 enirn
1341 818 1455 855 Spiritu
1472 820 1524 847 Dei
1544 824 1686 856 aguntur,
1705 822 1728 849 ii
1747 826 1815 850 sunt
1829 822 1886 859 filii

1041 863 1099 891 Dei.
1124 864 1150 891 ln
1174 864 1357 901 Evangelioss:
1382 866 1487 893 Discite
1509 874 1528 894 a
1548 875 1602 900 me,
1624 868 1695 904 quia
1716 868 1796 896 mitis
1816 878 1882 897 sum

1039 913 1064 938 et
1092 909 1212 938 humilis
1243 912 1336 940 corde.
1366 911 1466 940 Contra
1488 913 1557 948 (eos)
1579 914 1625 949 qui
1659 914 1706 942 filii
1738 915 1884 951 superbiae

1039 960 1120 991 sunt,
1144 957 1202 986 lob:
1226 958 1290 994 lpse
1310 962 1350 986 est
1371 967 1423 987 rese
1443 967 1532 996 super
1564 960 1716 989 uniuersos
1736 961 1813 997 filios
1833 971 1883 990 su-

1036 1003 1163 1041 perbiae.
1180 1021 1216 1024 —
1232 1005 1271 1033 De
1285 1005 1395 1042 quinto,
1412 1006 1437 1034 in
1454 1006 1524 1034 libro
1546 1007 1664 1043 Regum:
1687 1008 1776 1036 Vende
1791 1008 1884 1038 oleum

1039 1053 1064 1078 et
1086 1050 1171 1079 redde
1193 1051 1332 1079 creditori
1353 1056 1401 1080 tuo
1409 1062 1419 1085 ,·
1442 1056 1473 1080 tu
1494 1057 1592 1081 autem
1613 1057 1637 1081 et
1657 1053 1714 1090 filii
1735 1055 1780 1082 tui
1799 1055 1884 1084 vivite

1040 1097 1074 1125 de
1095 1097 1214 1135 reliquo.
1238 1098 1278 1126 Ex
1295 1098 1346 1127 lioc
1362 1099 1433 1127 enim
1449 1100 1604 1136 acquiritur
1617 1109 1680 1137 pax
1695 1101 1726 1128 in
1737 1102 1883 1137 convictu,

1040 1144 1114 1181 quod
1136 1144 1248 1173 cuilibet
1279 1145 1351 1182 quod
1384 1154 1466 1174 suum
1488 1150 1529 1175 est
1551 1147 1692 1181 redditur,
1714 1151 1741 1176 et
1766 1149 1884 1186 quisque

1040 1199 1091 1220 suo
1112 1195 1158 1220 est·
1181 1195 1342 1226 coutentus;
1369 1193 1550 1229 Apostolus⁹2
1578 1193 1694 1222 Nemini
1723 1195 1884 1233 quidquam

1041 1238 1175 1273 debeatis,
1197 1239 1258 1267 nisi
1278 1243 1311 1267 ut
1331 1239 1452 1268 invicem
1475 1240 1614 1277 diliqatis.
1638 1241 1676 1269 De
1698 1242 1740 1270 liis
1762 1242 1834 1276 filiis,
1856 1243 1882 1271 in

1042 1285 1201 1322 Evangelio:
1226 1285 1325 1319 Beati,
1343 1286 1474 1323 pacifici,
1496 1287 1634 1325 quoniam
1656 1287 1713 1323 filii
1735 1289 1787 1316 Dei
1800 1298 1885 1318 voca-

1040 1331 1159 1360 buntur.
1190 1333 1306 1361 Econtra
1336 1336 1377 1361 est
1408 1333 1499 1361 oleum
1532 1334 1699 1368 discordiae,
1721 1335 1754 1364 de
1775 1344 1830 1372 qna
1858 1336 1885 1364 in

1040 1379 1159 1407 Psalmo:
1183 1379 1312 1407 Intravit
1332 1380 1408 1408 sicut
1430 1388 1510 1418 aqua
1534 1381 1563 1408 in
1595 1381 1738 1410 interiora
1759 1382 1838 1416 eius,
1861 1386 1887 1411 et

1038 1426 1114 1454 sicut
1129 1426 1221 1454 oleum
1237 1427 1267 1455 in
1283 1427 1397 1455 ossibus
1411 1427 1481 1455 eius.
1499 1444 1535 1448 —
1550 1428 1589 1456 De
1604 1431 1696 1462 sexto,
1714 1429 1884 1458 Psalmus¹⁰z

1039 1473 1141 1501 Inueni
1163 1474 1258 1502 Dauid
1278 1482 1396 1502 servum
1417 1482 1524 1507 meum,
1540 1474 1597 1502 oleo
1618 1479 1719 1503 sancto
1734 1484 1796 1504 meo
1811 1477 1887 1505 unxi

1038 1528 1122 1552 euim·
1137 1520 1163 1548 in
1180 1520 1250 1548 libro
1272 1521 1391 1557 Regum:
1415 1520 1550 1549 Abiectus
1565 1525 1605 1549 esc
1619 1521 1735 1559 clypeus
1749 1521 1884 1559 fortium,

1038 1567 1155 1605 clypeus
1177 1567 1266 1601 Saul,
1288 1568 1377 1605 quasi
1397 1576 1455 1595 uon
1475 1572 1545 1595 esset
1567 1572 1673 1596 unctus
1694 1568 1760 1597 oleo.
1783 1569 1821 1598 De
1842 1569 1886 1598 his

1038 1614 1115 1647 filiis,
1130 1614 1156 1642 in
1174 1614 1243 1642 libro
1265 1614 1505 1643 Machabaeorum:
1529 1615 1622 1642 Estote
1641 1614 1698 1651 lilii
1713 1619 1839 1652 potentes
1861 1619 1886 1644 et

1038 1665 1122 1689 estote
1140 1661 1245 1697 parati
1264 1661 1295 1688 in
1316 1669 1411 1694 inane,
1434 1665 1466 1688 ut
1478 1661 1613 1698 puynetis
1627 1661 1770 1690 adversus
1791 1662 1886 1690 natio-

1037 1716 1088 1735 nes
1109 1706 1172 1735 [ια-ε,
1196 1707 1312 1735 Econtra
1333 1710 1374 1735 est
1394 1708 1486 1736 oleum
1507 1708 1709 1741 dissolutionis;
1728 1708 1754 1736 in
1771 1709 1885 1737 Prover-

1039 1753 1090 1782 biis
1103 1755 1140 1781 ¹¹:
1157 1754 1258 1782 Favus
1273 1753 1429 1787 distillans,
1445 1754 1524 1782 labia
1539 1754 1708 1788 meretricis,
1723 1758 1747 1783 el
1761 1755 1886 1783 nitidius

1039 1800 1113 1834 oleo,
1134 1803 1238 1838 qutlur
1259 1800 1330 1829 eius.
1353 1800 1521 1829 Novissima
1542 1804 1637 1829 autem
1660 1801 1753 1836 illius,
1776 1810 1886 1830 amara

1039 1848 1127 1886 quasi
1147 1847 1336 1876 absinthium.
1359 1847 1398 1876 De
1427 1848 1469 1876 liis
1496 1847 1559 1876 siliis
1584 1848 1795 1877 maledictionis:
1820 1849 1885 1883 filii,

1039 1895 1086 1932 qui
1108 1895 1283 1931 dereliquere
1304 1895 1375 1923 viam
1397 1897 1513 1929 rectam,
1536 1896 1620 1924 secuti
1637 1899 1702 1924 sunt
1719 1896 1835 1925 Balaam*
1849 1904 1886 1925 ex

1039 1942 1136 1976 Bosor,
1158 1942 1205 1979 qui
1227 1942 1321 1971 docuit
1341 1942 1412 1970 filios
1435 1942 1516 1970 lsrael
1545 1942 1675 1971 inebriari
1698 1943 1761 1971 vino
1782 1946 1809 1972 et
1830 1943 1885 1972 for-

1039 1989 1134 2018 nicari.
1163 2006 1203 2009 —
1231 1989 1269 2017 De
1300 1989 1433 2025 septimo,
1466 1989 1598 2018 lsaiasffl:
1629 1988 1789 2026 Auferetur
1810 1999 1885 2018 onus

1040 2036 1137 2072 culpae
1163 2036 1197 2064 de
1218 2035 1338 2064 numero
1362 2040 1411 2064 tuo
1436 2040 1461 2064 et
1488 2036 1591 2073 iuqum
1621 2045 1723 2073 poenae
1751 2037 1784 2065 de
1815 2037 1884 2065 collo

1040 2087 1106 2116 tuo,
1135 2086 1159 2110 et
1188 2086 1394 2119 computrescet
1422 2083 1525 2120 iuqum
1555 2092 1574 2111 a
1601 2082 1678 2119 facie
1699 2083 1759 2112 olei.
1783 2083 1820 2112 De
1843 2083 1885 2112 his

1039 2130 1117 2163 filiis,
1141 2130 1300 2166 Apostolus:
1323 2130 1393 2166 Ipsa
1421 2133 1561 2158 creatura
1593 2130 1765 2159 liberabitur
1786 2139 1805 2159 a
1826 2140 1886 2159 ser-

1039 2177 1127 2205 vitute
1150 2176 1349 2213 corruptionis
1370 2176 1401 2205 in
1434 2176 1593 2205 libertatem
1623 2177 1735 2214 gloriae
1755 2177 1885 2213 filiorum

1042 2224 1099 2252 Dei.
1123 2224 1193 2260 Ipsa
1215 2226 1371 2257 creatura,
1395 2223 1420 2251 id
1442 2226 1483 2252 est
1506 2224 1602 2257 homo,
1625 2224 1671 2260 qui
1702 2224 1887 2252 communicat

1039 2279 1102 2300 eum
1125 2271 1197 2299 omni
1221 2273 1349 2299 creatura
1364 2274 1390 2299 et
1405 2273 1446 2299 est
1461 2270 1550 2298 omnis
1571 2273 1700 2298 ereatura
1713 2271 1748 2304 ¹³,
1767 2271 1838 2299 sicut
1859 2273 1886 2299 et

1040 2318 1091 2347 ibi:
1110 2318 1282 2346 Praedicate
1303 2317 1383 2345 omni
1403 2320 1571 2351 creaturae,
1593 2317 1620 2345 id
1639 2320 1680 2345 est
1701 2317 1749 2346 soli
1772 2317 1885 2346 homini.

1105 2622 1114 2635 ⁸
1131 2622 1186 2650 Cap.
1205 2622 1226 2651 4,
1248 2623 1280 2644 10.
1299 2628 1359 2650 seq.;
1377 2624 1505 2650 sequuntur
1522 2622 1558 2643 Ps.
1577 2621 1597 2648 4,
1615 2622 1637 2643 7.
1654 2625 1676 2644 et
1695 2622 1736 2643 lac.
1755 2622 1781 2648 2,
1804 2622 1837 2643 13.

1106 2661 1114 2674 ⁷
1133 2662 1214 2684 Psalm.
1234 2661 1260 2688 4,
1278 2662 1305 2688 33
1322 2663 1450 2689 sequuntur
1468 2661 1507 2682 ler.
1527 2660 1563 2687 41,
1582 2661 1601 2682 8.
1620 2662 1642 2682 ct
1659 2661 1725 2682 Rom.
1744 2661 1768 2688 ὃ,
1788 2660 1823 2682 14.

1104 2700 1113 2713 ⁸
1132 2701 1207 2723 lilattli.
1230 2701 1268 2727 11,
1286 2700 1327 2727 ‘293
1345 2702 1474 2728 sequuntur
1493 2698 1531 2721 Iob
1550 2699 1586 2727 41,
1604 2700 1641 2722 25.
1658 2702 1680 2722 et
1698 2700 1734 2722 lV.
1751 2700 1807 2727 Reg.
1827 2699 1847 2728 4,
1864 2700 1888 2722 7.

1104 2738 1114 2751 ⁹
1132 2741 1198 2762 Rom.
1218 2740 1258 2766 13,
1276 2740 1303 2766 8,
1321 2741 1451 2767 sequuntur
1469 2739 1545 2760 Malui.
1562 2739 1588 2765 5,
1606 2738 1628 2760 9.
1644 2741 1666 2760 et
1685 2739 1718 2760 ΡΞ.
1740 2738 1789 2765 108,
1808 2739 1844 2760 l¹8.

1104 2777 1124 2791 ¹⁰
1142 2779 1224 2801 Psalm.
1246 2779 1287 2805 88,
1305 2778 1347 2805 20,
1370 2780 1499 2806 sequuntur
1526 2778 1549 2800 ll.
1571 2778 1628 2805 fleg.
1646 2778 1654 2798 ¹l
1666 2795 1671 2804 ,
1689 2778 1726 2799 21.
1744 2780 1765 2800 et
1783 2778 1798 2800 l,
1815 2778 1887 2800 Maeli.

1041 2819 1066 2846 3,
1084 2819 1121 2841 58.

1104 2856 1121 2869 ¹¹
1141 2856 1196 2883 Cap.
1216 2856 1241 2883 5,
1259 2856 1281 2878 3.
1298 2862 1361 2884 seq.;
1379 2855 1432 2878 dein
1450 2855 1527 2884 quoad
1545 2856 1636 2877 Balaam
1655 2856 1695 2878 cfr.
1714 2856 1786 2883 Apoc.
1806 2857 1831 2884 2,
1850 2855 1886 2878 14.

1104 2895 1123 2907 ¹²
1141 2895 1196 2923 Cap.
1214 2896 1250 2923 1¹0,
1269 2895 1310 2922 273
1328 2895 1431 2924 sequitur
1448 2895 1516 2917 Rom.
1533 2895 1558 2923 8,
1576 2895 1613 2917 21.

1104 2933 1123 2946 ¹³
1141 2935 1245 2962 Gregor.,
1263 2935 1287 2956 11.
1305 2934 1385 2956 Homil.
1404 2934 1427 2956 in
1444 2935 1530 2962 Evang.
1548 2934 1627 2956 homil.
1645 2934 1682 2956 29.
1700 2940 1722 2956 n.
1740 2935 1765 2961 23
1784 2934 1888 2963 sequitur

1044 2974 1110 2996 Marc.
1133 2974 1171 3001 16,
1193 2974 1226 2996 15.
1243 2986 1273 2989 -
1290 2973 1399 2995 Ultimum
1417 2967 1549 2995 membrum
1567 2973 1686 2996 divisionis
1703 2973 1775 2996 deest.

1907 548 1972 567 Oleum
1985 548 2020 566 hu·

1897 572 1946 590 milis
1951 576 2031 598 ¹convor-

1921 597 2006 614 sationis.

1902 1013 1966 1032 Oleum
1980 1014 2033 1037 qnie-

1902 1037 1925 1054 tis
1938 1039 1957 1055 et
1972 1038 2031 1061 pacis.

1903 1433 1968 1460 Oleum
1981 1439 2014 1457 pa·

1916 1459 2000 1476 hennae.

1898 1995 1969 2021 Oleum¹
1976 1995 2032 2013 liber*

1938 2020 1987 2036 tatis.
