2243 3348
13 1890 64 1918 wipio
73 1891 124 1918 prin-

8 1919 9 1931 i
24 1915 96 1939 cipalis.

4 2498 54 2518 Pars
66 2499 80 2517 1.
94 2499 120 2518 De

6 2522 121 2549 plenitudine

25 2548 102 2569 gratiae.

644 171 686 198 DE
708 171 834 199 SANCTO
855 171 1023 200 STEPHANO
1045 172 1209 201 MARTYRE.
1231 172 1340 201 SERMO
1362 173 1380 201 Ι.

138 245 361 274 tabernaculum
381 255 480 281 suum,
503 251 529 275 et
545 248 605 284 ipse
619 251 760 286 tanquam
774 257 899 286 sponsus
913 258 981 286 pro-

137 292 237 321 cedens
248 292 281 320 de
293 291 421 322 chalamo
435 302 489 322 suo
501 295 510 311 ¹
527 297 588 328 etc„
600 295 702 323 scilicet
713 296 822 332 quando
837 304 886 333 per
897 296 980 325 indis-

138 339 281 368 solubilem
297 338 412 367 formam
428 340 562 376 processit
575 340 609 368 de
624 344 704 369 utero
719 341 857 378 virginali;
873 345 900 371 et
915 347 980 371 tunc

138 385 263 414 invitavit
277 385 311 413 ad
325 385 436 421 nuptias
449 386 550 414 milites
564 394 637 415 suos.
660 387 758 416 Habuit
772 391 864 417 autem
881 389 980 418 milites

139 432 277 468 parvulos,
293 432 339 468 qui
362 431 476 460 infantili
498 435 586 461 aetate
607 441 658 469 pro
679 434 738 470 ipso
760 438 825 463 sunt
846 436 927 471 passi,
948 439 980 464 ut

136 478 308 512 Innocentes;
320 478 418 507 habuit
429 478 510 507 etiam
525 479 639 507 militem
655 480 791 514 iuvenem,
807 482 853 518 qui
870 482 896 509 in
911 482 980 511 flore

137 525 289 554 iuventutis
309 528 351 554 est
364 533 478 562 passus;
501 525 598 554 habuit
618 526 721 554 iterum
742 527 855 556 militem
871 536 979 562 senem,

137 572 239 601 scilicet
253 573 389 606 loannem,
401 572 448 609 qui
464 572 639 601 centenarius
654 572 680 600 in
692 572 794 601 dolium
810 577 851 602 est
866 575 979 609 missus;

137 622 164 648 et
178 627 273 648 omnes
292 619 329 647 illi
350 618 465 647 fuerunt
486 619 645 647 innocentes
666 622 693 647 et
717 620 858 656 Martyres.
882 621 980 650 Beatus

136 666 292 702 Stephanus
306 666 409 702 Martyr
424 665 476 694 fuit
490 664 595 703 affectu
609 669 636 695 et
649 665 766 703 effectu;
789 666 914 700 loannes,
933 667 980 704 af-

136 711 223 749 fectu,
241 720 294 740 ΠοΠ
310 711 417 749 effectu,
433 712 498 749 quia
512 720 566 741 non
582 720 617 741 ex
633 712 766 748 martyrio
780 715 821 741 est
835 716 978 747 mortuus;

136 758 295 787 Innocentes
315 762 406 787 autem
428 759 543 787 fuerunt
564 759 697 795 Martyres
721 758 819 796 effectu
848 762 978 793 tantum,

137 806 203 842 quia
216 813 270 834 uon
292 805 452 834 habuerunt
466 814 549 834 usum
566 806 642 834 liberi
659 805 776 834 arbitrii.
792 806 859 834 Istos
873 806 980 835 vocavit

137 852 269 881 Dominus
290 852 444 889 specialiter
459 852 492 881 ad
507 853 618 889 nuptias
632 860 712 886 suas;
731 852 811 881 modo
826 856 917 881 autem
933 861 980 881 vo-

136 902 180 928 cat
193 907 288 928 omnes
305 899 364 928 sine
378 899 541 936 acceptione
552 908 752 936 personarum
763 900 782 927 ².
800 900 866 928 lstos
880 900 980 928 milites

135 945 199 975 fecit
219 946 353 975 Dominus
371 946 466 975 sedere
481 946 507 974 in
523 946 647 974 convivio
669 954 720 975 suo
740 946 892 975 secundum
907 947 981 975 ordi-

136 1000 215 1026 nem;
236 992 324 1030 magis
345 993 417 1021 enim
439 996 480 1021 est
501 1000 561 1021 esse
582 993 729 1029 Martyrem
751 993 849 1022 affectu
872 996 899 1021 et
916 993 980 1022 effe-

136 1043 182 1069 ctu
208 1048 291 1076 quam
323 1040 423 1068 affectu
456 1042 570 1068 tantum.
603 1040 664 1068 Ideo
696 1040 794 1069 beatus
825 1040 980 1077 Stephanus

136 1087 291 1116 immediate
311 1087 363 1115 fuit
385 1087 490 1123 positus
511 1090 573 1123 post
593 1087 663 1115 diem
686 1087 838 1116 Nativitatis
858 1087 979 1121 Domini;

137 1134 248 1162 loannes
269 1134 351 1162 tertio
373 1134 446 1167 loco,
469 1134 534 1170 quia
554 1134 607 1162 fuit
628 1135 732 1170 Martyr
746 1134 855 1168 affectu,
870 1138 897 1163 et
918 1135 980 1171 plus

136 1184 178 1210 est
198 1188 257 1210 esse
278 1181 425 1217 Martyrem
447 1181 547 1209 affectu
569 1189 651 1217 quam
680 1181 795 1215 effectu3
822 1181 980 1210 Innocentes

136 1228 234 1257 effectu
256 1231 380 1261 tantum,
402 1227 467 1264 quia
487 1235 542 1255 non
564 1227 724 1256 hahuerunt
745 1236 826 1257 usum
843 1228 920 1257 liberi
936 1236 980 1256 ar-

135 1274 226 1308 bitrii,
241 1277 268 1302 et
289 1274 349 1302 ideo
363 1277 464 1310 quarto
479 1274 538 1302 loco
552 1274 644 1310 posuit
659 1274 830 1309 lnnocentes,
845 1278 872 1303 et
886 1278 980 1311 postea

136 1321 247 1350 beatum
269 1321 402 1349 Thomam
424 1320 547 1349 moderni
570 1321 717 1357 temporis,
739 1321 785 1358 qui
801 1321 854 1349 fuit
868 1329 980 1350 renova-

135 1368 173 1396 tio
194 1368 328 1404 martyrii.
349 1368 425 1396 Unde
456 1375 521 1396 vere
551 1367 695 1404 impletum
723 1371 764 1396 est
785 1368 850 1396 illud
875 1368 980 1396 loannis

135 1415 263 1452 primoss:
292 1414 414 1443 Verbum
435 1422 506 1443 caro
526 1413 642 1452 factum
666 1418 708 1443 est
734 1419 759 1442 et
787 1414 929 1443 habitavit
949 1415 980 1442 in

136 1462 218 1491 nobis
238 1466 289 1491 etc.
312 1462 458 1499 Sequitur:
484 1462 521 1490 De
540 1462 719 1498 plenitudine
739 1462 802 1490 eius
816 1471 869 1490 nos
883 1470 980 1490 onmes

135 1508 317 1545 accepimus,
339 1508 443 1537 scilicet
463 1508 592 1542 infantes,
615 1508 728 1537 iuvenes
749 1511 776 1537 et
791 1516 884 1542 senes;
903 1508 980 1545 quid-

136 1556 201 1593 quid
223 1556 295 1585 enim
317 1555 421 1592 gratiae
443 1559 484 1584 est
506 1555 532 1584 in
564 1555 658 1589 nohis,
681 1558 769 1584 totum
791 1559 833 1584 est
853 1563 867 1583 a
890 1555 980 1584 Verbo

136 1603 285 1632 incarnato.

213 1651 369 1687 Stephanus
397 1650 494 1678 habuit
521 1650 636 1687 gratiam
665 1649 860 1684 excellentem,
891 1649 980 1678 stabi-

136 1697 188 1726 lem
209 1700 236 1726 et
257 1697 408 1735 efficacem.
431 1697 530 1725 Habuit
554 1697 670 1733 gratiam
698 1697 892 1731 excellentem,
920 1696 980 1725 ideo

135 1744 251 1773 dicitur:
268 1743 431 1781 Stephanus
444 1743 547 1780 plenus
560 1744 678 1780 9raa'a;
693 1747 719 1772 et
734 1744 799 1780 quia
813 1751 876 1772 cum
893 1743 981 1780 gratia

135 1791 233 1820 habuit
252 1790 470 1828 fortitudinem«,
501 1790 561 1819 ideo
588 1790 668 1819 dicit:
695 1794 719 1818 et
743 1789 933 1827 formicante,-
954 1792 981 1818 et

135 1838 201 1875 quia
221 1846 284 1866 cum
308 1838 359 1866 hoc
382 1838 480 1874 plenus
493 1837 545 1866 fuit
561 1837 630 1866 hona
645 1838 824 1874 operatione,
842 1837 901 1865 ideo
916 1836 981 1865 sul)-

136 1885 189 1914 dit:
211 1884 337 1922 faciebat
358 1888 409 1913 etc.
432 1884 506 1913 Unde
528 1884 738 1913 commendatur
760 1884 786 1912 in
810 1884 901 1912 verbis
922 1884 980 1912 istis

136 1941 152 1961 a
172 1932 276 1961 trihus:
296 1932 396 1968 primo,
418 1940 434 1960 a
454 1932 632 1968 plenitudine
652 1940 849 1968 supernorum
867 1930 981 1959 charis-

135 1983 260 2013 matum,
272 1987 334 2007 cum
351 1979 428 2007 dicit:
445 1977 608 2015 Stephanus
621 1978 724 2015 plenus
737 1979 850 2015 qratia,
863 1978 981 2007 intluen-

137 2026 174 2054 tia
194 2034 209 2054 a
231 2026 287 2054 Deo
308 2029 427 2062 accepta.
450 2025 575 2054 Secundo
597 2025 805 2054 commendatur
820 2034 836 2053 a
849 2025 980 2053 multitu-

137 2072 204 2102 dine
217 2073 404 2101 internarum
420 2072 575 2106 virtutum,
588 2080 650 2100 cum
666 2072 744 2100 dicit:
759 2076 785 2100 et
797 2071 979 2109 fortitudine.

138 2121 245 2154 Tertio,
267 2129 283 2148 a
302 2119 507 2157 magnitudine
538 2124 728 2148 externarum
760 2119 980 2156 operationum,

137 2175 199 2196 cum
222 2167 302 2195 dicit:
324 2165 451 2204 faciebat
472 2168 523 2194 ete.
545 2166 701 2194 Secundum
725 2166 776 2194 hoc
798 2166 887 2202 primo
908 2174 981 2194 com-

136 2213 283 2242 mendatur
310 2213 336 2241 in
366 2213 570 2249 comparatione
598 2212 630 2241 ad
654 2213 762 2245 Deum;
791 2213 924 2247 secundo,
954 2213 980 2240 in

138 2261 341 2297 comparatione
362 2260 394 2288 ad
415 2268 445 2288 sc
465 2260 582 2296 ipsum,-
606 2260 702 2294 tertio,
724 2260 750 2288 in
777 2260 981 2296 comparatione

138 2308 170 2336 ad
189 2307 376 2344 proximum,
398 2306 569 2335 refundendo
584 2307 700 2344 gratiam
721 2309 859 2343 acceptam
875 2306 902 2334 in
918 2314 982 2343 pro—

137 2354 253 2382 ximum.
276 2354 432 2382 Secundum
455 2354 506 2382 hoc
527 2353 737 2382 commendatur
759 2354 849 2390 quoad
864 2353 982 2382 virtutes

137 2401 332 2438 susceptivas,
355 2400 562 2433 custoditivas,
585 2400 857 2428 communicativas.

217 2448 234 2475 l.
257 2448 309 2476 Sed
323 2447 530 2484 plenitudinem
551 2447 669 2484 qratiae
690 2455 743 2475 Ποῖ]
763 2447 860 2476 habuit
880 2455 915 2475 ex
937 2455 981 2481 se,

137 2494 184 2523 sed
198 2495 232 2523 ab
247 2494 293 2523 illo
308 2495 354 2531 qui
371 2497 430 2522 erat
448 2494 568 2522 Verbum
583 2494 702 2531 plenum
715 2495 832 2532 qratiae
843 2495 864 2527 4,
880 2494 982 2523 scilicet

137 2550 153 2570 a
167 2541 292 2575 Christo;
310 2542 383 2570 unde
398 2541 559 2578 Apostolus:
578 2542 635 2569 Lea·
647 2550 701 2578 per
716 2541 830 2578 Moysen
846 2541 917 2569 data
931 2545 980 2575 est,

136 2589 238 2625 yratia
252 2592 349 2616 autem
371 2592 395 2616 et
416 2588 526 2616 veritas
544 2597 598 2624 pei·
615 2587 765 2616 Christum
785 2587 868 2625 facta
883 2592 930 2616 est.
951 2588 982 2616 Et

138 2636 264 2672 quamvis
279 2635 367 2672 gratia
389 2644 442 2664 non
465 2636 499 2664 sit
519 2643 554 2664 ex
578 2635 682 2663 meritis
704 2635 821 2669 nostris,
843 2636 926 2663 immo
948 2635 982 2663 sit

1822 176 1878 204 479

1037 249 1142 278 donum
1157 250 1215 283 Dei,
1230 253 1262 279 ut
1275 250 1341 279 dicit
1355 252 1499 288 Apostolus
1519 252 1552 281 ad
1568 253 1698 289 Ephesios
1718 253 1839 281 secundo
1850 253 1877 281 ⁶:

1041 296 1148 325 Gratia
1170 297 1223 325 Dei
1241 297 1351 325 salvati
1363 298 1448 331 estis,·
1463 301 1571 335 oportet
1586 302 1691 333 tamen,
1707 299 1780 336 quod
1796 299 1878 328 homo

1037 343 1126 379 primo
1141 351 1169 372 se
1183 343 1309 380 disponat
1327 344 1359 373 ad
1375 345 1576 381 susceptionem
1591 346 1702 382 gratiae.
1719 346 1878 382 Disponitur

1036 393 1128 418 autem
1142 390 1223 418 homo
1238 390 1270 418 ad
1286 391 1401 427 gratiam
1417 390 1618 420 humiliatione
1630 393 1728 421 mentis
1742 392 1795 421 sub
1808 393 1878 427 Iesu,

1036 436 1190 465 elevatione
1220 437 1319 466 mentis
1349 437 1382 466 ad
1413 438 1517 472 lesum,
1546 438 1776 476 confzyuratione
1803 447 1879 468 men-

1038 482 1071 511 tis
1092 490 1154 511 cum
1178 483 1236 511 lesu
1258 487 1285 511 et
1313 483 1468 512 stabilitate
1495 485 1593 514 mentis
1620 485 1693 522 apud
1723 486 1818 514 lesum.
1842 502 1877 506 —

1037 528 1139 562 Primo,
1155 529 1224 563 dico,
1239 530 1394 566 disponitur
1409 531 1442 559 ad
1456 532 1572 567 gratiam
1587 531 1788 560 humiliatione
1801 540 1878 561 men-

1038 575 1071 603 tis
1099 575 1151 604 sub
1179 576 1238 604 lesu
1267 584 1316 612 per
1347 578 1522 606 reverentiae
1546 577 1794 615 profitnditatem,
1823 587 1878 615 qua

1037 621 1070 649 ad
1092 622 1207 657 gratiam
1230 630 1437 658 praeparamur.
1460 624 1584 652 Secundo
1598 624 1753 661 disponitur
1767 625 1800 653 ad
1815 633 1878 661 gra-

1037 668 1101 695 tiam
1124 668 1277 697 elevatione
1299 669 1397 697 menas
1418 670 1452 698 ad
1476 671 1562 699 lesum
1584 678 1633 707 per
1649 670 1775 707 fiduciae
1788 671 1878 700 sabli-

1037 714 1182 748 mitatem,
1204 723 1259 751 qua
1280 715 1306 743 in
1329 716 1417 752 gratia
1438 724 1643 752 promovemur.
1665 718 1772 752 Tertio,
1794 718 1878 754 consi-

1035 761 1191 797 paratione
1212 762 1311 790 mentis
1333 770 1395 790 cum
1413 763 1470 791 lesu
1490 771 1538 799 per
1554 763 1758 792 benevolentiae
1778 765 1877 793 latita-

1036 807 1148 841 ctinem,
1170 816 1226 844 qua
1247 808 1274 836 in
1296 809 1384 844 gratia
1405 809 1573 845 proficimus.
1596 810 1708 845 Quarto,
1722 811 1877 840 stabilitate

1038 853 1138 881 mentis
1158 854 1231 890 apud
1253 854 1340 882 lesum
1363 862 1412 891 per
1424 856 1657 891 perseverantiae
1671 856 1878 893 immaniinma-

1037 903 1107 933 tem,
1129 908 1185 936 qua
1206 900 1231 928 in
1254 901 1342 937 gratia
1362 909 1580 937 perseveramus.
1602 902 1633 930 Et
1654 903 1705 931 hoc
1735 906 1776 931 est
1804 904 1877 940 quod

1036 947 1102 975 dicit
1116 947 1261 983 Apostolus
1281 947 1315 976 ad
1337 948 1468 984 Ephesios
1489 949 1608 977 tertioss:
1630 950 1665 977 In
1685 950 1807 978 caritate
1827 959 1877 979 ra-

1037 993 1130 1021 dicati
1149 997 1175 1021 et
1195 993 1332 1031 fundati,
1355 998 1387 1023 ut
1405 995 1524 1032 possitis
1555 996 1790 1032 comprehendere
1811 1006 1878 1025 cum

1037 1040 1171 1069 omnibus
1193 1041 1318 1074 Sanctis,
1341 1050 1415 1079 quae
1435 1042 1473 1070 sit
1487 1042 1648 1079 lonyitudo,
1664 1043 1797 1077 latitudo,
1811 1043 1877 1072 sub-

1037 1087 1147 1115 limitas
1167 1091 1191 1115 et
1211 1087 1404 1124 profundum.

1116 1134 1206 1163 Primo
1236 1143 1302 1171 ergo
1330 1135 1502 1171 disponimur
1534 1135 1566 1164 ad
1595 1136 1709 1172 gratiam
1741 1136 1877 1165 humilia-

1038 1181 1112 1209 tione
1132 1181 1231 1209 mentis
1253 1181 1305 1209 sub
1331 1181 1390 1210 lesu
1420 1189 1468 1218 per
1490 1183 1664 1210 reverentiae
1688 1182 1878 1219 prolioatita-

1038 1233 1108 1262 tem,
1130 1236 1185 1265 qua
1213 1228 1246 1256 ad
1273 1228 1389 1265 gratiam
1418 1236 1631 1265 praeparamur3
1653 1230 1725 1258 unde
1750 1231 1878 1259 Ecclesia-

1037 1275 1095 1304 stici
1119 1275 1259 1312 trigesimo
1281 1275 1439 1303 secundo⁷z
1462 1275 1543 1303 Audi
1563 1279 1675 1310 tacens,
1704 1280 1729 1305 et
1754 1286 1808 1313 pro
1835 1286 1879 1305 re-

1036 1322 1166 1350 verentia
1187 1321 1299 1349 accedet
1320 1321 1372 1350 tibi
1393 1321 1468 1350 bona
1486 1323 1596 1359 qratia.
1618 1339 1656 1343 ——
1678 1323 1759 1351 Aucti
1773 1327 1878 1358 tacens,

1037 1368 1198 1405 simpliciter
1219 1368 1355 1397 credendo
1376 1371 1403 1397 et
1423 1369 1565 1398 humiliter
1586 1369 1807 1406 obtemperando.
1826 1371 1879 1399 Hoc

1036 1415 1100 1444 fecit
1120 1415 1218 1444 heatus
1239 1415 1409 1451 Stephanus,
1431 1419 1458 1444 et
1479 1415 1539 1444 ideo
1568 1416 1672 1445 electus
1699 1420 1740 1445 est
1760 1417 1794 1445 ab
1815 1418 1881 1453 Apo-

1036 1462 1113 1490 stolis
1135 1465 1265 1498 tanquam
1287 1462 1332 1490 ille
1353 1462 1401 1499 qui
1422 1462 1522 1499 dignus
1547 1466 1587 1491 est
1618 1463 1678 1492 aliis
1706 1463 1878 1497 ministrare;

1036 1509 1152 1537 Actuum
1168 1512 1261 1537 sexto:
1278 1509 1430 1545 meyerum
1445 1509 1561 1545 Apostoli
1578 1509 1765 1546 Stephanum,
1780 1511 1878 1538 virum

1034 1556 1153 1593 plenum
1167 1555 1223 1592 lide
1236 1560 1261 1584 et
1276 1556 1391 1592 Spiritu
1405 1559 1523 1589 sanem,-
1537 1556 1654 1593 plenum
1667 1556 1733 1593 ficte,
1749 1561 1879 1594 operante

1037 1610 1086 1638 per
1107 1602 1296 1636 dilectIOnem,
1318 1603 1383 1639 quia
1414 1602 1571 1639 captivavit
1599 1603 1767 1632 intellectum
1790 1612 1879 1632 suam

1037 1650 1067 1678 in
1090 1649 1255 1687 obsequium
1280 1648 1389 1678 Christi
1415 1652 1443 1678 et
1471 1650 1556 1678 voluit
1583 1650 1730 1679 succedere
1751 1651 1777 1679 in
1800 1651 1879 1679 mini-

1037 1697 1121 1725 sterio
1142 1696 1305 1730 viduarum,
1327 1697 1392 1733 quia
1413 1697 1556 1731 credebat,
1578 1697 1651 1734 quod
1673 1698 1760 1734 gratia
1783 1697 1879 1734 imple-

1037 1747 1116 1772 retur
1131 1746 1244 1780 propter
1260 1743 1459 1777 humilitatem,
1475 1744 1554 1772 iuxta
1569 1744 1635 1772 illud
1651 1744 1746 1772 Psalmi
1759 1744 1785 1772 ὃς
1803 1744 1880 1781 Eleyi

1037 1791 1166 1819 abiectus
1187 1799 1245 1819 esse
1266 1791 1297 1818 in
1319 1791 1403 1819 aomo
1427 1791 1477 1819 Dei
1496 1791 1562 1824 mei,
1577 1791 1673 1827 mayis
1688 1799 1777 1829 quam
1798 1790 1879 1819 habi-

1038 1841 1100 1866 tare
1122 1838 1152 1865 in
1184 1837 1381 1866 tabernaculis
1406 1841 1610 1874 peecatoruni;
1637 1838 1778 1874 sequitur:
1802 1839 1879 1874 Quia

1037 1885 1272 1913 misericordiam
1291 1888 1316 1912 et
1335 1885 1483 1912 veritatem
1499 1884 1595 1921 dilicit
1611 1885 1693 1912 Deus.
1709 1885 1791 1913 Aliter
1806 1885 1878 1913 enim

1038 1940 1120 1970 quam
1142 1940 1192 1968 per
1214 1932 1397 1960 humilitatem
1419 1940 1473 1960 non
1498 1932 1570 1960 venit
1592 1932 1673 1959 homo
1693 1931 1725 1959 ad
1747 1932 1877 1968 gratiam,

1037 1980 1103 2017 quia
1123 1980 1189 2008 dicit
1210 1979 1338 2008 lacobus:
1361 1978 1499 2016 Superbis
1523 1979 1597 2006 Deus
1617 1978 1740 2012 resistit,
1762 1977 1878 2007 '‘tantili-

1039 2025 1091 2054 bus
1112 2030 1207 2053 autem
1231 2025 1281 2053 dat
1301 2025 1442 2062 qratiam.
1466 2025 1496 2053 Et
1517 2025 1577 2053 ideo
1604 2024 1744 2058 Christus,
1766 2025 1812 2061 qui
1838 2027 1879 2053 est

1038 2073 1138 2101 fontale
1159 2073 1325 2109 principium
1348 2072 1467 2109 gratiae,
1489 2072 1652 2100 exinanivit
1664 2072 1843 2108 semetipsum
1857 2071 1876 2099 ⁹.

1039 2121 1152 2157 Propter
1175 2120 1226 2148 hoc
1247 2120 1348 2148 dicitur
1364 2120 1389 2147 in
1406 2119 1607 2148 Ecclesiastico:
1624 2119 1738 2154 Quanto
1753 2127 1878 2155 maenas

1038 2175 1083 2200 es,
1105 2165 1231 2195 humilia
1253 2170 1277 2194 te
1297 2166 1329 2193 in
1350 2165 1492 2194 omnibus.
1514 2165 1606 2193 Gratia
1627 2165 1673 2194 Dei
1696 2172 1748 2193 non
1770 2164 1879 2201 requie-

1038 2214 1089 2242 scit
1109 2213 1160 2241 nisi
1182 2221 1267 2249 super
1288 2213 1423 2246 humiles;
1445 2212 1504 2241 ideo
1532 2212 1687 2240 Bernardus
1708 2219 1791 2247 super
1812 2211 1880 2239 Can-

1039 2260 1092 2289 tica
1105 2260 1142 2288 10:
1169 2271 1181 2284 «
1199 2260 1225 2288 ln
1248 2260 1363 2288 veritate
1384 2259 1520 2295 comperi,
1542 2258 1580 2286 nil
1601 2261 1706 2286 tantum
1734 2257 1825 2286 valere
1846 2257 1878 2285 ad

1040 2307 1156 2343 gratiam
1178 2307 1226 2335 Dei
1248 2305 1460 2343 acquirendam,
1483 2304 1695 2333 conservandam
1717 2307 1744 2332 et
1765 2311 1880 2340 recupe-

1040 2354 1168 2388 randam,
1191 2354 1262 2382 sieut
1283 2353 1303 2381 si
1320 2352 1393 2381 omni
1415 2356 1539 2388 tempore
1554 2351 1701 2380 inveniaris
1715 2359 1771 2379 non
1787 2351 1878 2379 alttmi

1038 2409 1154 2438 sapere,
1176 2400 1225 2428 secl
1253 2400 1358 2428 timere.
1382 2400 1489 2427 Beatus
1516 2398 1599 2426 honio
1626 2398 1678 2435 qui
1700 2405 1810 2434 semper
1840 2400 1880 2425 est

1036 2448 1174 2485 pavidus.
1197 2448 1288 2480 Time,
1310 2454 1372 2474 eum
1395 2446 1481 2482 gratia
1503 2445 1550 2473 tibi
1572 2444 1711 2477 arriserit;
1727 2444 1801 2477 time,
1817 2451 1879 2472 cum

1041 2495 1130 2531 gratia
1151 2494 1264 2527 abierit;
1287 2493 1367 2526 time,
1389 2500 1451 2521 cum
1473 2491 1560 2528 gratia
1580 2491 1670 2520 denuo
1686 2493 1878 2519 revertetur».

1040 2541 1093 2569 Hoc
1115 2544 1156 2569 est
1176 2540 1295 2573 donum,
1317 2539 1419 2568 scilieet
1439 2538 1541 2575 gratia,
1563 2545 1634 2574 quae
1665 2537 1719 2565 Deo
1740 2537 1820 2565 dehet
1840 2539 1880 2565 at-

1040 2588 1140 2621 tribui,
1162 2587 1227 2623 quia
1248 2587 1305 2623 ipse
1326 2590 1366 2614 est
1388 2586 1487 2614 fontale
1508 2584 1674 2621 principium
1696 2587 1722 2612 et
1743 2583 1819 2619 origo
1840 2586 1879 2611 to-

1041 2635 1095 2662 tius
1123 2633 1241 2670 gratiae3
1263 2636 1304 2661 et:
1334 2632 1474 2660 Flumina
1495 2634 1681 2659 revertantur
1702 2630 1742 2658 acl
1769 2630 1878 2663 locam,

200 2804 207 2817 ¹
227 2805 309 2828 esaim.
327 2805 369 2832 118,
386 2805 407 2827 6.

200 2844 209 2858 ‘³
227 2844 356 2871 Respicitur
373 2844 439 2866 Rom.
457 2845 485 2871 2,
503 2844 511 2866 Ἰ
522 2845 541 2867 1.

201 2882 209 2894 ³
228 2883 294 2905 Vers.
315 2883 348 2905 14.
366 2887 387 2905 et
405 2883 487 2905 deinde
505 2889 528 2906 v.
553 2884 586 2905 16.

200 2920 209 2933 ⁴¹
226 2921 355 2949 Respicitur
372 2922 432 2944 ioan.
453 2923 470 2949 l,
490 2921 532 2950 {43
551 2922 654 2950 sequitur
671 2921 727 2944 ibid.
744 2928 766 2943 r.
786 2922 822 2943 y17.

201 2959 210 2972 5
229 2961 292 2982 vem.
310 2961 332 2983 5.
768 2959 778 2972 ὃ
796 2961 861 2982 Yers.
879 2961 916 2982 47.
933 2965 980 2987 seq.

1103 2802 1111 2815 ⁷
1129 2802 1195 2824 vx'ers.
1212 2802 1237 2828 9;
1255 2801 1358 2829 sequitur
1376 2802 1424 2823 Act.
1442 2800 1467 2827 6,
1485 2799 1506 2821 5.
1524 2802 1546 2821 et
1563 2798 1646 2821 deinde
1658 2797 1777 2825 respicitur
1790 2798 1813 2819 ll.
1825 2797 1878 2819 Cor.

1041 2842 1079 2869 10,
1097 2842 1119 2863 5.

1100 2878 1109 2891 ⁸
1126 2880 1207 2902 Psalm.
1225 2879 1262 2905 83,
1282 2879 1289 2899 l
1301 2879 1317 2900 l.
1339 2879 1376 2905 123
1394 2878 1497 2906 sequitur
1515 2877 1556 2898 lac.
1574 2876 1594 2902 4,
1613 2876 1633 2897 6.

1100 2918 1109 2933 ⁹
1127 2918 1255 2945 Respicitnr
1273 2917 1327 2938 Phil.
1346 2917 1366 2943 2,
1384 2916 1410 2943 73
1428 2916 1530 2943 sequitur
1548 2915 1614 2937 Eccli.
1631 2914 1656 2941 3,
1675 2915 1711 2936 20.

1102 2956 1121 2969 ²⁰
1139 2958 1211 2979 Sei-m.
1224 2955 1260 2978 54.
1273 2962 1295 2977 Π.
1308 2956 1329 2982 9,
1342 2954 1381 2977 ubi
1394 2955 1491 2977 citantur
1503 2955 1568 2977 Rom.
1580 2954 1587 2975 i
1597 2954 1615 2980 1,
1628 2954 1664 2975 20.
1678 2956 1699 2975 et
1712 2953 1777 2975 Prov.
1791 2953 1827 2981 28,
1844 2953 1879 2975 14.

1901 400 2009 420 subdivisio

1900 424 1919 443 in
1932 424 1943 442 k
1955 429 2013 443 mem-

1897 540 2000 565 Expositio.

1906 1145 1975 1167 Primo,
1989 1145 2012 1164 de

1894 1168 2023 1187 humiliatione

1902 1192 1970 1210 mentis
1982 1192 2016 1210 sub

1935 1215 1983 1233 lesu.
