2243 3348
5 851 11 902 i

4 1001 12 1095 t

8 1151 10 1174 t

8 1181 9 1199 i

7 1205 9 1238 t

32 856 104 880 Quarto.
117 859 147 872 re-

38 878 146 898 mesentana

29 908 48 922 m
58 902 108 921 caelo
122 903 143 919 ut

35 926 53 945 in
64 925 139 949 propria

34 949 94 973 specie
107 948 139 967 tri-

46 972 125 996 pliciter.

34 996 100 1017 Prhna,
114 997 134 1014 ut

8 1040 11 1041 ⁷
22 1021 47 1039 est
51 1019 145 1042 Sapientia

26 1044 97 1062 aeterua
109 1042 142 1060 tri-

45 1066 123 1090 pliciter.

15 2167 103 2190 secundo,
118 2169 139 2186 ut

0 3239 18 3348 2242„
5 3189 6 3193 „
5 3133 9 3158 ω

35 2193 61 2210 est
72 2191 123 2214 origo

40 2219 115 2233 causans

35 2238 93 2257 omnia
105 2240 124 2257 et

28 2261 65 2285 ipsa
77 2261 136 2280 Trini-

61 2287 93 2304 tas.

27 2472 69 2492 Pars
80 2473 101 2492 ll.
116 2473 142 2492 De

30 2496 136 2515 testimoniis

23 2519 104 2539 deorsum
113 2521 143 2539 sir-

33 2543 129 2563 mantibus.

844 163 953 192 SERMO
975 163 1017 191 DE
1039 163 1222 191 TRlNlTATE.
1247 188 1252 191 .

162 249 217 278 quo
239 242 314 270 caelo
337 242 497 270 t’salmus1:
521 242 634 269 lanatas
656 241 729 269 caeli
749 241 866 277 aperuit
887 244 912 268 et
929 240 1007 277 pluit

162 287 219 316 iltis
241 296 353 316 munna
375 289 415 317 act
436 288 688 316 ntunducctmlmu.
715 287 743 315 In
776 287 827 315 hoc
855 287 930 315 caelo
960 286 1006 314 dat

162 334 264 371 triplex
287 335 490 368 testimonium,
511 334 577 371 quia
597 334 626 362 in
647 333 756 362 Christo
778 336 819 361 est
835 333 937 369 triplex
951 341 1006 360 ‹uct-

162 385 249 415 tura,
272 381 374 418 triplex
396 381 560 409 auctoritas
581 384 607 409 et
630 380 733 417 triplex
753 379 864 417 qratia.
885 379 1006 407 Natura

162 427 264 464 triplex
285 431 341 456 est:
363 427 529 463 corporalis,
550 426 743 455 intellectualis
764 429 791 454 et
812 425 918 459 divina,
934 425 1006 454 scili-

161 477 203 502 cet
224 481 325 510 corpus
346 477 373 502 et
394 473 485 501 anima
506 476 533 502 et
554 473 695 501 DIVinitas.
711 489 749 492 ——
770 473 883 509 Triplex
906 476 1006 500 aucto-

160 520 236 549 ritas
257 523 313 549 est:
336 520 444 556 regalis,
466 519 629 556 pontificalis
644 523 671 548 et
686 519 870 556 prophetalis;
886 522 913 548 et
928 527 1005 556 rega-

161 567 194 595 lis
214 569 361 595 attestatur
391 566 481 599 Patri;
505 566 683 602 pontificalis,
710 566 790 600 Fili0;
819 566 1005 603 prophetalis,

161 614 273 650 Spiritui
296 617 398 642 sancto.
423 630 457 633 -
480 613 594 650 Triplex
616 617 658 642 est
678 613 760 642 etiam
783 613 809 641 in
832 621 864 641 eo
885 613 1005 650 qratia,

160 660 263 689 scilicet
294 660 405 697 capitis,
437 660 586 696 singularis
617 660 736 688 hominis
756 663 784 688 et
808 659 918 688 unionis
933 660 953 694 2,
979 663 1006 688 et

160 707 247 744 gratia
262 707 359 743 capitis
373 710 520 735 attestatur
542 707 630 741 l'atri3
652 707 801 744 singularis
817 706 949 740 hominis,
964 706 1005 734 Fi-

162 753 213 787 lio;
235 753 361 787 unionis,
383 753 496 790 Spiritui
519 757 621 782 sancto.

239 800 387 828 Videamus
407 803 507 837 quarto
528 800 562 829 de
584 800 748 834 testimonio,
770 800 844 837 quod
858 800 904 829 dat
927 801 1006 829 beata

160 847 279 875 Trinitas
300 847 326 875 in
349 847 424 875 caelo
446 850 576 884 tanquam
609 847 637 875 in
666 847 794 884 propriu
814 847 906 884 specie
928 847 955 875 in
977 855 1005 876 se

158 893 218 930 ipsa
239 893 391 922 secundum
425 893 560 930 triplicem
591 894 854 927 considerationem,
875 894 940 930 quia
969 894 1004 922 ibi

159 943 201 969 est
221 944 341 969 aeterno.
356 940 522 977 Sapientia,
539 941 621 978 orz'yo
636 949 766 969 causans
781 941 881 969 omniu
896 944 923 969 et
945 941 1006 969 Tri-

158 987 237 1015 m'tcts
258 987 333 1024 z'psct.
353 988 384 1015 Et
405 987 516 1024 quidem
538 991 658 1016 aeterna
681 987 832 1024 Sapientia
853 991 894 1016 est
915 988 1004 1022 clara,

159 1033 264 1070 placida
284 1037 311 1062 et
333 1034 454 1063 iucunda
474 1038 501 1063 et
522 1037 563 1062 est
584 1035 706 1068 caelum,
729 1034 809 1063 iuxta
831 1035 897 1063 illud
914 1035 1005 1063 Eccle-

159 1081 258 1109 siastici
281 1081 492 1118 quadragesimo
520 1081 599 1110 tertio
614 1081 640 1109 3:
664 1081 777 1118 Species
798 1081 886 1115 caeli,
907 1082 1005 1119 qlorict

159 1127 321 1161 stellarum,
332 1128 476 1156 inunctum
489 1128 662 1156 illuminaus
677 1128 708 1156 z‘n
722 1128 840 1156 eaccebst's
855 1129 1004 1157 Dominus.

160 1175 187 1203 ln
209 1174 289 1203 cuius
310 1175 434 1203 claritate
455 1178 496 1203 est
517 1175 693 1203 considerare
715 1175 783 1209 tria,
805 1175 908 1204 scilicet
935 1176 1005 1204 veri-

159 1222 221 1250 tatis
253 1221 475 1258 conceptionem,
497 1222 678 1250 elocutionem
701 1224 728 1250 et
758 1222 942 1256 auditionem,
968 1223 1005 1251 ita

159 1268 231 1305 quod
255 1268 377 1297 veritatis
398 1269 540 1305 conceptio
560 1268 723 1297 attribuitur
753 1269 844 1303 Patri;
870 1269 1004 1304 elocutio,

158 1315 239 1350 Filio;
261 1315 380 1350 auditio,
403 1315 516 1352 Spiritui
539 1319 640 1345 sancto.
662 1316 731 1344 Nam
751 1316 785 1345 de
804 1317 882 1345 Patre
903 1317 1005 1346 dicitur

158 1362 192 1390 ad
206 1362 342 1391 Hebraeos
363 1363 467 1399 primo:
490 1363 616 1391 Locutus
637 1367 677 1391 est
696 1363 779 1391 uobis
798 1363 829 1392 z'u
851 1364 944 1397 Fz'lt'o;
961 1364 1005 1393 Ec-

157 1409 300 1438 clesiastici
323 1410 453 1446 vigesimo
474 1413 575 1447 quarto
596 1410 630 1438 de
650 1410 731 1438 Filio:
751 1411 808 1448 Eyo
829 1419 864 1439 ex
885 1419 934 1439 ore
954 1411 1004 1439 Al-

158 1456 264 1484 tissimi·
282 1450 418 1493 prodivi}
440 1459 467 1484 et
488 1456 701 1485 Proverbiorum
727 1459 839 1485 octavo:
867 1457 1003 1486 Nondum

157 1507 241 1531 erunt
262 1503 372 1541 abyssi,
394 1507 418 1531 et
439 1511 489 1540 090
519 1503 580 1531 iam
610 1507 746 1540 conceptu
767 1512 867 1536 erctum
888 1504 921 1533 de
943 1505 1002 1541 Spi-

157 1549 213 1578 ritu
229 1553 335 1584 sancto,
351 1550 457 1578 Ioannis
477 1550 583 1578 decimo
605 1554 701 1579 sexto:
725 1551 930 1589 Quaecumque
949 1560 1003 1580 ctu-

157 1596 230 1631 dz'et,
253 1596 393 1634 coquetur.
414 1613 454 1616 —
474 1597 520 1625 Est
540 1597 622 1625 etiam
644 1597 680 1625 ibi
703 1597 806 1634 triplex
831 1606 917 1626 amor
939 1598 1003 1635 pta-

156 1642 257 1677 et'dus,
280 1643 383 1672 scilicet
402 1643 555 1680 gyrantibus
576 1646 603 1672 et
624 1643 736 1672 debitus
763 1647 790 1672 et
819 1652 855 1673 ex
884 1648 1003 1682 utroque

152 1690 318 1727 peruzz'oetus
330 1691 350 1718 4.
374 1690 404 1718 Et
425 1690 535 1727 quidem
558 1690 698 1726 gratuitus
716 1693 757 1719 est
772 1691 799 1719 in
816 1691 894 1720 Patre
910 1699 1002 1728 respe-

156 1739 202 1765 ctu
223 1737 281 1765 Filii
303 1740 329 1765 et
345 1737 463 1773 Spiritus
479 1737 579 1770 sancti,
601 1737 648 1774 qui
671 1741 736 1766 sunt
757 1738 791 1766 ab
814 1738 881 1774 ipso,
903 1741 930 1766 et
944 1738 1003 1775 ipse

156 1783 190 1811 ab
211 1783 277 1820 ipsis
298 1783 367 1812 nihil
388 1783 501 1820 accipit;
523 1784 633 1812 debitus
654 1788 695 1813 est
726 1785 753 1813 in
776 1785 881 1821 Spiritu
909 1788 1003 1814 sancto

156 1833 284 1867 respectu
309 1831 395 1859 Patris
422 1834 449 1859 et
476 1831 547 1865 Filii,
569 1831 634 1868 quia
656 1831 779 1868 procedit
802 1832 837 1860 ab
865 1835 1001 1869 utroque;

155 1885 191 1906 ex
221 1881 341 1915 utroque
362 1878 520 1915 permixtus
541 1881 582 1907 est
603 1878 629 1907 in
651 1879 732 1913 Filio;
755 1887 818 1907 nam
841 1887 918 1908 amor
944 1880 1002 1908 Filii

155 1924 189 1953 ad
212 1924 319 1953 Patrem
341 1925 451 1954 debitus
472 1929 529 1959 est,
551 1925 598 1954 sed
624 1926 657 1954 ad
679 1926 813 1962 Spiritum
835 1930 876 1955 est
897 1927 1002 1963 gratui-

156 1975 217 2005 tus,
239 1971 304 2008 quia
335 1972 418 2001 Filius
446 1972 513 2000 nihil
546 1973 645 2009 accipit
675 1981 691 2001 a
712 1973 818 2010 Spiritu
839 1977 941 2002 sancto.
964 1991 1002 1994 —

156 2018 295 2047 lucundus
316 2022 407 2047 autem
431 2022 473 2048 est
494 2019 545 2048 iste
565 2027 655 2053 amor,
678 2020 743 2056 quia
765 2020 801 2048 ibi
824 2023 866 2048 est
885 2020 1001 2057 diligens

157 2065 247 2099 Pater,
269 2065 386 2094 dilectus
407 2066 505 2100 Filius,
528 2066 697 2095 condilectus
719 2067 838 2103 Spiritus
860 2070 980 2096 sanctus.

234 2112 359 2141 Secundo
373 2113 418 2141 dat
434 2113 620 2141 testimonium
643 2113 722 2142 beata
737 2114 856 2142 Trinitas
871 2114 897 2142 in
914 2114 1001 2148 caelo,

156 2159 229 2196 quod
251 2163 292 2188 est
313 2160 396 2197 oripo
411 2168 541 2188 causans
555 2160 673 2193 omium,-
688 2161 794 2189 loannis
809 2160 890 2189 tertio
902 2161 928 2189 ⁵:
946 2161 1004 2196 Qui

155 2206 311 2234 desursum
328 2207 402 2235 uenit
415 2216 505 2244 supet·
519 2216 616 2235 omnes
637 2211 685 2236 esc.
701 2208 766 2236 Nam
783 2208 897 2236 effectus
918 2208 1002 2245 potis-

156 2253 251 2287 simus,
266 2253 433 2282 descendens
448 2254 482 2282 ab
497 2254 602 2291 origine
624 2258 754 2283 causante
775 2255 875 2288 omnia,
891 2255 943 2283 tuit
961 2256 1002 2283 in-

156 2300 278 2328 carnatio
298 2300 416 2335 Christi3
446 2301 520 2329 etin
555 2302 605 2330 hoc
636 2302 711 2330 caelo
736 2301 782 2330 dat
814 2302 1000 2331 testimouium

155 2347 234 2375 beata
256 2348 374 2376 Trinitas
396 2348 548 2377 secundum
573 2349 708 2385 triplicem
738 2349 1001 2383 considerationem,

156 2394 221 2431 quia
242 2398 282 2423 est
310 2395 502 2429 fontahssima,
525 2395 738 2430 sublimissima,
760 2396 937 2424 diffusissima
961 2396 1002 2425 vel

157 2441 363 2477 perfectissima.

235 2488 262 2515 ll.
287 2488 433 2517 Videamus
455 2488 575 2517 secundo
597 2489 630 2517 de
660 2489 822 2518 testimoniis
844 2489 1001 2524 Trinitatis,

157 2542 228 2571 quae
248 2534 294 2563 dat
316 2535 341 2563 iu
364 2539 455 2569 terra,
477 2540 503 2564 et
525 2539 590 2564 sunt
611 2536 663 2564 ista
686 2536 839 2565 testimonia
865 2536 1001 2565 (leurs-um

219 2686 226 2699 ¹
246 2688 326 2710 Psalm.
345 2688 382 2714 77,
401 2689 437 2711 ²23.
455 2695 504 2717 seq.

218 2725 226 2738 ²
245 2726 288 2749 Cir.
307 2727 401 2754 Bonan,
421 2729 452 2750 ltl.
471 2729 531 2750 Seut.
550 2729 572 2751 d.
594 2729 627 2750 13.
645 2735 686 2756 per
705 2733 784 2752 totam.

219 2764 228 2777 ³
247 2765 310 2787 Vers.
332 2767 371 2793 103
389 2770 517 2795 sequuntur
535 2767 603 2790 llehr.
626 2769 643 2794 t,
662 2769 687 2795 23
706 2769 772 2791 Eccli.
792 2769 829 2796 24,
847 2770 874 2797 ὃς
895 2770 961 2792 Prov.
981 2771 1002 2798 8,

157 2803 194 2826 et.
212 2808 233 2826 et
251 2805 311 2826 toan.
333 2806 366 2831 16,
389 2806 421 2827 ¹3.

219 2842 228 2854 ⁴
245 2843 289 2865 Cir.
308 2844 401 2871 Bonan,
419 2846 433 2866 l.
451 2845 512 2867 Seut.
530 2845 553 2867 d.
566 2846 587 2867 2.
605 2852 628 2874 (ι.
646 2846 666 2868 t.
684 2847 706 2868 in
722 2852 786 2874 corp.
803 2853 830 2869 ac
848 2847 871 2870 d.
892 2848 926 2870 10.
944 2854 963 2870 a.
984 2849 1001 2870 l.

156 2888 179 2910 q.
197 2882 222 2909 33
240 2885 262 2904 ut
279 2882 307 2904 de
330 2883 451 2911 diligente,
471 2884 553 2906 dilecto
571 2887 591 2907 et
609 2885 749 2912 condilecto,
767 2889 821 2908 tom.
846 2886 874 2908 V.
902 2887 1002 2909 itinerar.

157 2921 238 2943 incutis
256 2921 276 2943 in
296 2922 381 2948 Deum,
399 2928 418 2944 c.
437 2922 457 2944 6.
476 2929 497 2945 n.
517 2924 536 2945 2.

220 2960 228 2972 ⁵
246 2960 312 2982 Vei-s.
330 2961 366 2983 31.
588 2962 597 2974 ‘⁵
616 2963 680 2985 Vers.
703 2964 724 2990 l,
743 2964 846 2992 sequitur
864 2965 906 2987 lac.
925 2965 946 2991 5,
968 2966 1001 2987 lS.

1061 239 1218 275 firmantia
1240 241 1267 268 in
1288 241 1492 269 exercitatione
1524 242 1641 271 uirtutis
1668 248 1694 272 et
1715 244 1762 272 dat
1793 245 1843 273 ista
1869 250 1907 275 te-

1063 286 1190 314 stimonia
1212 286 1238 314 in
1262 290 1352 320 terra,
1375 287 1400 315 id
1421 291 1462 316 est
1485 288 1510 316 in
1534 289 1655 317 humana
1676 293 1788 324 natura;
1804 292 1837 320 de
1852 301 1907 328 qua

1063 332 1145 360 isaiae
1167 333 1341 369 sexagesimo
1361 334 1478 362 sexto⁶z
1503 334 1621 363 Caelum
1642 336 1721 364 sedes
1737 345 1810 370 meu,
1826 343 1907 368 terra

1062 382 1160 406 (tutem.
1181 378 1337 406 scabellum
1358 379 1465 415 pedum
1486 388 1618 409 meorum
1625 392 1635 414 ;
1657 382 1703 411 ubi
1725 384 1843 412 ostendit
1858 385 1908 413 Do-

1062 424 1155 452 minus
1176 432 1255 453 suam
1276 425 1469 454 excellentiam
1492 426 1519 454 in
1542 427 1606 461 hoc,
1628 428 1701 464 quod
1724 430 1860 465 praesidet
1881 435 1908 460 et

1062 470 1172 499 subiicit
1193 471 1251 499 suis
1282 471 1390 508 legibus
1421 473 1564 501 caelestem
1598 474 1671 502 illam
1703 479 1730 503 et
1757 477 1906 513 angelicam

1061 520 1206 551 naturam;
1228 518 1347 546 ostendit
1368 518 1449 547 etiam
1473 527 1550 548 suam
1581 520 1741 557 dignitatem
1768 531 1817 558 per
1840 524 1907 558 hoc,

1062 564 1135 601 quod
1157 564 1349 593 condescendit
1370 565 1403 593 ad
1426 569 1528 595 terram
1550 571 1660 596 nostrae
1682 568 1858 604 infirmitatis,
1880 571 1907 599 in

1062 619 1117 648 qua
1131 614 1184 639 stat
1199 611 1271 640 sicut
1284 612 1312 640 in
1327 612 1449 641 scabello
1468 613 1586 650 pellunt,
1608 616 1657 650 (et)
1680 623 1729 651 per
1752 616 1811 650 hoc,
1834 618 1907 653 quod

1062 658 1143 686 etiam
1166 659 1252 695 ipsam
1274 659 1332 688 suis
1354 659 1461 696 legibus
1483 660 1594 689 subiicit
1615 664 1641 689 et
1662 661 1771 690 divinae
1792 667 1908 692 naturae

1062 705 1089 733 in
1111 705 1220 734 Christo
1242 706 1346 740 univit,
1369 707 1449 735 iuxta
1470 707 1538 735 illud
1553 708 1639 736 lacobi
1658 708 1771 737 ultimo:
1789 709 1908 738 Caelum

1062 752 1139 780 dedu
1156 753 1308 789 pluviam,
1331 758 1355 782 et
1384 758 1466 782 terra
1497 754 1573 783 dedu
1601 754 1735 791 fructum
1756 764 1854 784 suum.
1878 757 1906 785 ln

1062 799 1113 827 hac
1135 803 1216 827 terra
1237 799 1283 827 dat
1304 800 1383 828 beata
1414 801 1533 829 Trinitas
1557 801 1742 830 testimonium
1770 810 1818 839 per
1840 803 1908 837 tria,

1062 845 1164 874 scilicet
1191 845 1341 882 fluminis,
1369 847 1517 883 flaminis,
1539 848 1714 885 sanguinis,
1745 857 1793 885 per
1821 850 1909 886 bapti-

1062 900 1152 921 smum
1166 893 1185 927 ⁷,
1201 893 1248 930 qui
1265 893 1429 931 intelligitur
1450 902 1499 931 per
1514 903 1630 931 aquam,
1647 896 1775 932 spiritum
1798 901 1825 925 et
1847 905 1909 925 sau<

1061 939 1187 976 guinem,
1209 948 1272 968 cum
1294 940 1411 969 dicitur:
1441 942 1509 969 Tres·
1534 946 1619 976 sunt,
1641 943 1693 980 qut
1714 944 1909 972 testimonium

1061 987 1133 1015 (lunt
1156 987 1187 1027 t'u
1208 991 1305 1015 terra.-
1329 988 1468 1024 Spiritus,
1491 997 1571 1027 ctquct
1592 995 1617 1018 et
1637 990 1771 1027 sconyztt's.
1795 991 1826 1019 Et
1847 992 1908 1028 qui-

1061 1033 1122 1062 dem
1145 1033 1300 1070 baptismus
1323 1034 1457 1070 fluminis
1484 1036 1603 1064 ostendit
1630 1037 1778 1073 potentiam
1806 1038 1908 1072 l'atris3

1060 1079 1193 1116 fluminis
1213 1088 1294 1115 vero,
1316 1082 1487 1110 sanctitatem
1510 1083 1629 1119 Spiritus
1650 1085 1749 1117 sancti;
1772 1084 1818 1113 sed
1840 1093 1909 1113 sctu-

1060 1127 1175 1164 yuz'uis,
1198 1128 1353 1164 passionem
1376 1129 1432 1157 Filii
1455 1130 1592 1158 crucifixi.
1610 1131 1640 1158 Et
1656 1131 1682 1159 in
1706 1131 1748 1160 his
1764 1132 1853 1160 tribus
1868 1135 1909 1161 est

1061 1174 1168 1203 animae
1189 1175 1262 1204 fideli
1284 1176 1453 1204 exercitatio
1481 1177 1600 1205 virtutis
1621 1179 1727 1214 primo,
1749 1187 1799 1215 per
1820 1180 1909 1216 bapti-

1062 1229 1152 1250 smum
1174 1222 1312 1257 flumini33
1343 1223 1479 1258 secunde,
1506 1232 1555 1261 per
1576 1224 1744 1261 baptismum
1774 1226 1908 1261 flaminis:

1063 1268 1158 1302 tertio,
1181 1277 1230 1305 per
1252 1269 1419 1306 baptismum
1442 1272 1591 1308 sanguinis.
1616 1272 1646 1300 Et
1678 1273 1749 1301 sicut
1770 1274 1797 1301 in
1830 1274 1909 1302 beata

1061 1315 1194 1344 Trinitate
1215 1324 1334 1353 persona
1355 1317 1442 1346 Patris
1473 1326 1527 1346 non
1556 1323 1702 1355 separatur
1723 1328 1739 1348 a
1765 1320 1830 1348 Filio
1858 1329 1909 1349 nec

1060 1371 1076 1390 a
1097 1363 1201 1399 Spiritu
1223 1367 1332 1398 sancto,
1355 1372 1405 1393 nec
1421 1373 1537 1401 persona
1553 1366 1608 1394 Filii
1631 1375 1647 1394 a
1662 1367 1741 1395 Patre
1755 1371 1782 1395 et
1804 1368 1908 1404 Spiritu

1061 1412 1170 1443 sancte,
1193 1418 1242 1439 nec
1264 1418 1381 1447 persona
1403 1411 1521 1448 Spiritus
1543 1413 1629 1441 sancti
1648 1421 1663 1441 a
1679 1413 1757 1442 Patre
1779 1417 1806 1442 et
1828 1414 1907 1447 Fili03

1060 1456 1099 1484 sic
1120 1464 1170 1485 nec
1191 1457 1346 1494 baptismus
1368 1459 1509 1495 sanguinis
1535 1463 1562 1487 et
1593 1460 1711 1488 flaminis
1733 1469 1748 1488 a
1770 1460 1907 1497 baptismo

1060 1502 1198 1538 fluminis,
1220 1512 1269 1533 nec
1290 1513 1306 1533 a
1327 1505 1463 1542 baptismo
1491 1506 1610 1535 flaminis
1641 1510 1787 1543 separatur
1820 1508 1908 1544 bapti-

1060 1557 1137 1578 smus
1157 1551 1280 1580 ssuminis
1302 1555 1328 1580 et
1350 1552 1505 1589 sanguinis,
1522 1561 1571 1581 uec
1586 1562 1601 1581 a
1616 1554 1751 1590 baptismo
1766 1554 1908 1591 sanguinis

1059 1596 1213 1633 baptismus
1234 1598 1357 1627 fluminis
1379 1603 1406 1627 et
1427 1599 1555 1628 flaminis.
1577 1617 1616 1620 —
1637 1601 1664 1628 ln
1687 1601 1822 1637 baptismo
1841 1609 1907 1638 ergo

1058 1643 1193 1680 fluminis
1209 1646 1261 1673 tria
1276 1649 1438 1682 operantur,
1460 1647 1563 1676 scilicet
1584 1656 1657 1684 aqua
1672 1651 1699 1676 et
1713 1648 1832 1684 Spiritus
1848 1656 1906 1677 san-

1059 1694 1120 1719 ctus
1148 1694 1176 1720 et
1197 1692 1309 1728 sanguis
1331 1692 1449 1727 Christi;
1472 1693 1579 1722 loannis
1601 1694 1720 1722 tertioss:
1744 1695 1810 1723 Nisi
1840 1695 1906 1733 quis

1052 1726 1181 1766 'renatus
1201 1737 1293 1776 fuerit
1315 1748 1349 1767 ex
1370 1748 1451 1777 aqua
1466 1744 1491 1768 et
1506 1740 1621 1777 Spiritu
1642 1746 1757 1775 saneto,
1774 1750 1832 1770 nou
1842 1746 1906 1778 pot-

1059 1788 1099 1813 est
1120 1785 1243 1814 introire
1264 1786 1295 1814 in
1310 1795 1434 1824 reyuum
1452 1787 1510 1815 Dei.
1527 1788 1603 1821 Nam,
1618 1791 1650 1816 ut
1664 1788 1729 1817 dicit
1744 1789 1864 1817 Isidorus
1879 1788 1906 1823 ⁹,

1062 1842 1075 1858 tt
1092 1832 1299 1861 Sacramentum
1332 1836 1388 1867 est,
1410 1834 1437 1862 in
1460 1842 1516 1871 quo
1548 1835 1600 1863 sub
1630 1838 1789 1871 tegumento
1810 1843 1905 1864 rerum

1059 1879 1208 1907 visibilium
1229 1880 1322 1909 divina
1343 1881 1433 1909 virtus
1455 1881 1571 1910 salutem
1587 1882 1721 1910 secretius
1735 1885 1905 1918 operatur».

1059 1926 1175 1963 Sanguis
1204 1927 1285 1955 etiam
1317 1927 1418 1957 Christi
1448 1928 1484 1956 ibi
1517 1932 1665 1965 operatur;
1691 1929 1765 1958 unde
1786 1929 1819 1958 de
1847 1929 1906 1958 eius

1058 1973 1144 2002 latere
1158 1974 1247 2002 exivit
1260 1975 1386 2012 sanquis
1400 1979 1425 2003 et
1439 1983 1530 2013 aqua,
1543 1975 1648 2004 loannis
1663 1976 1768 2004 decimo
1784 1984 1854 2004 nono
1867 1977 1905 2010 ¹⁰3

1058 2020 1104 2049 ubi
1127 2021 1193 2049 dicit
1214 2022 1399 2058 Augustinus,
1428 2023 1500 2059 quod
1528 2023 1627 2051 «sicut
1655 2023 1688 2052 de
1720 2024 1804 2052 latere
1836 2023 1906 2051 Adae

1058 2067 1220 2096 dormientis
1251 2068 1367 2097 formata
1398 2073 1440 2098 est
1469 2070 1537 2103 Eva,
1567 2071 1605 2098 sic
1633 2070 1666 2099 de
1695 2071 1780 2099 latere
1804 2070 1904 2098 Christi

1058 2114 1220 2143 dormientis
1248 2115 1394 2145 fluxerunt
1416 2117 1608 2151 Sacramenta,
1634 2117 1707 2146 uude
1728 2117 1844 2146 formata
1865 2120 1907 2145 est

1060 2161 1177 2190 Ecclesia
1190 2174 1215 2190 n.
1231 2180 1269 2183 -
1285 2163 1312 2191 ln
1327 2164 1464 2200 baptismo
1479 2172 1545 2201 ergo
1560 2168 1624 2193 sunt
1640 2165 1705 2199 tria,
1721 2165 1823 2193 scilicet
1837 2173 1906 2193 sctu-

1059 2209 1264 2245 ctificcttz'ount,
1280 2210 1510 2247 st'yuifiectttmtm
1527 2215 1554 2240 et
1573 2212 1815 2249 reyeuercttz'uunz.
1839 2213 1904 2240 Nam

1060 2259 1205 2292 regenerat
1226 2264 1262 2284 ex
1284 2265 1328 2291 se,
1350 2257 1383 2285 ad
1400 2258 1491 2286 Titum
1514 2259 1594 2287 tertio
1611 2260 1649 2286 11:
1672 2259 1730 2287 Per
1752 2259 1906 2287 lavacrum

1060 2303 1289 2339 reqenercttz'out's
1310 2307 1336 2331 et
1358 2305 1555 2333 renovationis
1578 2306 1708 2342 Spiritus
1732 2307 1845 2339 sunem}
1871 2306 1906 2335 si-

1059 2349 1170 2386 gnificat
1185 2357 1220 2377 ex
1239 2358 1327 2387 aqua,
1350 2352 1502 2380 sanctificat
1522 2360 1557 2381 ex
1574 2353 1693 2389 Spiritus
1708 2353 1793 2381 sancti
1809 2353 1905 2390 gratia.

1138 2397 1214 2425 Ratio
1235 2400 1327 2426 autem
1350 2398 1430 2434 plena
1451 2399 1643 2436 szssquisieuucst
1664 2400 1690 2427 in
1714 2400 1803 2428 tribus
1818 2400 1907 2429 consi-

1060 2444 1121 2477 stit,
1144 2444 1204 2472 ideo
1219 2444 1245 2472 in
1263 2444 1398 2480 baptismo
1419 2448 1460 2474 est
1475 2446 1578 2482 aliquid
1593 2446 1767 2483 sz'ynz'siectns
1789 2450 1905 2482 tautum,

1059 2491 1162 2519 scilicet
1183 2499 1271 2528 aqua,
1294 2500 1365 2528 quae
1386 2495 1533 2521 attestatur
1556 2493 1642 2527 Patri3
1665 2497 1691 2522 et
1706 2494 1904 2531 sigynz‘fiecumn

1059 2540 1183 2571 tantum,
1205 2538 1308 2566 scilicet
1329 2539 1448 2575 Spiritus
1470 2542 1581 2568 sanctus
1603 2540 1659 2568 sive
1681 2541 1769 2577 gratia
1787 2541 1907 2577 Spiritus

1122 2691 1130 2703 ⁷
1148 2692 1191 2714 Cn:
1211 2693 1305 2719 Bouav„
1323 2693 1358 2714 tv.
1378 2694 1438 2715 Seni.
1458 2693 1480 2715 d.
1500 2693 1520 2715 i.
1538 2700 1560 2721 p.
1580 2694 1602 2715 ll.
1620 2701 1643 2722 (Ι.
1665 2695 1707 2715 1-2.

1122 2730 1130 2743 ‘³
1149 2731 1214 2753 Vei-s.
1232 2732 1253 2753 5.

1122 2769 1131 2782 ⁰
1149 2770 1209 2792 Libr.
1227 2771 1263 2792 Vl.
1282 2771 1409 2799 Etymolog.
1427 2778 1446 2793 «J.
1468 2772 1502 2793 ¹9.
1520 2779 1542 2794 n.
1561 2772 1596 2799 to,
1614 2773 1653 2800 qui
1673 2776 1745 2794 textus
1763 2776 1852 2794 sumtus
1872 2776 1905 2794 est

1029 2804 1031 2839 J
1059 2816 1085 2831 cx
1102 2810 1206 2836 Gregor„
1225 2810 1247 2831 in
1265 2811 1279 2831 1.
1297 2810 1354 2837 Reg.
1376 2810 1409 2836 ²6,
1433 2811 1466 2832 13.

1123 2848 1142 2859 ³⁰
1160 2848 1224 2870 vers.
1243 2848 1279 2871 34.
1296 2861 1327 2865 —-
1345 2849 1459 2871 Sententia
1477 2850 1573 2877 August.
1587 2853 1621 2871 cst
1639 2850 1739 2871 Enarrat.
1758 2850 1779 2871 in
1799 2851 1832 2872 ΡΞ.
1856 2851 1904 2872 138.

1059 2894 1081 2909 u.
1100 2888 1125 2915 ⁵21.
1143 2889 1184 2909 ct'r.
1202 2891 1256 2909 tom.
1274 2889 1288 2909 l.
1306 2894 1359 2915 pag.
1378 2889 1404 2914 2,

1060 2933 1085 2948 ac
1104 2933 1172 2953 snpra
1192 2933 1244 2954 pag.
1263 2927 1320 2953 247,

1121 2964 1139 2977 ¹¹
1159 2966 1223 2988 Vers.
1242 2966 1263 2987 5.

1422 2891 1472 2910 nota
1496 2889 1529 2910 lt).
1542 2892 1562 2910 vt
1576 2892 1630 2910 tom.
1650 2889 1685 2911 ΙΥ.
1701 2895 1754 2917 pag.
1768 2890 1789 2916 2,
1802 2893 1854 2912 nota
1872 2891 1905 2912 12.

1338 2930 1390 2949 nota
1409 2927 1430 2949 7.

1926 809 2001 832 Triplex
2015 812 2041 829 te·

1930 833 2036 851 stimonium

1930 861 1971 874 cum
1984 857 2040 875 variis

1929 880 2039 903 appropria-

1940 903 2029 922 tionibus.

1928 1606 1998 1628 Primo,
2012 1606 2036 1625 de

1924 1630 2036 1653 baptismate

1935 1653 2025 1672 fluminis.

1943 2169 1986 2188 Tria
1999 2170 2018 2188 in

1931 2193 2031 2217 baptismo.

1930 2404 1957 2424 De
1969 2405 2043 2423 ratione

1921 2428 2045 2452 significandi.
