2243 3348
247 251 339 271 Secunda.

269 345 338 364 Tertia.

271 624 340 643 Oratio.

253 1091 299 1109 Pars
311 1092 340 1110 111.

225 1279 297 1303 Duplex
310 1279 342 1298 de·

212 1307 289 1322 scensas
307 1303 343 1321 sor-

213 1326 315 1344 midabilis.

239 1839 344 1858 Descensus

219 1863 296 1887 petitus.

217 2167 271 2186 Ratio
278 2167 344 2190 prima.

357 169 395 197 44

356 248 422 286 quis
443 247 591 275 dimensus
612 245 676 274 est?
701 262 740 266 —
762 244 892 273 Claritas
920 243 1127 281 refulgentiae,-
1157 243 1200 271 Ec-

357 294 498 324 clesiastici
522 293 652 330 vigesimo
673 295 773 329 quarto
789 293 814 320 ¹:
839 292 897 328 Eyo
918 290 975 328 feci
995 290 1026 319 in
1044 289 1146 323 caelis,
1168 292 1201 317 uc

356 342 486 370 oriretur
498 340 593 368 lumen
605 338 779 375 indeficiens.
791 354 829 358 —
841 337 1002 374 Copiositas
1014 336 1181 373 influentiae
1191 345 1200 369 ,-

356 386 560 416 Deuteronomii
591 385 719 422 vigesimo
747 388 842 412 octavo
858 384 887 411 ²¹:
915 383 1031 420 Aperiet
1059 382 1201 410 Dominus

357 434 526 463 thesaurum
541 440 628 461 suum
644 431 796 468 optimum,
818 430 940 463 caelum,
959 433 992 458 ut
1007 429 1120 458 tribuat
1139 428 1201 465 plu·

356 483 433 511 viam
450 485 546 509 terrae
567 482 633 507 tuae
648 479 678 506 in
693 481 817 513 tempore
830 485 892 505 suo.
908 477 951 505 Sic
966 478 992 504 et
1007 476 1033 504 in
1052 476 1127 504 caelo
1141 475 1200 503 Tri-

357 528 449 557 nitatis
463 526 649 556 sanctissimae
665 524 673 537 ³
696 527 737 553 est
757 523 924 552 sublimitas
935 523 1079 560 potentiae
1093 523 1200 551 incom-

357 573 518 612 parabilis,
541 572 703 608 limpiditas
730 570 891 607 sapientiae
920 569 1201 607 imperscrutabilis,

359 620 519 658 benignitas
533 618 696 647 clementiae
707 616 927 645 inenarrabilis.
939 634 977 637 —
989 617 1040 645 Hos
1055 617 1144 645 caelos
1159 624 1202 653 pe-

358 669 389 696 tit
402 667 536 703 Propheta
558 665 681 693 inclinari
697 664 730 693 ad
746 672 808 697 nos,
823 664 900 700 quasi
923 663 1009 691 dicat:
1026 666 1071 697 tu,
1088 663 1201 691 Domine

358 713 561 751 potentissime,
585 711 684 740 inclina
705 710 878 739 altitudinem
907 710 1043 746 potentiae
1064 710 1096 738 ad
1124 718 1201 738 assu-

357 760 482 789 mendam
506 762 632 787 naturam
656 758 820 786 infirmatam
851 764 899 793 per
921 756 1124 793 impotentiam3
1155 760 1200 790 tu,

358 807 472 835 Domine
483 805 690 842 sapientissime,
703 804 801 832 inclina
818 803 1033 840 magnitudinem
1053 803 1201 839 sapientiae

357 854 390 883 ad
406 852 594 882 instruendam
612 855 738 880 naturam
754 853 928 879 excaecatam
941 858 990 886 per
1003 849 1200 886 ignorantiam;

358 904 403 935 tu,
425 900 538 928 Domine
567 898 792 931 clementissime,
822 896 921 925 inclina
949 896 1120 925 dulcedinem
1148 897 1202 925 cle-

357 947 474 976 mentiae
496 946 528 975 ad
552 945 736 974 redimendam
753 947 879 972 naturam
895 943 1058 980 captivatam
1076 951 1124 979 per
1145 952 1201 971 ma-

358 994 451 1022 litiam.

436 1041 475 1068 Ill.
500 1041 529 1068 Et
550 1040 677 1076 quoniam
700 1039 832 1067 assumtio
848 1041 962 1066 naturae
984 1037 1146 1071 infirmatae,
1162 1037 1202 1065 in-

359 1088 475 1117 structio
507 1090 622 1115 naturae
654 1088 815 1114 excaecatae
847 1088 873 1113 et
904 1084 1054 1121 redemptio
1088 1087 1202 1112 naturae

359 1135 509 1171 captivatae
531 1134 600 1162 facta
628 1135 669 1161 est
697 1140 745 1169 per
773 1133 934 1161 descensum
964 1132 1020 1159 Filii
1049 1131 1112 1165 Dei3
1143 1131 1203 1160 ideo

360 1181 439 1209 dicit:
461 1180 603 1209 descende.

439 1228 581 1256 Descendit
602 1226 711 1263 quidem
735 1227 807 1255 Deus
826 1226 857 1254 in
870 1226 1017 1262 principio
1032 1225 1064 1253 ad
1080 1224 1204 1262 confun-

359 1275 482 1304 dendam
493 1274 654 1302 lnmnammn
668 1273 876 1310 arrogyantiam
883 1283 892 1305 ;
900 1272 1011 1301 Genesis
1026 1271 1171 1300 undecimo
1179 1272 1203 1299 ⁴¹:

367 1322 474 1355 Venice,
496 1321 705 1349 descendcmnus
726 1323 750 1348 et
772 1319 991 1356 confundamus
1013 1319 1147 1355 linquam
1161 1327 1204 1347 eo-

360 1378 444 1402 rum,
466 1372 497 1396 ut
518 1376 576 1395 non
597 1367 702 1395 audiat
731 1366 931 1404 unusquisque
959 1374 1051 1394 vocem
1072 1365 1207 1402 proximi

359 1416 415 1443 sui.
438 1432 476 1435 —
502 1414 651 1443 Descendet
681 1414 711 1441 in
733 1414 834 1441 ultimo
862 1413 894 1441 ad
917 1413 1129 1441 discutiemlam
1153 1412 1205 1440 ltu-

360 1470 480 1490 manam
498 1461 606 1493 vam,-
622 1460 726 1496 primae
741 1460 773 1488 ad
790 1460 1046 1488 Thessalonicenses
1067 1463 1167 1496 quarto
1178 1460 1205 1487 ⁵:

360 1509 504 1545 Quoniam
527 1508 586 1544 ipse
609 1507 750 1535 Dominus
771 1508 802 1535 in
823 1507 907 1535 iussa
929 1510 953 1535 et
974 1507 1005 1535 in
1026 1516 1092 1535 ‘voce
1114 1506 1205 1535 Areli-

359 1555 456 1592 anyeli
482 1559 507 1583 et
535 1555 564 1583 in
593 1554 662 1582 tuba
693 1554 744 1582 Dei
773 1554 920 1582 descendet
940 1554 974 1582 de
994 1554 1071 1582 caelo
1093 1556 1161 1587 etc.;
1181 1557 1208 1582 et

360 1602 471 1631 Genesis
491 1602 597 1630 decimo
617 1605 729 1630 octavo:
754 1601 872 1629 Clamor
895 1601 1088 1629 Sodomorum
1109 1605 1135 1628 et
1153 1600 1207 1629 Go-

359 1648 498 1677 morrliae
518 1648 729 1685 multiplicatus
747 1652 796 1681 est,
819 1652 842 1676 et
858 1652 1011 1685 peccatum
1032 1656 1134 1676 eorum
1155 1656 1208 1685 ay-

358 1700 516 1734 yi'avatum
539 1700 580 1724 est
599 1695 705 1728 nimis,
727 1695 898 1723 descendam
918 1699 942 1723 et
964 1695 1079 1729 videbo,
1105 1698 1207 1723 utrum

360 1743 514 1772 clamorem
526 1766 533 1776 ,
556 1743 607 1780 qai
620 1743 696 1770 venit
710 1742 750 1770 ad
763 1751 824 1776 me,
840 1750 923 1779 opere
944 1741 1153 1779 compleverint.

439 1790 490 1818 Sed
509 1798 583 1818 nunc
596 1789 665 1825 petit
680 1789 847 1817 descensum
868 1788 901 1817 ad
923 1789 1132 1817 assumendam
1154 1787 1208 1816 llu-

360 1845 482 1865 manam
492 1840 646 1869 naturam,
658 1836 691 1864 de
703 1844 758 1872 quo
774 1838 863 1871 potest
877 1835 989 1871 intelligi
1005 1835 1071 1863 illud
1085 1835 1206 1863 ludicum

360 1883 465 1912 decimo
480 1883 611 1919 quartofl:
627 1882 774 1910 Descendit
789 1882 901 1910 Samson
917 1886 942 1909 et
961 1881 1073 1910 locutus
1092 1887 1132 1909 est
1144 1890 1208 1909 mu-

362 1930 440 1963 lieri,
455 1938 530 1967 quae
547 1929 703 1966 placuerat
717 1928 808 1957 oculis
821 1929 899 1962 eius,
918 1932 949 1956 ut
962 1928 1105 1965 acciperet
1126 1937 1206 1962 cam,

362 1977 427 2014 quia
442 1979 507 2005 tunc
528 1976 667 2004 descendit
688 1979 719 2004 ut
740 1983 857 2012 sponsus
878 1975 1060 2004 suavissimus
1081 1975 1107 2003 in
1124 1975 1209 2012 Virgi-

362 2032 437 2057 nem;
454 2023 514 2052 ideo
529 2023 587 2059 ipsa
600 2023 665 2051 dicit
680 2022 855 2051 Canticorum
871 2024 962 2050 sexto:
979 2022 1126 2050 Descendit
1141 2021 1208 2049 dile-

362 2074 425 2099 ctus
439 2078 520 2098 meus
535 2070 566 2098 in
582 2069 697 2098 bortum
713 2078 801 2097 suum
816 2070 856 2097 ad
871 2069 999 2097 areolam
1020 2072 1206 2103 aromatum,

362 2121 394 2145 ut
405 2121 551 2153 pascatur
566 2117 596 2145 in
612 2115 704 2145 bortis
725 2120 749 2144 ec
770 2116 832 2144 lilia
853 2116 982 2153 colligat,
999 2119 1030 2144 ut
1044 2116 1147 2145 scilicet
1161 2115 1207 2145 de—

362 2165 479 2193 lectetur
501 2164 527 2192 in
550 2163 695 2192 animabus
715 2163 796 2192 castis
817 2166 844 2191 et
865 2163 975 2191 sanctis.
991 2180 1029 2182 —
1047 2163 1093 2191 Hic
1114 2166 1206 2192 autem

361 2211 510 2240 descensus
530 2210 701 2247 appetendus
722 2213 748 2238 et
770 2210 950 2246 postulandus
971 2213 1040 2243 erat,
1061 2210 1126 2246 quia
1141 2213 1207 2238 tunc

361 2257 501 2286 descendit
522 2257 563 2284 ad
583 2256 763 2285 visitandum
778 2257 788 2273 ⁷
810 2257 921 2285 ainieos
943 2260 974 2285 ut
995 2256 1110 2285 amicus
1123 2265 1207 2285 vera-

362 2304 512 2337 cissimus‚·
534 2304 595 2332 ideo
615 2304 717 2332 dicitur
739 2304 914 2332 Canticorum
931 2308 1011 2332 sexto
1026 2303 1053 2331 ²³:
1071 2303 1210 2332 Deseendi

362 2351 393 2378 in
415 2350 530 2379 bortum
546 2359 656 2384 meum,
672 2350 698 2378 id
713 2353 754 2379 est
768 2350 918 2384 mundum,
934 2354 967 2378 ut
980 2350 1106 2379 viderem
1120 2359 1208 2387 poma

362 2397 536 2425 convallium
559 2401 583 2425 et
606 2397 790 2434 inspicerem,
812 2398 840 2425 si
859 2397 1028 2433 floruissent
1055 2398 1155 2426 vineae
1183 2401 1209 2426 et*

361 2444 573 2480 yerminassent
605 2444 686 2472 mala
704 2444 824 2480 punica.
848 2444 937 2472 Sancti
960 2444 1092 2473 dicuntur
1117 2452 1208 2481 poma

363 2494 475 2527 propter
497 2491 638 2519 dulcorem
654 2491 740 2524 vitae;
756 2491 869 2524 vineae,
892 2494 1005 2527 propter
1027 2491 1139 2519 odorem
1160 2491 1208 2519 do—

1015 165 1187 194 SERMONES
1208 165 1251 193 DE
1273 165 1436 193 TEMPORE.

1257 243 1370 276 ctrinae,
1392 243 1438 271 sed
1460 243 1542 271 mala
1553 242 1666 279 punica
1682 246 1795 279 propter
1810 243 1940 272 ruborem
1958 243 2102 279 patientiae

1257 289 1300 317 vel
1321 289 1464 317 amicitiae.
1488 306 1523 309 *-
1547 289 1594 317 Ad
1613 289 1786 318 satiandam
1801 288 1951 327 famelicos
1973 290 2044 319 sicut
2064 291 2103 319 ei-

1257 335 1311 363 bas
1324 335 1562 373 efficacissimus:
1583 336 1643 364 ideo
1664 336 1765 364 dicitur
1782 337 1887 365 loannis
1908 340 1987 365 sexto
2002 337 2028 365 ⁰:
2046 338 2103 375 Epo

1257 390 1322 410 sum
1344 382 1432 418 panis
1453 382 1549 415 vicus,
1578 383 1629 420 qui
1650 383 1683 411 de
1711 383 1788 411 caelo
1808 383 1942 412 descendi
1949 394 1958 416 ,·
1985 383 2013 412 si
2040 384 2104 422 quis

1258 428 1482 457 manducaverit
1504 437 1538 456 ecc
1560 428 1611 457 lioe
1630 437 1716 465 pane,
1737 429 1810 458 vivet
1832 430 1862 457 in
1883 433 2050 463 aeternum„-
2078 427 2105 459 et

1259 475 1374 504 ibidem:
1397 475 1452 503 Hic
1473 479 1513 503 est
1532 475 1622 512 panis
1651 476 1685 503 dc
1712 476 1789 504 caelo
1818 476 2004 510 descendens,
2027 481 2059 505 ut
2079 478 2106 506 si

1258 522 1324 560 <suis
1332 531 1366 550 ex
1378 522 1440 559 ipso
1454 522 1688 556 manducaverit,
1700 531 1758 551 non
1769 523 1935 556 moriatur‚·
1947 527 1974 552 et
1988 523 2104 553 ibidem:

1259 569 1354 597 Panis
1375 569 1452 597 enim
1476 569 1527 597 Dei
1547 572 1603 602 est,
1626 570 1678 607 qui
1698 570 1732 597 de
1746 569 1824 598 eaelo
1845 570 1989 599 descendit
2010 574 2034 599 et
2054 571 2106 599 dat

1258 615 1348 643 vitam
1371 616 1490 644 mundo.
1523 633 1559 636 ——
1589 616 1636 644 Ad
1657 616 1880 651 rectificandum
1910 617 2007 646 devios
2034 617 2106 646 sicut

1258 662 1394 699 splendor
1415 662 1653 696 illustrissimum
1668 663 1779 691 secundi
1797 663 1897 692 Esdrae
1912 672 1984 692 nono
2000 664 2036 692 ¹⁰:
2054 664 2105 693 De-

1258 709 1396 737 scendisti
1416 713 1439 737 ct
1461 709 1574 737 locutus
1595 718 1623 737 es
1644 718 1709 737 eum
1732 709 1772 738 eis
1793 710 1827 738 de
1848 710 1925 738 eaelo
1947 714 1972 738 et
2003 711 2107 740 dedisti

1258 756 1299 784 eis
1320 756 1434 784 iudicia
1452 760 1531 784 recta
1545 760 1569 784 et
1585 756 1672 793 leyem
1688 757 1836 790 veritatis;
1858 760 1885 785 et
1900 757 1984 786 Exodi
2001 757 2106 787 decimo

1259 811 1346 830 nono:
1371 803 1519 831 Descendit
1541 803 1651 840 Moyses
1672 803 1705 831 de
1727 806 1820 832 monte
1848 804 1888 832 ad
1913 803 2055 841 populum
2082 807 2107 832 et

1259 849 1359 877 onznia
1384 850 1523 878 narravit
1544 850 1601 882 eis;
1623 852 1650 878 et
1672 850 1787 879 ibidem:
1812 851 1951 879 Descende
1971 854 1995 879 et
2016 854 2108 880 conte-

1258 899 1338 924 stare
1355 896 1515 933 populum,
1537 905 1572 925 ne
1592 897 1657 925 velit
1686 898 1888 926 transcendere
1910 898 2047 927 terminos
2068 897 2108 926 ad

1259 942 1414 971 videndiwn
1438 944 1607 978 Dominum,
1629 947 1655 972 et
1670 947 1768 981 pereat
1782 953 1816 973 ex
1831 945 1872 973 eis
1883 944 2019 981 plurima
2032 944 2106 974 mul-

1259 989 1359 1018 titudo.
1372 1006 1410 1010 —
1423 992 1443 1018 Α
1451 990 1469 1018 d
1480 990 1728 1027 inflannnandum
1740 991 1847 1028 tepidos
1859 995 1890 1020 ut
1901 991 1982 1020 calor
1993 991 2108 1028 inflam-

1259 1036 1407 1070 mativus;
1423 1041 1536 1073 propter
1551 1037 1624 1074 quod
1643 1037 1744 1066 dicitur
1760 1038 1845 1066 Exodi
1861 1038 1967 1067 decimo
1981 1046 2053 1067 nono
2069 1039 2105 1066 ¹¹:

1268 1084 1354 1111 Totus
1374 1092 1458 1112 mons
1480 1084 1566 1112 Sinai
1585 1083 1732 1121 fumabat,
1754 1093 1784 1112 eo
1806 1085 1883 1123 quod
1900 1085 2041 1114 Dominus
2062 1085 2108 1114 dc-

1259 1130 1413 1159 scendisset
1434 1139 1524 1167 super
1538 1139 1604 1159 eum
1619 1131 1650 1159 in
1671 1131 1754 1168 i9nc;
1775 1135 1801 1160 et
1824 1132 1911 1160 Lucae
1929 1132 2107 1161 duodecimo:

1263 1178 1360 1214 Ionem
1383 1177 1446 1206 veni
1466 1178 1577 1206 mittere
1598 1178 1629 1206 in
1644 1181 1770 1213 terram,
1785 1182 1809 1206 et
1824 1179 1895 1217 quid
1915 1178 1987 1212 volo,
2005 1178 2066 1207 nisi
2078 1182 2110 1207 ut

1261 1224 1465 1253 accendatur?
1486 1241 1524 1244 —
1547 1225 1594 1252 Ad
1614 1225 1784 1253 curandum
1805 1225 1953 1254 morbidos
1968 1225 2040 1254 sicut
2060 1234 2109 1254 cu-

1262 1275 1346 1300 rator
1361 1271 1567 1308 reparamus,-
1582 1272 1643 1300 ideo
1664 1272 1789 1308 signatur
1811 1280 1860 1309 per
1881 1272 2043 1301 descensum
2059 1273 2111 1301 An-

1262 1319 1324 1355 geli,
1339 1319 1373 1346 de
1388 1326 1443 1355 quo
1460 1319 1565 1346 loannis
1580 1318 1724 1355 quinio¹²z
1738 1319 1866 1356 Anyelus
1880 1319 1997 1348 Domini
2010 1328 2111 1348 secun-

1262 1366 1332 1393 dum
1356 1370 1467 1402 tempus
1482 1365 1667 1394 descendebat
1686 1366 1716 1394 in
1728 1366 1888 1403 piscinam,
1903 1371 1928 1395 et
1942 1365 2111 1395 movebatur

1263 1421 1361 1450 aqua,
1383 1417 1407 1440 et
1429 1412 1480 1450 qai
1497 1413 1585 1449 prior
1606 1412 1792 1441 descendebat
1822 1413 1854 1441 in
1873 1413 2021 1450 piscinam
2046 1417 2112 1450 post

1263 1460 1416 1488 motionem
1431 1467 1526 1498 aquae
1540 1468 1634 1487 sanus
1647 1459 1746 1496 fiebat,
1769 1468 1789 1488 a
1803 1468 1986 1498 quacumque
2007 1460 2112 1489 detine-

1265 1507 1352 1535 batur
1374 1506 1562 1543 infirmatae,-
1585 1515 1633 1543 per
1655 1515 1738 1543 quem
1761 1510 1849 1543 potest
1870 1507 2017 1544 significari
2033 1507 2112 1535 Chri-

1265 1557 1337 1587 stus,
1359 1553 1405 1590 qui
1429 1557 1538 1582 nostros
1561 1554 1707 1590 languores
1721 1557 1816 1588 curat3
1839 1555 1927 1583 Lucae
1948 1557 2043 1583 sexto:
2061 1554 2112 1582 De—

1264 1600 1401 1629 scendens
1417 1601 1491 1629 lesus
1512 1600 1545 1628 de
1567 1604 1660 1629 monte
1681 1600 1754 1629 stetit
1770 1601 1801 1629 in
1822 1600 1881 1629 loco
1903 1601 2073 1638 campestri,
2088 1604 2113 1629 et

1265 1647 1354 1675 turba
1375 1647 1589 1684 discipulorum
1610 1647 1672 1675 eius
1693 1651 1719 1675 et
1739 1647 1894 1676 multitudo
1916 1648 2035 1685 eopiosa
2053 1648 2112 1685 ple-

1266 1694 1308 1723 bis
1330 1694 1366 1722 ab
1388 1695 1469 1723 omni
1489 1694 1602 1723 Iudaea
1623 1698 1648 1723 et
1676 1694 1833 1723 Ierusalem
1855 1698 1881 1723 et
1907 1695 2061 1724 maritima
2088 1699 2112 1724 ei

1272 1741 1344 1779 Tyri
1364 1741 1536 1782 etSidonis,
1559 1742 1610 1779 qui
1629 1746 1778 1775 venerant,
1796 1745 1825 1770 ut
1848 1742 1988 1770 audirent
2007 1751 2072 1771 eum
2088 1746 2113 1771 et

1264 1792 1446 1816 sanarentur
1467 1797 1487 1816 a
1507 1788 1702 1825 lanyuoribus
1721 1788 1793 1817 suis.
1813 1789 1845 1816 Et
1859 1789 1911 1827 qui
1928 1789 2113 1818 vescabanlur

1265 1844 1285 1863 a
1305 1835 1459 1872 spiritibus
1474 1835 1636 1863 immundis
1650 1834 1845 1864 curabantur.
1863 1836 1897 1864 Et
1915 1836 2009 1864 omnis
2024 1836 2112 1865 turba

1266 1881 1423 1920 quaerebat
1437 1890 1503 1910 cum
1525 1885 1656 1919 tangere,
1679 1882 1750 1920 quia
1771 1882 1867 1910 uirtus
1892 1883 1926 1911 de
1946 1882 1994 1911 illo
2015 1883 2113 1912 eaez'bat

1265 1932 1289 1957 et
1310 1928 1437 1957 sanabat
1457 1937 1563 1957 omnes.
1587 1945 1623 1949 —
1646 1929 1693 1957 Ad
1716 1929 1963 1965 sanctificandum
1991 1929 2113 1967 foetidos

1266 1976 1337 2004 sicut
1350 1974 1481 2012 pontifeoc
1498 1976 1539 2004 vel
1554 1976 1687 2004 mediator
1700 1975 1928 2012 purificativus;
1940 1977 2000 2005 ideo
2011 1977 2113 2006 dicitur

1267 2022 1351 2051 Exodi
1364 2022 1470 2051 decimo
1485 2030 1557 2051 nono
1573 2023 1612 2050 ¹³:
1626 2023 1830 2061 Descenditque
1848 2024 1959 2062 tlloyses
1973 2024 2007 2052 de
2020 2028 2113 2052 monte

1265 2070 1305 2097 ad
1323 2069 1467 2106 populum
1489 2073 1514 2097 et
1540 2069 1738 2105 sanctificavit
1763 2078 1846 2103 eum,·
1871 2071 1905 2099 de
1932 2071 1983 2099 hoc
2008 2071 2040 2100 ad
2063 2071 2112 2100 He-

1264 2117 1362 2145 braeos
1383 2116 1505 2144 decimo:
1529 2116 1714 2152 ‚S'anctificati
1738 2125 1843 2145 sumus
1861 2126 1915 2154 per
1942 2117 2112 2146 oblationem

1264 2164 1396 2201 corporis
1420 2162 1545 2196 Cltristi;
1560 2167 1587 2192 et
1602 2163 1687 2192 infra:
1715 2164 1778 2192 Una
1793 2164 1868 2192 enini
1884 2164 2025 2193 oblatione
2046 2173 2112 2193 con-

1263 2211 1424 2239 summavit
1445 2210 1475 2238 in
1495 2210 1704 2247 sempiternum
1718 2210 1925 2248 sanctificatos.
1941 2228 1980 2232 —
1996 2212 2042 2240 Ad
2056 2212 2112 2240 lae-

1265 2256 1438 2293 tificandum
1469 2256 1593 2294 afflictos
1622 2257 1693 2286 sicut
1713 2257 1876 2286 consolator
1898 2258 2112 2294 laetificativus,

1265 2311 1335 2340 quos
1355 2303 1483 2332 Christus
1505 2304 1664 2332 consolatur
1685 2304 1712 2332 in
1739 2304 1932 2339 tribulatione;
1961 2305 2114 2342 Sapientiae

1264 2351 1370 2379 decimo
1386 2351 1425 2378 ¹⁴:
1451 2351 1656 2388 Descendilque
1681 2359 1746 2379 cum
1769 2351 1817 2380 illo
1845 2352 1877 2380 in
1897 2351 2011 2389 foveam
2033 2355 2059 2380 et
2083 2352 2114 2381 in

1264 2397 1390 2426 vinculis
1410 2406 1469 2426 non
1497 2397 1650 2435 dereliquit
1678 2398 1777 2432 illum,
1806 2399 1894 2427 donec
1922 2397 2041 2437 afferret
2071 2399 2115 2428 illi

1264 2448 1408 2481 sceptrum
1425 2445 1510 2482 regyni
1523 2448 1547 2473 et
1560 2445 1720 2481 potentiam
1735 2446 1879 2474 adversus
1899 2454 1946 2474 eos
1973 2445 2025 2484 qui
2048 2454 2114 2474 eum

1264 2491 1472 2528 deprimebant.
1500 2508 1535 2512 -
1570 2492 1617 2519 Ad
1648 2492 1832 2520 liberandum
1864 2501 2015 2530 oppressos
2043 2493 2114 2521 sicut

426 2680 434 2693 ¹
454 2682 517 2704 Vers.
536 2682 557 2704 6.
1060 2682 1069 2695 ²
1088 2683 1153 2706 Vers.
1172 2683 1208 2705 12.

426 2719 435 2732 ³
452 2720 497 2743 Csr.
514 2721 609 2748 Bonav„
627 2721 650 2743 11.
667 2721 729 2743 Seni.
752 2721 774 2743 d.
793 2722 815 2743 2.
838 2727 860 2749 p.
879 2722 901 2744 ll.
929 2721 984 2744 dub.
1003 2723 1025 2749 2,
1047 2721 1086 2744 ubi
1108 2722 1209 2751 exponit,

364 2760 427 2789 quod
445 2760 556 2782 celsitudo
573 2760 701 2782 Divinitaiis
718 2762 814 2782 vocatur
832 2760 924 2783 caelum
942 2763 1036 2789 propter
1056 2761 1209 2789 proprietates

364 2802 408 2821 tres
425 2800 494 2822 caelis
510 2799 681 2822 convenientes.

425 2837 435 2849 ⁴²
453 2838 519 2860 Vers.
536 2838 558 2860 7.

427 2876 435 2888 ⁵
454 2877 519 2899 Vers.
537 2877 574 2899 ⁴5.
591 2889 622 2893 —
639 2876 742 2899 Subinde
758 2878 868 2905 allegatur
884 2878 941 2900 Gen.
962 2879 994 2906 18,
1013 2879 1051 2901 20.
1067 2885 1117 2907 seq.

426 2915 435 2928 ὃ
453 2916 519 2938 Vers.
536 2916 558 2938 7.
576 2923 624 2945 seq.
642 2929 672 2933 —
690 2917 797 2945 Sequitur
814 2916 878 2939 Cant.
897 2917 918 2944 6,
940 2918 958 2939 1.

427 2954 438 2989 7-
453 2956 481 2978 lta
500 2956 531 2983 M}
550 2956 568 2978 Κ
586 2955 765 2979 consolandum.

1328 2682 1337 2695 Β
1350 2684 1415 2706 Vers.
1434 2684 1474 2712 40,
1492 2683 1532 2706 ubi
1550 2690 1592 2712 pro
1610 2690 1689 2707 mcum
1703 2685 1797 2712 Vulgata
1816 2690 1913 2712 nucum,
1926 2687 1948 2706 et
1965 2690 2008 2712 pro
2019 2683 2114 2713 floruis-

1265 2723 1316 2745 sent
1332 2722 1413 2745 vineae
1431 2723 1479 2750 ipsa
1497 2722 1618 2752 floruisset
1628 2723 1705 2746 cinea.

1328 2760 1337 2773 ⁹
1356 2762 1421 2784 Vers.
1433 2763 1471 2784 51.
1482 2769 1532 2791 seq.
1544 2775 1574 2779 —
1587 2763 1636 2785 Duo
1648 2769 1713 2792 seqq.
1725 2763 1768 2786 loci
1783 2766 1835 2785 sunt
1848 2762 1904 2785 ibid.
1916 2769 1938 2784 v.
1952 2763 1989 2786 50.
2006 2765 2029 2785 et
2040 2769 2062 2784 v.
2076 2763 2112 2785 33.

1330 2799 1349 2814 ¹⁰
1366 2801 1432 2823 Vers.
1450 2801 1486 2828 13,
1504 2804 1555 2829 post
1572 2807 1642 2830 quem
1660 2802 1730 2824 Exod.
1749 2802 1785 2828 ⁴19,
1803 2801 1840 2824 25.
1857 2804 1880 2824 et
1896 2802 1933 2823 21.

1329 2839 1347 2851 ¹¹
1366 2840 1431 2862 Vers.
1453 2841 1487 2862 18.
1505 2853 1535 2857 -
1553 2841 1661 2869 Sequitur
1677 2841 1732 2863 Luc.
1754 2842 1791 2869 12,
1810 2841 1847 2863 49.

1330 2877 1348 2892 ¹²
1366 2879 1432 2901 Vers.
1451 2879 1471 2901 4.
1488 2892 1519 2896 —
1537 2879 1640 2902 Subinde
1657 2881 1767 2908 allegatur
1785 2881 1839 2903 Luc.
1859 2881 1885 2908 6,
1907 2880 1979 2902 17-19.

1330 2917 1348 2930 ¹³
1366 2918 1433 2940 Vers.
1451 2919 1492 2944 14,
1511 2922 1562 2947 post
1579 2925 1649 2948 quem
1666 2919 1736 2941 Hebr.
1754 2920 1796 2946 10,
1818 2920 1850 2942 10.
1869 2922 1891 2942 et
1909 2919 1945 2941 14.

1331 2956 1348 2971 ¹⁴
1368 2958 1431 2979 vers.
1451 2958 1487 2980 13.
1504 2964 1553 2987 seq.

2119 291 2205 313 Secund&

2123 992 2197 1016 Quarta.
2212 993 2214 1016 ¹.

2126 1225 2199 1250 Quinta.
2215 1215 2217 1219 .

2130 1928 2192 1948 Sexta.

2130 2209 2218 2234 septima.

2130 2490 2203 2509 Octava.
