2243 3348
0 2043 3 2096 l

0 2097 2 2153 l

929 373 1223 448 INDEX

443 528 767 599 SERMONUM
815 532 886 601 ΕΤ
931 533 1289 606 SGHEMATUM
1337 539 1518 609 HUIUS
1567 543 1706 613 TOMI

967 699 1174 722 -ψ-

193 995 304 1018 Praefatio
307 1012 859 1021 ...............
888 1005 947 1029 pay.
1002 1000 1038 1022 Vll
1094 1001 1146 1024 ΠΛΡ.
1164 1003 1187 1025 ll.
1205 1003 1237 1025 De
1253 1004 1373 1027 codicibus
1390 1011 1452 1034 mss,
1464 1006 1550 1035 quibus
1562 1007 1584 1030 in
1596 1008 1692 1032 edendis
1704 1010 1739 1032 liis
1750 1016 1798 1033 ser-

194 1042 358 1071 Prolegomena
375 1043 398 1065 in
416 1043 454 1065 tx.
472 1045 559 1066 tomum
578 1060 901 1068 .........
935 1055 945 1066 ιι
1008 1047 1038 1069 ΧΙ
1220 1050 1328 1073 monibus
1346 1052 1380 1074 usi
1397 1058 1478 1075 sumus
1480 1071 1758 1079 ........
1788 1064 1846 1088 pay.
1895 1059 1939 1082 XV

191 1088 244 1112 CAp.
260 1090 276 1112 1.
293 1090 326 1112 De
342 1089 420 1112 multis
437 1095 571 1113 sermonum
583 1093 662 1113 saneto
674 1091 848 1114 Bonaventurae
861 1092 896 1114 tri·
1119 1103 1131 1115 ιι
1167 1096 1199 1118 tlt.
1218 1097 1248 1119 De
1266 1097 1353 1120 ratione
1368 1101 1390 1121 et
1403 1099 1447 1128 via,
1462 1106 1532 1129 quam
1550 1101 1573 1123 in
1588 1102 1630 1125 hac
1647 1102 1747 1126 editione
1758 1103 1797 1127 ob-

316 1135 425 1158 butorum
438 1136 586 1165 editionibus,
597 1142 657 1165 quae
669 1137 790 1166 hueusque
802 1137 897 1165 impres·
1220 1143 1366 1166 servavimus
1400 1162 1797 1173 ...........
1830 1160 1841 1171 ιι
1884 1152 1937 1174 XXl

316 1189 355 1205 sae
372 1186 426 1206 sunt
451 1200 893 1208 ............
927 1194 937 1206 ιι
1006 1186 1037 1209 ib.
1096 1187 1183 1211 Tabula
1201 1190 1308 1213 codicum
1321 1208 1798 1220 .............
1831 1207 1842 1219 ιι
1863 1199 1933 1222 xxut

599 1286 816 1317 INTRODUGTIO
837 1287 902 1318 GUM
922 1288 1088 1320 OPUSGULO
1108 1290 1152 1321 DE
1173 1291 1266 1322 ARTE
1286 1293 1527 1326 PRAEDIGANDI.

188 1387 202 1416 S
220 1388 240 1410 l.
258 1387 280 1410 S.
297 1388 458 1410 Bonaventura
475 1393 517 1409 suo
535 1393 594 1409 aevo
611 1386 804 1410 celebratissimus
821 1388 862 1410 fuit
878 1393 925 1410 ser·
1092 1374 1144 1418 §.5-
1160 1391 1234 1414 Pauca
1252 1395 1337 1415 restant
1354 1393 1450 1417 dicenda
1468 1395 1497 1417 de
1509 1398 1586 1418 nostra
1598 1397 1698 1420 editione
1709 1399 1826 1427 sequentis

313 1440 409 1457 monum
426 1440 522 1457 suorum
540 1434 677 1462 praestantia
691 1436 713 1456 et
729 1434 883 1457 multitudine.
917 1441 972 1464 paq.
1021 1436 1033 1457 3
1218 1441 1326 1462 tractatus
1343 1441 1390 1464 Ars
1404 1441 1562 1470 praedicandi
1585 1460 1785 1468 ......
1815 1452 1873 1476 pay.
1921 1447 1935 1469 7

188 1491 198 1503 ιι
219 1483 242 1505 2,
263 1482 387 1505 Sermones
409 1484 486 1504 tamen
509 1487 521 1503 a
545 1481 567 1503 S.
593 1481 752 1503 Bonaventura
777 1487 790 1503 e
812 1485 924 1509 suggestu
1091 1484 1204 1507 Elenchus
1221 1485 1328 1508 codicum
1346 1487 1414 1509 liuius
1431 1487 1498 1510 libelli
1505 1505 1824 1514 .........
1857 1501 1868 1513 ιι
1904 1493 1936 1516 ib.

312 1529 395 1557 prolati
412 1532 437 1551 ut
453 1529 579 1557 plurimum
597 1535 642 1550 non
665 1527 694 1551 ab
712 1529 763 1556 ipso
780 1529 866 1558 scripti,
883 1529 925 1551 sed

312 1582 339 1598 ex
356 1582 396 1598 ore
413 1575 463 1598 eius
474 1574 503 1597 ab
515 1575 564 1597 aliis
581 1575 669 1603 excepti
681 1575 731 1598 sive
745 1576 855 1603 reportati
865 1579 925 1598 sunt.
958 1585 969 1597 ιι
1021 1577 1034 1599 4
1380 1580 1434 1602 ARS
1452 1581 1646 1605 PRAEDlCANDl.

186 1632 197 1643 ιι
217 1624 238 1646 3.
256 1624 379 1646 Sermones
395 1629 456 1646 saec.
468 1623 523 1650 xm,
541 1629 587 1646 non
599 1623 694 1652 quidem
712 1624 805 1650 profana
818 1623 925 1652 eloquen-

312 1671 349 1698 tia,
358 1670 398 1693 sed
412 1670 505 1698 comosa
517 1670 644 1698 theologica
656 1669 759 1692 doctrina
772 1672 794 1692 et
805 1670 924 1692 sententia-
1090 1670 1236 1693 Prooemium
1270 1689 1823 1700 ...............
1857 1687 1867 1698 ιι
1919 1679 1932 1701 8

311 1724 363 1740 rum
381 1717 521 1740 abundantia
539 1717 651 1739 excellunt
684 1733 925 1739 .......
959 1725 970 1737 ιι
1002 1717 1034 1740 ib.
1121 1718 1175 1740 Pars
1191 1718 1266 1746 prima
1269 1736 1822 1747 ...............
1854 1734 1865 1746 ιι
1901 1725 1932 1748 ib.

185 1774 195 1785 ιι
217 1765 239 1788 4.
256 1765 360 1788 Nonnulli
378 1767 487 1787 tractatus
504 1763 592 1792 antiqui
608 1764 638 1786 de
655 1766 702 1786 arte
720 1764 869 1791 praedicandi
891 1770 924 1786 re-
1121 1765 1175 1787 Pars
1191 1766 1292 1788 secunda
1309 1783 1822 1794 ..............
1855 1780 1865 1792 ιι
1904 1772 1931 1794 16

311 1814 433 1834 censentur
446 1827 921 1834 .............
955 1820 965 1831 ιι
1018 1812 1032 1834 5
1120 1812 1174 1835 Pars
1192 1813 1256 1835 tertia
1267 1830 1820 1841 ...............
1853 1828 1863 1840 ι
1900 1819 1931 1842 ib.

756 1927 782 1964 I.
810 1927 1040 1965 SERMONES
1064 1928 1121 1965 DE
1147 1929 1360 1967 TEMPORE.

399 2048 533 2072 DOMlNlCA
552 2048 635 2070 PRIMA
655 2047 817 2070 ADVENTUS.
1087 2049 1161 2071 SERMO
1180 2049 1225 2072 Vll.
1243 2050 1302 2078 Vidi,
1319 2053 1341 2073 et
1352 2057 1406 2073 eece
1423 2052 1509 2074 nubem
1521 2053 1644 2075 candidam
1661 2056 1683 2076 et
1694 2060 1764 2082 super
1780 2060 1820 2077 nu-

1211 2096 1264 2118 bem
1290 2097 1409 2120 sedentem
1435 2098 1533 2121 similem
1549 2099 1604 2121 Filio
1624 2100 1731 2129 hominis,
1748 2101 1819 2128 Apoc.

183 2143 258 2166 Sanno
276 2143 290 2165 l.
308 2143 348 2165 His
360 2145 436 2165 autem
450 2142 500 2164 fieri
512 2141 683 2170 incipientibus,
694 2141 801 2169 respicite
813 2144 835 2164 et
846 2142 919 2164 levate
1211 2144 1271 2171 xlv,
1289 2144 1317 2166 ⁴4
1320 2161 1778 2170 .............
1807 2154 1864 2178 pay.
1898 2149 1926 2171 32

308 2190 381 2218 capita
400 2191 484 2217 vestra,
502 2189 612 2218 quoniam
634 2188 807 2218 appropinquat
831 2188 919 2211 redem-
1124 2199 1134 2211 ιι
1179 2191 1233 2214 Vlll.
1251 2191 1368 2214 Germinet
1385 2195 1444 2214 terra
1461 2192 1556 2215 herbam
1574 2193 1686 2216 virentem
1699 2197 1720 2216 et
1738 2195 1819 2217 sacien-

309 2237 356 2265 ptio
373 2239 457 2263 vestra,
474 2236 530 2258 Luc.
550 2235 610 2262 XXl,
628 2236 657 2257 28
661 2252 877 2257 .......
907 2241 964 2265 pay.
998 2236 1027 2258 23
1209 2241 1254 2260 tem
1271 2244 1350 2261 semen
1367 2241 1389 2261 et
1405 2239 1493 2267 lignum
1511 2240 1650 2267 pomiferum
1668 2241 1752 2264 faciens
1776 2242 1819 2264 sru-

275 2283 416 2307 Prothema:
429 2283 516 2305 Parvus
533 2283 590 2308 souS,
602 2282 641 2311 qui
654 2282 726 2304 crevit
743 2282 764 2304 in
782 2282 879 2304 fluvium
897 2285 919 2304 et
1210 2288 1271 2307 ctum
1289 2286 1349 2308 iuxta
1367 2292 1440 2314 genus
1456 2293 1532 2315 suum,
1557 2287 1613 2310 Gen.
1631 2288 1645 2314 l,
1664 2289 1700 2310 Η.
1734 2305 1739 2310 ,
1774 2305 1779 2311 .
1812 2306 1817 2311 .
1851 2298 1861 2309 ιι
1898 2290 1926 2312 33

306 2331 328 2353 in
346 2331 421 2353 lucem
439 2331 559 2358 solemque
576 2335 704 2352 conversus
721 2331 762 2356 est,
779 2330 841 2351 Esth.
854 2329 882 2356 X,
896 2330 917 2351 6.
950 2338 961 2349 ιι
998 2329 1027 2352 ib.
1124 2340 1135 2351 ιι
1180 2332 1216 2354 ΙΧ.
1234 2333 1304 2354 Erunt
1320 2332 1385 2360 signa
1403 2332 1425 2355 in
1443 2333 1490 2355 sole
1507 2336 1528 2355 et
1545 2333 1596 2356 luna
1614 2336 1636 2356 et
1657 2334 1737 2362 stellis,
1755 2338 1777 2357 et
1794 2335 1816 2357 in

219 2387 230 2399 ιι
274 2378 298 2400 ll.
316 2378 397 2401 Veniet
413 2377 558 2400 desideratus
574 2376 662 2399 eunctis
675 2375 790 2404 gentibus¹
807 2376 850 2404 Ag.
863 2377 885 2404 ll,
896 2377 918 2398 8.
951 2385 961 2397 ιι
999 2377 1027 2399 27
1209 2379 1275 2401 terris
1292 2385 1400 2406 pressura
1417 2379 1520 2407 gentium
1537 2386 1593 2407 prae
1609 2381 1743 2403 confusione
1759 2381 1817 2404 soni-

275 2424 410 2448 Protltema.
428 2424 495 2447 Omni
513 2423 606 2452 negotio
624 2426 716 2451 tempus
727 2425 761 2445 est
773 2425 794 2445 et
809 2426 918 2451 opportu-
1210 2429 1245 2448 tus
1262 2426 1333 2448 maris
1349 2429 1371 2448 et
1387 2427 1507 2454 fluctuum,
1524 2427 1578 2449 Luc.
1595 2428 1655 2456 ΧΧΙ,
1673 2428 1710 2450 25.
1734 2445 1738 2450 .
1772 2445 1778 2451 .
1811 2446 1816 2450 .
1850 2437 1861 2449 ιι
1896 2429 1926 2452 34

305 2472 376 2498 nitas,
393 2472 466 2493 Ecele.
485 2471 541 2498 Vlll⁷
559 2470 572 2492 6
575 2479 961 2492 ............
997 2469 1027 2492 ib.
1123 2482 1134 2493 »
1178 2473 1207 2496 X.
1224 2474 1301 2501 Erunt,
1318 2473 1401 2503 inquit,
1421 2474 1486 2501 signa
1504 2474 1525 2496 in
1542 2475 1589 2497 sole
1603 2477 1625 2497 et
1640 2475 1692 2497 luna
1705 2478 1726 2497 et
1739 2475 1816 2503 stellis,

220 2528 230 2539 ιι
274 2519 307 2541 lll.
324 2519 389 2546 Ecce,
407 2518 464 2540 odor
481 2518 518 2540 filii
532 2517 576 2539 mei
588 2517 646 2539 sicut
658 2517 715 2539 odor
728 2517 777 2544 agri
794 2517 862 2544 pleni,
880 2517 917 2539 cui
1209 2522 1231 2542 et
1248 2520 1269 2542 in
1287 2520 1352 2542 terris
1370 2526 1476 2548 pressura
1495 2520 1597 2548 gentium
1610 2527 1665 2549 prae
1682 2522 1815 2545 celitusione

307 2565 422 2588 benedixit
439 2565 558 2591 Dominus,
580 2564 635 2586 Gen.
653 2564 745 2591 XXVH,
762 2563 790 2585 27
793 2572 959 2585 .....
997 2564 1025 2586 29
1207 2567 1295 2589 sonitus
1313 2567 1383 2589 maris
1400 2570 1422 2589 et
1438 2568 1557 2596 fluctuum⁷
1579 2568 1632 2590 Luc.
1655 2568 1715 2596 XXI,
1739 2569 1775 2590 25.
1809 2586 1814 2591 .
1847 2578 1857 2590 ιι
1895 2570 1924 2592 35

219 2622 230 2633 ιι
274 2613 311 2635 lV.
329 2612 398 2641 Quasi
410 2612 494 2634 cedrus
505 2611 527 2634 in
538 2611 633 2638 Libano,
643 2612 738 2639 pulcher
746 2611 817 2634 ramis
828 2612 917 2633 etfron-
1122 2622 1132 2633 ιι
1177 2613 1215 2635 Xl.
1233 2614 1302 2636 Erunt
1319 2614 1383 2641 signa
1401 2614 1422 2636 in
1440 2614 1486 2636 sole
1503 2617 1525 2636 et
1547 2614 1599 2636 luna
1619 2617 1641 2636 et
1663 2615 1743 2642 stellis,
1760 2615 1815 2638 Luc.

305 2659 373 2682 dibus
390 2664 534 2685 nemorosus,
553 2659 631 2680 Ezeeh.
650 2658 732 2685 ΧΧΧΙ,
750 2658 763 2679 3
766 2675 916 2680 .....
949 2666 958 2678 ιι
996 2658 1025 2679 30
1129 2686 1131 2688 ‚
1208 2660 1268 2688 xxi,
1285 2660 1315 2682 25
1318 2677 1813 2684 ..............
1847 2670 1858 2682 ιι
1892 2662 1924 2684 ib.

218 2715 228 2726 ιι
274 2706 302 2727 V.
320 2705 410 2731 Venite,
427 2708 448 2727 et
466 2705 618 2727 ascendamus
629 2704 658 2727 ad
672 2707 773 2726 montem
791 2704 881 2726 Domini
894 2706 915 2726 et
1121 2715 1132 2726 ιι
1176 2706 1222 2729 xu.
1239 2707 1311 2729 Erunt
1327 2707 1392 2734 signa
1410 2707 1433 2728 in
1449 2707 1496 2729 sole
1512 2710 1534 2729 et
1556 2708 1608 2729 luna
1625 2710 1647 2729 et
1662 2707 1743 2734 stellis,
1760 2708 1815 2730 Luc.

305 2752 334 2774 ad
351 2752 448 2775 domum
462 2752 500 2774 Dei
514 2751 588 2778 iacob,
598 2754 620 2773 et
631 2750 723 2773 docebit
735 2757 777 2773 nos
790 2751 839 2773 vias
854 2757 915 2778 suas,
1208 2752 1267 2780 XXl,
1285 2753 1314 2775 25
1317 2769 1813 2775 ..............
1846 2762 1857 2774 ιι
1893 2754 1921 2776 36

304 2803 326 2822 et
342 2798 514 2822 ambulabimus
530 2799 553 2821 in
570 2798 658 2821 semitis
674 2798 731 2826 eius,
748 2799 796 2821 lsai.
814 2799 837 2825 ll,
854 2799 876 2820 3.
905 2815 910 2820 .
944 2807 955 2818 ιι
991 2798 1022 2821 ib.
1120 2807 1131 2818 ιι
1175 2799 1230 2821 ΧΙΙΙ.
1248 2799 1360 2821 Dominus
1373 2798 1437 2821 dabit
1448 2799 1620 2827 benignitatem,
1632 2802 1653 2821 et
1666 2802 1723 2822 terra
1736 2802 1813 2822 nostra

219 2856 230 2867 ιι
274 2847 310 2869 Vl.
327 2846 370 2875 Qui
383 2845 596 2868 timentDominum
607 2844 854 2873 praeparabuntcorda
865 2851 914 2872 sua,
1205 2845 1269 2868 dabit
1286 2847 1384 2868 fructum
1401 2853 1478 2873 suum,
1499 2847 1580 2869 Psalm.
1596 2847 1719 2874 LXXXlV,
1738 2848 1773 2869 =l3.
1807 2865 1811 2869 .
1846 2856 1856 2867 ›
1893 2848 1922 2870 37

304 2897 326 2916 ct
351 2893 373 2915 in
398 2895 523 2921 conspectu
544 2892 604 2914 illius
625 2892 801 2915 sanctificabunt
824 2893 913 2915 animas
1118 2900 1129 2913 ιι
1174 2892 1233 2915 XlV.
1251 2893 1321 2915 Dicite
1338 2893 1397 2915 filiae
1415 2893 1480 2915 Sion:
1499 2894 1562 2921 Ecce,
1575 2899 1612 2916 rex
1625 2895 1677 2916 tuus
1694 2894 1756 2916 venit
1773 2893 1812 2916 tibi

304 2946 370 2968 suas,
394 2940 460 2962 Eceli.
478 2940 506 2967 lt,
524 2939 552 2961 20
555 2948 955 2961 ...........
992 2939 1021 2961 32
1204 2941 1345 2966 mansuetus,
1362 2939 1436 2961 Mattli.
1455 2939 1515 2967 XXI,
1533 2939 1554 2961 5.
1572 2956 1578 2961 .
1611 2956 1617 2962 .
1651 2957 1656 2962 .
1689 2957 1694 2961 .
1728 2956 1733 2962 .
1767 2956 1772 2962 .
1807 2957 1812 2962 .
1844 2948 1856 2960 ιι
1891 2941 1920 2963 38
