2243 3348
38 983 145 1004 Benedictio

42 1010 138 1032 perpetua.

6 2303 9 2319 ¹.
34 2296 148 2315 Benedictio-

0 2321 9 2345 ·ξ
36 2324 57 2338 ne
70 2320 148 2338 humana

0 2352 9 2357 ›·
33 2345 106 2367 propter
119 2343 151 2361 tri-

38 2366 102 2390 plicem
115 2372 145 2385 ex-

2 2389 8 2401 i*
38 2390 146 2409 cellentiam.

596 197 638 225 DE
661 196 923 225 ANNUNTlATlONE
945 196 973 224 B.
996 195 1137 224 VlRGlNlS
1158 195 1286 224 MARtAE.
1308 195 1418 223 SERMO
1440 196 1480 223 Vl.

161 275 360 315 plenitudinem
382 275 579 304 benedictionis
593 275 693 303 Christi
712 274 793 311 digne
815 274 1009 311 recipiendam,

162 325 241 353 iuxta
261 323 335 360 quod
357 322 458 351 dicitur
480 323 505 351 in
529 323 649 351 Psalmo:
673 321 820 362 Quoniam
833 321 1011 358 praevenisti

161 379 226 399 eum
249 370 280 398 in
301 368 545 398 benedictionibus
566 368 744 401 dulcedinis,
764 367 893 405 posuisti
913 367 943 395 in
964 376 1009 396 ca-

158 418 218 455 pite
245 417 308 446 eius
339 424 478 444 coronant
509 415 543 443 de
571 415 667 452 lapide
693 414 826 451 pretioso.
857 413 1010 442 Benedictio

161 468 253 494 autem
277 464 356 493 istius
377 470 494 492 coronae
516 462 654 491 redundat
673 462 701 490 in
725 461 895 490 latitudinem
926 461 1010 489 totius

162 512 312 544 Ecclesiam
334 513 448 547 propter
470 510 544 547 quod
565 512 593 538 et
612 509 712 538 merito
733 508 840 537 subdit:
863 513 887 536 et
912 507 1011 544 campi

162 559 206 588 tui
225 557 413 596 replebuntur
435 557 580 590 ubertate,
604 564 651 593 per
666 556 830 584 amotionem
852 555 942 583 omnis
956 558 1010 583 ste-

160 605 270 635 rilitatis
290 604 419 638 vitiosae,
441 604 521 632 iuxta
542 603 615 640 quod
637 603 707 631 idem
724 603 859 639 Propheta
875 603 899 630 ¹:
925 603 1010 630 Bene-

160 652 279 686 dioeisti,
304 651 439 684 Domine,
462 654 572 679 terrani
595 655 688 683 tuam,
710 650 843 678 avertisti
856 649 1010 686 captivita-

161 704 215 728 tem
239 699 339 732 Iacob,
362 698 408 727 ubi
432 698 555 735 tangitur
576 697 730 726 benedictio
757 696 844 725 effusa
872 696 898 724 in
926 699 1009 724 totam

162 746 308 776 Ecclesiam
330 753 379 782 per
394 745 534 782 Virginem
549 745 679 777 Mariam,
700 751 749 780 per
764 751 847 779 quam
869 743 956 771 effusa
970 746 1011 771 est

161 793 315 823 benedictio
327 793 416 830 plena,
428 795 455 821 et
466 792 574 820 sublata
586 790 739 819 maledictio
751 793 885 827 quantum
899 789 930 817 ad
944 797 1011 817 cau-

161 849 225 869 sam
248 842 275 868 et
296 842 431 876 quantum
450 838 481 866 ad
505 838 622 874 culpam
637 839 665 865 et
678 839 813 873 quantum
829 835 862 863 ad
875 843 1010 872 poenam,

162 888 234 916 sicut
255 887 281 915 in
304 885 538 922 consequentibus
559 884 649 912 innuit
670 883 740 911 idem
765 883 908 918 Propheta.

243 932 385 961 Benedicta
399 931 481 959 etiam
497 930 549 958 tuit
564 929 751 958 benedictione
764 933 916 965 perpetua,
933 928 1012 956 iuxta

162 980 229 1009 illud
252 979 363 1008 secundi
388 979 490 1015 Regum
514 977 631 1014 septimo
646 977 669 1009 2,
692 976 738 1004 ubi
762 983 813 1004 rex
835 974 918 1003 David
941 974 1012 1002 dixit

161 1027 195 1055 ad
221 1026 384 1055 Dominum:
416 1024 552 1058 Remeato,
576 1023 705 1057 Domine,
728 1022 830 1051 domni
852 1022 931 1051 servi
952 1022 1011 1055 tui,

162 1077 194 1102 ut
214 1074 253 1102 sit
274 1073 304 1101 in
325 1072 532 1109 sempiternum
555 1079 657 1099 corani
673 1070 800 1108 agonia
821 1073 868 1103 tu,
894 1069 1013 1097 Domine

163 1121 257 1154 Deus,
280 1120 392 1148 locutus
416 1127 461 1153 es,
483 1122 510 1147 et
537 1118 727 1146 benedictione
754 1120 806 1145 tua
834 1116 1013 1144 benedicetur

162 1167 267 1195 domus
287 1166 366 1194 servi
391 1165 435 1193 tui
455 1165 484 1193 in
513 1164 731 1201 sempiternum.
753 1163 829 1199 Quae
857 1166 898 1191 est
919 1165 1011 1190 autem

163 1214 214 1242 ista
235 1213 340 1241 domus
364 1212 459 1240 David
487 1211 537 1239 nisi
567 1211 651 1248 Virgo
676 1210 775 1244 Maria,
799 1210 825 1237 in
851 1217 906 1246 qua
928 1216 1012 1237 verus

162 1260 258 1294 David,
280 1260 423 1293 Christus,
445 1258 580 1287 habitavit
597 1261 623 1287 et
639 1258 745 1295 (quam)
764 1257 814 1286 sibi
836 1257 971 1285 dedicavit
986 1259 1013 1285 et

163 1307 304 1336 benedixit
320 1307 345 1335 iu
361 1306 583 1343 sempiternum?
598 1306 665 1334 Nam
681 1305 718 1333 ita
732 1305 846 1333 decebat
861 1304 1012 1337 Christum,

164 1354 316 1384 secundum
348 1354 422 1391 quod
453 1353 516 1382 alibi
549 1353 576 1381 in
609 1353 715 1381 Psalmo
746 1352 863 1381 dicitur:
889 1352 1012 1379 Domum

165 1407 247 1430 titani
275 1402 352 1430 decet
379 1401 563 1434 sanctitudo,
588 1400 722 1433 Domine,
745 1400 775 1427 in
804 1399 1012 1435 lonyitudinem

164 1449 287 1478 dierunt.
312 1449 342 1476 Et
364 1451 444 1482 nota,
466 1447 539 1484 quod
562 1447 603 1475 bis
619 1447 713 1479 iterat,
728 1446 801 1483 quod
817 1446 852 1474 sit
867 1445 1012 1474 benedicta

163 1497 194 1524 in
216 1500 380 1529 aeternum,
397 1497 511 1531 propter
525 1494 662 1530 duplicem
685 1493 888 1526 certitudinem,
910 1493 1013 1521 scilicet

163 1543 347 1579 sempiternae
362 1542 505 1570 electionis
524 1544 551 1570 et
572 1541 755 1577 sempiternae
771 1539 1011 1576 confirmationis.

164 1590 194 1618 Et
206 1590 277 1618 hanc
292 1597 429 1618 summam
444 1588 638 1617 certitudinem
656 1588 776 1616 insinuat
790 1587 849 1624 ipse
864 1587 889 1615 in
906 1587 1013 1615 Psalmo

163 1644 212 1673 per
233 1636 345 1664 modum
368 1635 532 1669 iuramenti,
554 1635 662 1663 dicens:
688 1634 792 1662 Iuravi
814 1634 910 1662 Dauid
930 1642 1012 1662 servo

163 1691 242 1711 meo:
265 1691 356 1720 usque
377 1683 409 1711 in
430 1685 581 1710 aeternum
600 1681 790 1718 praeparabo
809 1689 904 1709 senten
919 1685 1011 1709 tuum.

165 1731 199 1758 Et
220 1729 381 1766 aedificabo
403 1729 434 1757 in
454 1728 668 1765 gyenerationeni
691 1731 716 1756 et
734 1728 949 1765 ῃθηθναιῖοηωη
971 1736 1013 1756 se-

164 1777 227 1805 dem
249 1780 340 1804 tuam.
365 1776 448 1805 Sedes
470 1780 522 1804 tua
543 1778 585 1804 est
605 1775 684 1804 beata
707 1775 805 1811 Virgo,
834 1775 859 1803 in
883 1783 938 1812 qua
961 1775 1012 1803 Do-

163 1823 256 1852 minus
278 1822 427 1859 requiescit
454 1825 481 1851 et
507 1825 618 1859 regnat3
645 1821 718 1850 unde
747 1824 821 1850 recte
849 1822 1013 1858 intelligitur

164 1878 213 1907 per
236 1870 381 1899 ierusalem
405 1877 569 1906 supernam,
592 1868 830 1897 secundum'illud
853 1869 952 1897 Tobiae
967 1869 1013 1897 de-

164 1918 235 1946 cimo
264 1917 386 1945 tertio-³:
413 1916 583 1944 Benedictus
607 1915 765 1949 Dominus,
795 1916 847 1953 qui
873 1916 1014 1944 exaltavit

164 1973 238 1999 eam,
260 1968 285 1992 et
306 1964 343 1992 sit
375 1972 498 2001 regnum
531 1963 594 1991 eius
625 1963 797 1991 insaecula
827 1964 1011 1991 saeculorum

164 2019 253 2048 super
274 2019 346 2039 eam.
371 2011 400 2039 Et
423 2010 482 2038 ideo
498 2010 556 2046 ipsa
577 2010 658 2038 dicit:
681 2010 759 2037 Haec
773 2010 886 2048 requies
904 2019 969 2038 inea
984 2011 1014 2038 in

164 2057 314 2085 saeculum
335 2056 463 2089 ‚sacculm
479 2055 524 2083 ln‘e
539 2055 685 2089 habitabo,
701 2056 841 2093 quoniam
856 2056 927 2093 eleyi
940 2065 1012 2084 cant.

164 2120 202 2124 —
223 2104 266 2132 Sic
288 2103 372 2140 igitur
393 2103 501 2131 dicatur
522 2103 557 2131 ab
580 2103 732 2131 Elisabeth:
758 2103 908 2132 Benedicta
924 2107 955 2131 tu
971 2104 1014 2131 in-

165 2155 206 2178 ter
228 2150 363 2178 mulieres
384 2150 572 2178 benedictione
594 2149 706 2183 divina,
723 2158 738 2178 a
752 2157 807 2187 qua
825 2150 877 2178 fuit
891 2158 1014 2179 summae

166 2197 317 2225 sanctitatis
340 2196 516 2233 principium.

245 2244 400 2272 Benedicta
431 2244 511 2271 etiam
545 2247 575 2271 tu
608 2243 795 2272 benedictione
826 2243 960 2272 hamana
988 2244 1013 2272 in

166 2299 290 2320 summae
311 2290 463 2319 sanctitatis
483 2290 690 2327 'praeconium
717 2290 827 2327 Triplici
857 2294 948 2319 autem
978 2298 1012 2319 ex

166 2345 248 2366 causa
271 2337 388 2374 legimus
411 2338 436 2365 io
460 2337 603 2373 Scriptura
623 2345 702 2365 sacra
724 2337 853 2366 mulieres
874 2338 909 2366 ah
931 2338 1016 2366 homi-

166 2384 247 2413 nibus
280 2383 452 2417 benedictas,
484 2383 587 2412 scilicet
608 2386 722 2420 propter
750 2384 836 2412 decus
864 2384 1015 2421 inteyrita-

167 2431 221 2464 tis,
244 2433 356 2467 propter
378 2438 488 2457 nzunus
502 2429 692 2466 seeumlitatis
706 2433 733 2458 et
755 2433 867 2467 propter
883 2439 956 2467 opus
975 2431 1015 2459 oi-

169 2477 296 2505 rilitatis.
321 2477 351 2505 Et
379 2480 492 2513 propter
521 2477 621 2505 horum
651 2477 735 2505 trium
764 2477 955 2505 excellentiam
978 2478 1015 2506 le-

168 2525 242 2561 gitur
264 2525 347 2561 Virgo
373 2524 457 2552 Maria
486 2527 527 2552 ter
555 2523 640 2552 fuisse
668 2524 826 2558 benedicta,
852 2525 955 2553 scilicet
982 2525 1016 2553 ab

168 2571 337 2608 Archangelo
362 2570 494 2599 Gabriele
508 2571 530 2604 4,
552 2579 567 2598 a
589 2574 681 2599 sancta
698 2570 841 2599 Elisabeth
856 2574 883 2599 et
901 2579 916 2599 a
937 2572 1017 2600 beato

169 2618 316 2650 Simeone:
338 2621 364 2645 et
387 2618 438 2645 hoc
459 2617 570 2653 quidem
594 2617 659 2645 satis
681 2625 803 2654 congrue
834 2620 861 2646 et
882 2618 1015 2646 ordinate.

169 2665 211 2693 Sic
231 2665 303 2693 enim
325 2664 447 2697 decebat,
463 2667 494 2692 ut
509 2664 626 2701 Angelus
645 2664 819 2693 benediceret
832 2665 1017 2702 virginitati,-

232 2837 238 2849 ¹
259 2838 339 2859 Psalm.
366 2837 407 2865 Si,
431 2838 456 2865 ἐς
474 2837 526 2859 <lein
550 2838 703 2865 respiciuntur
723 2844 804 2860 versus
826 2842 959 2867 sequentes:
977 2838 1018 2861 ne-

170 2876 255 2899 nztststt
273 2876 417 2906 [niquitatem
429 2876 504 2905 plebis
516 2878 583 2904 tuae,
602 2876 716 2905 operuisti
727 2877 806 2899 omnia
817 2878 912 2906 [macuta
925 2883 1016 2905 corum,

170 2915 285 2944 miti-nasta*
301 2921 394 2938 omnem
412 2915 475 2938 irum
492 2916 565 2937 tuam.

234 2953 242 2966 ²
261 2955 325 2977 Vers.
344 2955 385 2982 Ξθς
404 2957 532 2983 sequuntur
550 2955 584 2976 Ps.
603 2955 644 2981 92,
662 2955 684 2977 5.
702 2958 723 2977 et
741 2955 776 2977 Ps.
794 2956 835 2983 88,
854 2955 874 2977 4„
892 2962 940 2984 seq.

232 2992 241 3005 ³
260 2994 324 3015 Vers.
343 2994 383 3021 233
402 2994 506 3022 sequitur
523 2994 557 3015 Ps.
579 2994 628 3021 131,
650 2994 683 3016 tt.-

1857 197 1911 226 683

1068 274 1203 302 Elisabeth
1227 281 1391 310 praegnans,
1405 272 1580 311 fecunditati
1587 284 1596 307 ,·
1618 274 1739 308 Simeon,
1756 274 1797 302 vir
1814 274 1911 309 iustus,

1067 321 1241 350 benediceret
1261 320 1407 349 virilitati.
1426 337 1464 341 —
1486 321 1516 349 Et
1538 324 1617 355 nota,
1639 321 1712 358 quod
1734 321 1821 350 decus
1842 322 1912 350 inte-

1064 367 1185 404 gritatis
1213 367 1347 404 triplicem
1371 368 1453 396 habet
1473 368 1605 404 gradtin];
1629 368 1751 404 primus,
1774 368 1800 396 iu
1826 368 1911 396 conti-

1066 414 1159 443 nentia
1173 414 1340 451 eoozz‘uqatst
1361 418 1388 443 et
1403 417 1537 451 quantum
1552 411 1585 443 ad
1608 415 1683 444 hunc
1705 415 1846 443 benedicta
1860 415 1913 444 fuit

1067 460 1143 489 Rulli
1165 469 1180 489 a
1202 461 1287 495 Booz;
1319 461 1390 489 Ruth
1414 461 1494 489 tertio
1509 461 1536 489 ⁵:
1563 461 1731 495 Benedicta,
1751 462 1861 500 inquit,
1883 470 1912 490 es

1067 517 1086 536 a
1103 508 1235 542 Domino,
1249 507 1330 545 filia,
1352 508 1424 545 quia
1444 517 1502 536 non
1523 517 1551 537 es
1572 512 1670 537 secuta
1693 509 1816 542 iuvenes,
1838 517 1913 545 pau-

1064 563 1147 591 peres
1168 555 1227 582 sive
1248 555 1358 583 divites.
1382 555 1408 582 ln
1432 563 1487 591 quo
1502 555 1673 584 commendat
1694 564 1763 590 eam,
1785 556 1851 593 quia
1865 565 1912 584 no-

1068 601 1118 629 luit
1139 609 1201 629 cum
1223 601 1316 637 aliquo
1347 601 1492 636 fornicari,
1513 602 1560 630 sed
1588 602 1758 638 exspectavit
1786 603 1911 639 copulam

1068 648 1252 681 matrimonii,
1278 648 1304 676 in
1326 656 1408 684 quam
1431 649 1605 685 postmodum
1634 657 1693 677 eam
1720 650 1863 683 assumsit3
1886 653 1913 678 et

1067 695 1119 723 hoc
1140 695 1251 732 quidem
1272 698 1339 724 tunc
1354 696 1485 732 temporis
1499 696 1564 724 satis
1586 696 1721 725 laudabile
1735 697 1794 725 fuit.
1816 713 1851 717 —
1867 698 1912 726 Se-

1067 743 1175 771 cundus
1196 750 1263 770 vero
1290 743 1393 779 gradus
1421 746 1463 771 est
1490 743 1516 770 in
1540 743 1706 772 continentia
1726 744 1859 777 viduali;
1886 747 1914 773 et

1067 792 1202 825 quantum
1225 789 1257 817 ad
1275 790 1326 818 hoc
1348 789 1489 818 benedicta
1504 790 1556 817 fuit
1577 790 1681 824 Iudith,
1705 791 1792 819 iudith
1808 792 1913 819 decimo

1067 835 1179 872 quinto:
1203 836 1417 864 Benedixerunt
1436 845 1500 864 eam
1522 845 1618 865 onines
1640 845 1702 865 una
1722 846 1797 871 voce,
1819 838 1914 866 dicen-

1069 886 1123 909 tes:
1153 882 1195 909 Tu
1215 882 1313 919 yloria
1336 882 1511 916 Ierusalem,
1541 887 1571 910 tu
1603 883 1713 912 laetitia
1746 884 1853 918 lsrael,
1883 889 1913 913 tu

1069 927 1289 963 honorificentia
1307 928 1411 965 populi
1431 929 1526 957 nostri
1532 939 1542 962 ,·
1563 930 1632 967 qztia
1659 929 1754 966 fecisti
1781 931 1914 964 viriliter,

1069 979 1092 1003 et
1114 974 1313 1012 conforta-tunt
1342 979 1382 1003 est
1409 984 1460 1004 cor
1481 980 1581 1009 tuum,
1604 985 1634 1004 eo
1656 977 1732 1014 quod
1753 978 1915 1006 castitatem

1069 1022 1218 1050 amaveris
1239 1025 1347 1059 etpost
1375 1023 1473 1051 virum
1502 1026 1584 1051 luunt
1614 1023 1736 1052 alterum
1764 1025 1914 1058 nescz'erz's;

1070 1069 1096 1097 in
1118 1077 1173 1105 quo
1194 1069 1375 1098 excellentem
1398 1070 1501 1098 meruit
1522 1070 1754 1105 benedictionem,
1783 1072 1848 1108 quia
1877 1072 1915 1100 vi-

1069 1116 1177 1144 dualem
1200 1116 1394 1144 continentiam
1417 1117 1537 1145 servavit
1559 1125 1647 1154 usque
1668 1118 1700 1146 ad
1722 1118 1792 1147 diem
1819 1120 1916 1148 mortis

1070 1171 1143 1192 suae.
1166 1180 1204 1183 —
1225 1163 1335 1192 Tertius
1357 1171 1422 1192 vero
1443 1164 1545 1201 gradus
1566 1168 1608 1193 est
1629 1165 1654 1193 iu
1671 1166 1836 1194 continentia
1858 1167 1914 1194 uir-

1068 1210 1178 1247 qinali,
1201 1210 1236 1239 ob
1257 1218 1339 1247 quam
1363 1210 1446 1247 Virgo
1475 1211 1576 1239 meruit
1596 1212 1630 1239 ab
1655 1213 1754 1249 Angelo
1777 1213 1915 1247 benedici;

1070 1257 1158 1285 Lucae
1181 1257 1270 1294 primo
1285 1257 1311 1285 ⁶:
1334 1257 1489 1294 Ingressus
1513 1258 1640 1295 Angyelus
1662 1259 1702 1286 ad
1721 1268 1801 1293 econ,
1824 1260 1914 1288 dixit:

1070 1305 1143 1337 Aue,
1163 1304 1266 1340 yrau'a
1287 1304 1389 1341 plena,
1412 1304 1558 1333 benedicta
1577 1309 1607 1332 tu
1630 1305 1660 1333 in
1682 1305 1861 1334 mulieribus.
1886 1306 1916 1334 Et

1070 1352 1135 1380 huic
1163 1351 1311 1388 praecipue
1339 1351 1455 1380 debetur
1486 1352 1552 1380 haec
1580 1352 1744 1386 benedictio,
1766 1353 1831 1389 quia
1859 1353 1916 1389 ipsa

1070 1398 1257 1426 inter—omnes
1285 1398 1406 1435 virgines
1426 1398 1532 1426 obtinet
1557 1399 1750 1436 principatum.
1775 1400 1916 1428 Benedicta

1069 1445 1154 1482 igitur
1182 1445 1253 1473 nuth
1287 1449 1400 1481 propter
1428 1446 1622 1474 continentiam
1655 1446 1841 1483 coniugalem,
1870 1447 1916 1475 sed

1070 1492 1155 1529 magis
1177 1492 1320 1521 benedicta
1346 1492 1434 1520 ludith
1458 1496 1571 1530 propter
1600 1493 1793 1522 continentiam
1823 1494 1917 1522 vidua-

1070 1539 1138 1573 lem;
1162 1539 1245 1576 Virgo
1266 1547 1332 1567 vero
1347 1539 1431 1567 Maria
1447 1539 1589 1568 benedicta
1604 1543 1630 1568 et
1646 1540 1819 1569 rebenedicta
1833 1544 1860 1569 et
1875 1549 1917 1569 su*

1070 1586 1263 1623 perbenedicta
1283 1589 1395 1622 propter
1410 1587 1603 1614 continentiam
1627 1587 1796 1623 virginalem.
1812 1604 1849 1607 -—
1865 1588 1916 1623 Qui

1069 1641 1135 1670 ergo
1156 1633 1215 1662 exit
1236 1636 1317 1661 extra
1338 1641 1445 1661 omnem
1462 1633 1576 1670 gradum
1594 1634 1775 1662 continentiae
1792 1643 1843 1663 non
1860 1642 1916 1663 me—

1070 1683 1148 1708 retur
1170 1680 1402 1713 benedictionem;
1425 1681 1625 1717 propterquod
1647 1681 1679 1709 ad
1702 1681 1837 1709 Hebraeos
1851 1681 1917 1709 duo-

1069 1726 1190 1755 decimo:
1216 1726 1452 1763 Contenzplantes,
1474 1736 1509 1755 ne
1529 1727 1594 1765 quis
1616 1728 1688 1756 desit
1709 1728 1825 1765 gyratiae
1849 1729 1914 1763 Dei,

1069 1782 1104 1801 nc
1135 1774 1201 1811 qui-s·
1229 1772 1395 1810 fornicator
1424 1778 1477 1801 aut
1504 1773 1653 1810 profanus
1682 1778 1714 1802 ut
1743 1776 1839 1809 Esau,
1866 1775 1917 1813 qui

1069 1824 1188 1857 propter
1209 1829 1299 1849 unctui
1323 1829 1418 1848 escanz
1439 1821 1567 1849 ‘uendidit
1586 1821 1740 1857 primitiva
1761 1830 1826 1850 sua.
1857 1822 1916 1850 Sci—

1072 1871 1125 1895 tote
1145 1867 1239 1901 enini,
1262 1868 1399 1905 quoniam
1429 1871 1454 1896 et
1478 1871 1595 1905 postem
1616 1868 1733 1904 cupiens
1755 1868 1917 1897 hereditare

1071 1914 1304 1948 benedictionem,
1327 1914 1500 1951 reprobatus
1521 1919 1578 1947 est;
1599 1915 1727 1951 quoniam
1750 1915 1841 1951 potius
1861 1923 1916 1944 ine-

1072 1964 1150 1989 retur
1173 1961 1408 1996 maledictionem,
1437 1962 1588 1990 secundum
1618 1962 1682 1990 illud
1713 1962 1916 1990 Deuteronomii

1072 2007 1203 2045 vigesimo
1218 2008 1349 2045 septimo:
1365 2008 1545 2042 Maledictus,
1561 2009 1613 2046 qui
1627 2009 1734 2036 dormit
1748 2017 1814 2037 cum
1828 2017 1918 2037 uxore

1068 2055 1168 2091 patris
1188 2055 1253 2088 sui;
1275 2058 1299 2083 et
1320 2055 1393 2083 (licet
1407 2056 1502 2083 onmis
1520 2055 1664 2092 populus:
1690 2057 1787 2084 Anien.
1803 2056 1918 2092 Oportet

1072 2102 1156 2138 igitur
1177 2102 1224 2138 qui
1246 2102 1306 2130 vult
1329 2102 1544 2131 benedictionem
1566 2103 1674 2139 assequi
1698 2103 1722 2131 in
1739 2103 1832 2140 aliquo
1853 2103 1917 2131 isto-

1072 2156 1134 2177 rum
1158 2149 1241 2176 trium
1264 2149 1400 2186 graduum
1423 2149 1548 2178 inveniri.

1151 2195 1282 2224 Similiter
1297 2204 1406 2223 munus
1421 2195 1611 2232 fecunditatis
1626 2200 1682 2225 tres
1705 2197 1785 2226 habet
1800 2198 1917 2234 gradus:

1073 2244 1180 2279 primus
1201 2246 1242 2271 est
1264 2243 1349 2279 ipsius
1371 2246 1480 2271 nostrae
1501 2247 1628 2271 naturae
1649 2248 1783 2280 quantum
1807 2252 1854 2281 per
1877 2252 1917 2273 se-

1073 2290 1234 2326 inetipsain;
1257 2293 1283 2319 et
1304 2293 1438 2326 quantum
1461 2290 1494 2318 ad
1517 2291 1591 2319 hunc
1605 2291 1747 2320 benedicta
1762 2292 1813 2320 suit
1829 2292 1917 2325 Sara,

1073 2345 1147 2365 uxor
1168 2337 1284 2370 Tobiae,
1306 2337 1458 2366 secundum
1488 2337 1554 2365 illud
1580 2338 1679 2366 Tobiae
1701 2346 1772 2366 nouo
1788 2339 1813 2366 7;
1840 2339 1918 2367 ntra

1073 2384 1192 2412 Gabeius
1222 2384 1255 2412 ad
1287 2384 1414 2412 Tobiam:
1445 2384 1599 2412 Benedicat
1631 2388 1670 2418 te,
1703 2385 1777 2412 Deus
1812 2385 1917 2418 lsrael,

1074 2431 1144 2469 quia
1165 2430 1246 2467 filius
1267 2439 1295 2458 es
1316 2431 1418 2467 optimi
1431 2431 1492 2458 oiri
1511 2435 1535 2459 et
1550 2431 1622 2459 iusti
1635 2435 1659 2459 et
1681 2432 1805 2460 timentis
1829 2432 1916 2460 Deum

1073 2482 1097 2506 et
1112 2478 1305 2515 eleemosynas
1319 2477 1473 2515 fistcientis,·
1488 2482 1512 2506 et
1526 2478 1644 2506 dicatur
1660 2479 1811 2507 benedictio
1830 2488 1919 2516 super

1074 2533 1195 2553 uxorein
1218 2529 1300 2553 tuam
1322 2528 1347 2553 et
1367 2534 1455 2562 super
1475 2530 1610 2561 parentes
1635 2530 1754 2559 vestros,
1777 2531 1800 2554 et
1824 2527 1919 2554 vulca-

1074 2572 1111 2600 tis
1130 2570 1206 2607 filios
1228 2575 1337 2599 vestros
1358 2575 1383 2600 et
1397 2572 1472 2607 filios
1493 2572 1623 2608 filiorum.
1645 2577 1806 2601 vestrorum
1832 2582 1920 2611 usque

1074 2619 1104 2646 in
1130 2619 1243 2646 tertiani
1274 2621 1298 2646 el
1329 2623 1467 2656 quartam
1495 2619 1726 2656 yeneratioman:
1757 2620 1829 2657 quod
1859 2620 1919 2657 qui—

1074 2665 1134 2693 dem
1159 2669 1264 2694 constat
1286 2673 1345 2694 esse
1372 2665 1475 2694 dictum
1502 2670 1635 2703 quantum
1665 2667 1696 2694 ad
1726 2667 1917 2695 iucunditatem

1138 2838 1145 2850 ⁴
1164 2839 1292 2866 llcspicitur
1310 2839 1363 2860 Luc.
1385 2839 1402 2865 i,
1421 2839 1457 2860 28.
1477 2838 1513 2860 12.
1531 2841 1552 2860 ct
1569 2845 1588 2860 r.
1607 2839 1627 2861 2.
1646 2838 1682 2860 :it

1138 2876 1146 2888 ⁵
1164 2877 1228 2899 Yers.
1252 2877 1288 2903 ¹03
1307 2877 1410 2905 sequitur
1428 2877 1501 2899 ludim
1525 2878 1562 2903 lii,

1136 2915 1145 2927 c
1167 2916 1230 2937 N'crs.
1257 2916 1300 2941 ‘383

1074 2955 1110 2981 27,
1129 2955 1166 2976 20.

1136 2993 1144 3006 ⁷
1162 2994 1226 3016 Vei-s.
1245 2995 1265 3016 9.
1284 3001 1349 3022 seqq.

1584 2878 1617 2898 itt.
1635 2884 1684 2905 seq.

1331 2919 1459 2944 sequuntur
1486 2915 1552 2937 llebr.
1585 2916 1622 2942 ¹2,
1652 2916 1685 2938 15,
1712 2923 1775 2944 seqq.
1804 2920 1823 2938 et
1854 2917 1917 2939 Dent.

1925 328 2005 352 Propter
2018 329 2049 347 do-

1929 357 1961 369 cus
1974 352 2049 375 integri·

1930 375 1973 395 tntis
1985 376 2005 394 iu
2018 376 2050 394 tri-

1927 399 1971 422 plici
1984 399 2048 422 gradu.

1935 423 1961 440 lJe
1974 423 2041 446 primo.

1929 705 1955 723 De
1968 705 2057 724 seeundo.

1933 1172 1959 1191 De
1972 1173 2034 1191 tertio.

1939 1595 2006 1621 Contra
2020 1594 2047 1612 in—

1930 1620 2053 1636 continentes.

1934 2203 2012 2226 Propter
2024 2208 2063 2221 mu-

1933 2231 1967 2244 nus
1980 2227 2063 2245 secundi·

1937 2250 1981 2268 tatis
1993 2250 2012 2268 in
2025 2250 2057 2268 tri-

1935 2273 1979 2297 plici
1992 2273 2056 2296 gradu,

1944 2297 1970 2315 De
1984 2297 2050 2320 primo.
