2243 3348
13 457 17 469 t

12 472 17 495 ἒ

14 572 16 585 t

0 644 15 672 ἐξ
25 653 116 675 Secundo,

0 683 7 692 ν
12 681 31 696 ἰιι
43 682 118 700 expres·

3 725 6 730 a
12 703 42 719 ine
60 700 118 719 hono-

8 1540 54 1562 nio,
61 1563 65 1566 .
70 1545 112 1558 cum

9 1565 102 1590 §tensione

8 1592 88 1606 'amoris-

4 2148 67 2167 ffectus
79 2153 109 2167 ca-

4 2172 61 2190 ritatis
77 2172 109 2191 tri-

4 2195 49 2219 ¹alex.

19 2522 65 2541 Pars
76 2522 107 2541 ill.

649 150 807 179 DOMlNlCA
829 151 868 179 ΙΙΙ.
890 151 973 179 POST
995 151 1195 180 ΕΡΙΡΗΑΝῙΑΜ.
1218 152 1327 181 SERMO
1349 153 1366 181 1.

136 229 247 258 mentali
270 228 372 257 intuitu
394 228 496 257 intueri
519 236 660 257 summum
676 228 779 257 bonum
796 228 822 256 in
838 229 980 258 maiestate

136 276 243 304 Domini
265 278 292 304 et
313 275 458 304 severitate
480 275 589 308 iudicii,
611 275 721 311 quando
743 275 847 304 resiliat
868 276 893 304 in
916 284 980 312 pro-

135 323 224 359 priam
246 322 432 359 parvitatem?
455 322 599 350 Discamus
630 329 696 358 ergo
724 321 825 350 Christi
846 323 979 351 admirari

135 372 162 398 et
182 369 330 398 formidare
350 368 551 397 virtuositatem
567 368 720 404 potentiae,
736 368 757 397 si
773 369 901 397 volumus
916 377 980 406 pro-

135 423 234 444 vocare
255 415 282 443 in
303 422 424 443 amorem
447 417 474 443 et
495 414 745 450 concupiscentiam
767 415 853 443 nostri
876 416 978 451 pulcri-

135 462 257 490 tudinem
279 461 435 498 sapientiae.
458 461 523 489 Nam
543 461 726 497 principiam
755 461 917 497 sapientiae
938 465 979 490 est

135 507 221 536 timor
245 507 377 540 Domini,
400 506 473 543 quod
495 506 614 543 disponit
635 510 662 535 et
683 506 812 543 purificat
837 515 867 535 os
889 508 978 536 cordis

134 557 161 583 et
181 554 238 583 oris
258 554 292 582 ad
313 554 419 582 cultum
441 553 549 582 divinae
571 553 728 589 sapientiae.

212 600 337 629 Secundo
365 599 511 628 adorabat
532 608 597 628 etim
629 608 693 628 cum
724 600 907 636 expressione
929 600 978 629 lio-

134 648 217 676 noris
237 651 264 676 et
286 647 504 684 magnificentiae
525 648 556 675 in
578 655 643 680 ore,
666 647 771 675 ratione
797 647 978 683 gubernantis

133 694 296 731 saptentiae;
318 694 391 722 unde
413 694 440 722 in
462 694 603 722 Psalmo¹:
626 694 661 721 In
682 698 835 730 conspectio
859 694 978 731 Angelo-

133 750 202 769 rttm
220 741 348 778 psallam
372 740 438 773 tibi,
461 740 591 769 aclorabo
622 740 663 768 acl
684 740 821 777 templum
841 744 978 769 sanetum

134 791 226 815 natm.
241 804 280 807 -
294 788 371 815 Tunc
393 787 476 815 homo
494 786 596 824 psallit
618 787 672 815 Deo
694 787 725 814 in
747 791 899 823 conspeetu
917 788 976 815 An-

130 832 262 870 qaorum
283 837 310 861 et
330 841 384 861 non
406 833 432 861 in
455 836 604 870 conspectu
625 833 768 861 hominum
791 836 977 867 terrenorum,

133 880 242 917 quando
264 888 318 908 non
350 880 440 917 psallit
467 880 501 908 ad
533 888 631 908 vanam
654 880 768 916 gloriam
791 888 841 909 nec
863 884 977 917 propter

132 927 294 963 temporalia
315 927 407 961 lucra,
429 927 476 955 sed
507 927 596 955 solum
628 927 661 955 ad
684 927 791 956 laudem
813 931 840 956 et
861 928 977 964 gloriam

132 974 269 1002 Creatoris
300 982 363 1002 cum
394 974 515 1010 puritate
547 977 574 1002 et
610 974 774 1002 rectitudine
810 974 975 1003 intentionis.

132 1036 166 1040 ——
185 1020 322 1048 Actorobo
344 1020 383 1048 ad
405 1020 540 1057 templum
561 1024 694 1048 sanetum
713 1024 805 1048 taam.
829 1021 976 1057 Templum

131 1071 267 1096 sanctam
287 1067 335 1096 Dei
358 1070 399 1096 est
420 1075 522 1103 corpus
547 1067 682 1095 mundum
704 1070 730 1095 et
752 1068 976 1102 immaculatum,

132 1115 159 1143 in
180 1123 235 1151 quo
249 1114 340 1142 anima
362 1114 448 1142 Deum
463 1113 559 1142 adorat
574 1117 601 1142 et
622 1114 681 1142 eius
698 1114 799 1142 nomini
816 1114 974 1143 confitetur.

131 1162 228 1190 Portae
249 1161 309 1190 eius
330 1164 395 1189 suut
416 1161 539 1197 quinque
561 1168 675 1194 seusus,
698 1161 744 1197 qui
767 1164 832 1189 suut
846 1161 919 1189 omui
935 1162 976 1189 di-

131 1208 243 1245 ligeutia
263 1207 459 1241 conservandi,
481 1215 515 1236 ne
546 1215 622 1236 mors
652 1207 788 1236 foeditatis
810 1208 912 1244 peccati
935 1208 976 1236 in-

132 1257 185 1283 tret
207 1262 256 1291 per
278 1262 336 1288 eos,
352 1255 426 1291 quia,
442 1255 513 1282 sicut
529 1262 581 1282 non
598 1255 686 1291 placet
702 1254 758 1291 regi
781 1254 885 1288 vinum,
902 1254 975 1291 quod

131 1302 261 1330 hauritur
276 1301 309 1330 de
324 1309 387 1330 vase
409 1301 551 1329 immundo
573 1301 709 1329 mediante
730 1301 863 1330 foramine
878 1310 976 1338 super—

130 1348 255 1377 ficialiter
276 1348 465 1384 pulcriticato,
487 1348 525 1377 sic
547 1356 601 1376 non
623 1348 711 1384 placet
726 1348 834 1377 Christo
857 1349 976 1377 laudatio

131 1395 187 1424 sive
208 1395 311 1429 oratio,
333 1402 404 1431 quae
426 1395 567 1431 egreditur
588 1395 622 1423 de
650 1395 732 1423 corde
753 1395 896 1424 immundo
919 1404 976 1424 me-

130 1441 222 1470 diante
242 1449 290 1470 ore
312 1441 523 1478 superficialiter
544 1442 650 1470 devoto.

209 1488 301 1517 Tertio
322 1487 468 1516 adorabat
489 1497 554 1516 enni
582 1496 645 1517 cum
675 1489 832 1517 ostensione
863 1490 975 1518 amoris

130 1538 157 1564 et
177 1535 383 1564 benevolentiae
404 1535 435 1562 in
456 1543 549 1572 opere,
572 1536 678 1564 ratione
701 1536 860 1564 redimentis
875 1540 902 1565 et
917 1537 974 1573 glo-

129 1582 262 1610 rificantis
283 1581 458 1616 clement.iae;
480 1581 554 1610 unde
568 1582 670 1610 dicitur
686 1583 814 1611 Matthaei
830 1583 950 1611 secundo
963 1584 971 1596 ²

128 1628 161 1657 de
183 1629 281 1665 Magis:
305 1628 433 1656 Vitlentes
453 1628 576 1662 stellam,
590 1629 690 1665 yavisi
702 1633 772 1657 sant
784 1630 896 1666 gaziata
911 1639 974 1658 ina-

126 1684 184 1713 gyno
205 1675 304 1709 valde,
326 1679 351 1703 et
376 1675 519 1703 intrantes
540 1676 676 1709 domam,
698 1676 870 1704 invenerant
900 1677 973 1705 Pae-

127 1731 196 1751 ·ritm
218 1731 284 1751 enin
306 1722 422 1756 Maria,
445 1722 537 1750 Jllatre
558 1722 635 1756 eius,
657 1727 682 1751 et
698 1723 882 1760 procidentes
903 1725 973 1752 atlo-

127 1773 269 1798 raverzint
290 1778 372 1802 eitm;
388 1772 412 1797 et
433 1769 542 1806 apertis
557 1768 705 1798 tltesattris
718 1770 792 1804 sais,
808 1770 975 1799 obtulerant

127 1817 154 1845 ei
174 1825 315 1844 munera:
338 1824 466 1849 aarum,
483 1815 549 1844 tltzts
570 1820 596 1844 et
616 1816 782 1854 myrrham.
804 1817 883 1851 Ecce,
899 1818 973 1854 quod

127 1864 194 1901 Magi
217 1864 244 1891 in
266 1863 438 1892 exhibitione
458 1863 551 1892 cultus
570 1863 666 1892 latriae
682 1864 819 1892 habebant
834 1864 972 1893 servorem

126 1910 228 1939 amoris
259 1904 293 1939 etv
317 1910 535 1944 benevolentiae,
557 1910 622 1947 quia
644 1919 698 1939 non
730 1911 914 1940 vendiderunt
936 1920 971 1940 ex

127 1957 292 1994 cupiditate,
314 1957 361 1985 sed
383 1957 546 1985 obtulerunt
561 1960 712 1993 spontanea
726 1958 868 1987 voluntate
884 1959 971 1987 Puero

126 2004 242 2041 parvulo
264 2004 291 2032 in
313 2004 421 2040 siguum
445 2004 547 2032 amoris
574 2007 601 2032 et
622 2004 843 2039 benevolentiae,
866 2014 918 2033 non
943 2006 972 2034 ti-

127 2051 211 2080 moris
231 2053 258 2079 et
279 2058 391 2087 poenae.
414 2051 468 2079 Hoc
489 2054 530 2079 est
551 2051 624 2079 enim
647 2051 769 2080 caritatis
790 2052 847 2081 sive
868 2053 972 2081 amoris

125 2097 244 2130 donum,
267 2097 325 2125 sine
353 2105 409 2134 quo
440 2097 547 2125 nullum
576 2097 679 2126 donum
711 2101 879 2135 acceptatur.
912 2100 972 2136 Ipsa

125 2145 197 2173 enim
219 2144 319 2173 caritas
335 2144 424 2172 reddit
443 2144 613 2172 voluntatem
629 2144 753 2174 hilarem
769 2149 896 2182 respectu
912 2147 970 2180 sui;

124 2191 198 2220 unde
218 2191 335 2219 dicitur:
362 2191 465 2219 Gavisa?
484 2195 554 2219 sunt
573 2192 685 2228 gyanclio
706 2201 832 2229 inayno;
854 2202 971 2221 coneor-

125 2238 187 2266 dem
218 2241 346 2275 respectu
379 2238 515 2274 proximi;
548 2238 622 2267 unde
653 2239 796 2275 sequitur:
828 2239 972 2268 intrantes

125 2285 262 2318 doniam,-
283 2285 429 2313 liberalem
451 2289 579 2321 respectu
600 2285 654 2314 dati
668 2286 695 2319 3;
720 2286 794 2315 unde
825 2287 970 2315 subditur:

125 2332 234 2368 apertis
256 2330 403 2360 ilie-sciuris
423 2332 497 2366 sais,
520 2332 685 2361 obtulerant
706 2333 732 2361 ei
752 2342 894 2362 manera:
917 2343 971 2362 aa·

125 2387 211 2412 rani,
234 2378 301 2407 tltas
325 2382 349 2407 et
380 2378 553 2416 inyrrliam,
586 2379 612 2407 in
645 2380 754 2416 signum
784 2381 971 2417 expressionis

124 2424 186 2453 fidei
209 2425 357 2454 interioris.

204 2472 242 2499 lll.
258 2472 350 2500 Tertio
366 2472 495 2500 subditur
510 2472 644 2501 discretae
665 2473 891 2510 supplicationis
902 2474 971 2510 peti-

126 2519 180 2552 tio,
196 2526 259 2547 cum
280 2518 361 2547 dicit:
386 2519 519 2553 Domine,
540 2520 569 2547 si
588 2520 649 2553 vis,
662 2524 742 2557 potes
757 2528 801 2548 ine
814 2520 969 2548 nntmtare.

125 2566 162 2593 Ita
177 2565 249 2594 enim
266 2565 318 2593 fuit
332 2565 468 2594 discretus
490 2566 534 2594 ille
556 2566 682 2603 leprosus
704 2567 729 2594 in
753 2567 869 2603 petendo
891 2575 971 2595 mun-

124 2612 261 2640 dationem
283 2612 325 2640 sui
347 2613 486 2649 corporis,
508 2617 540 2641 ut
561 2613 712 2650 quemlibet
732 2614 817 2642 alium
840 2614 970 2642 intectum

125 2659 202 2696 lepra
223 2659 358 2696 spirituali
381 2659 510 2688 informet
538 2659 571 2687 ad
600 2660 748 2696 petendum
771 2668 821 2688 suo
842 2661 970 2696 exemplo

1827 158 1879 185 1855

1038 230 1279 259 sanctificationem
1311 231 1417 260 animae
1450 239 1524 260 suae.
1546 232 1621 261 Unde
1649 233 1818 270 quicumque
1840 238 1880 263 est

1037 276 1154 305 infectus
1185 277 1251 305 vitio
1272 277 1390 306 alicuius
1419 279 1511 315 leprae
1533 279 1703 315 praedictae,
1725 280 1805 309 debet
1826 281 1880 309 dis-

1037 326 1111 350 crete
1131 323 1282 352 secuudum
1305 325 1433 353 morbum
1467 329 1560 362 petere
1588 326 1738 355 discretum
1767 328 1881 356 medica-

1037 371 1170 397 mentum.
1192 370 1258 398 Nam
1291 371 1379 407 primo
1409 372 1554 408 superbas
1582 372 1663 401 debet
1684 377 1777 409 petere
1800 382 1879 403 mun-

1036 415 1093 443 dari
1116 424 1131 443 a
1152 419 1262 445 tumore
1283 418 1429 453 superbiae
1461 427 1510 454 per
1543 419 1668 448 timorem
1690 421 1780 449 filialis
1802 429 1880 450 reve-

1036 462 1155 495 rentiae;
1178 464 1314 497 secundo,
1337 464 1520 499 luxuriosas,
1536 474 1552 493 a
1566 466 1669 494 foetore
1685 467 1814 496 luxuriae
1830 476 1879 504 per

1035 507 1162 536 decorem
1186 509 1243 537 sive
1264 510 1375 539 odorem
1398 512 1530 540 castitatis
1552 515 1578 541 et
1598 513 1764 547 munditiae3
1788 515 1878 549 tertio,

1036 562 1159 588 avaras,
1175 556 1209 584 ab
1225 556 1324 585 ardore
1346 558 1478 587 avaritiae
1499 567 1548 595 per
1569 559 1711 588 dulcorem
1727 561 1879 597 spiritualis

1036 601 1169 635 laetitiae;
1186 606 1229 636 ut,
1245 603 1316 631 sicut
1337 604 1427 632 anima
1448 605 1607 634 deordinata
1628 610 1669 635 est
1690 615 1786 636 aversa
1801 617 1816 636 a
1832 609 1878 637 Pa-

1036 650 1078 676 tre
1099 656 1148 684 per
1180 652 1316 677 tumorem
1349 651 1508 686 superbiae,
1530 661 1545 680 a
1576 653 1642 681 Filio
1674 662 1722 690 per
1744 655 1876 684 foetorem

1037 694 1181 729 luxuriae,
1203 704 1218 723 a
1239 696 1343 732 Spiritu
1375 701 1469 725 sancto
1501 706 1549 734 per
1577 700 1703 728 ardorem
1731 702 1877 735 avaritiae,

1035 740 1072 768 ita
1093 741 1237 769 ordinetur
1262 742 1295 770 ad
1324 743 1429 771 Patrem
1459 752 1508 780 per
1540 745 1665 774 timorem
1689 747 1778 775 filialis
1801 756 1879 777 reve-

1036 788 1155 821 rentiae,
1176 788 1209 816 ad
1231 789 1327 817 Filium
1351 797 1400 826 per
1422 791 1567 820 cautiorem
1591 793 1647 821 sive
1669 794 1780 822 sutorem
1798 796 1878 823 rasti-

1036 834 1098 862 tatis
1119 838 1145 862 et
1167 835 1353 870 innocentiae,
1375 837 1407 864 ad
1434 838 1566 873 Spiritum
1600 843 1723 868 sanctum
1748 850 1795 877 per
1817 842 1877 870 dul-

1035 888 1126 908 corem
1149 881 1301 920 spiritualis
1323 883 1449 911 laetitiae.

1114 928 1204 956 Primo
1225 936 1290 965 ergo
1313 930 1481 959 inundamur
1503 940 1518 959 a
1534 936 1645 961 tumore
1659 934 1813 970 superbiae
1828 944 1877 972 per

1034 974 1161 1002 timorem
1182 975 1272 1003 filialis
1294 977 1479 1010 reverentiam
1512 978 1584 1007 unde
1617 980 1752 1008 secundae
1773 982 1805 1009 asl
1828 982 1876 1009 Co-

1034 1021 1152 1049 rinthios
1173 1021 1327 1057 septimo&
1350 1023 1522 1052 Mandemas
1553 1034 1606 1053 nos
1627 1026 1663 1053 ab
1686 1028 1766 1054 omni
1786 1028 1877 1065 inqui-

1033 1071 1168 1095 namento
1189 1069 1291 1096 carnis
1312 1073 1336 1096 et
1356 1070 1490 1106 spiritus,
1511 1071 1690 1108 perficientes
1711 1075 1877 1111 sanetifica-

1035 1113 1139 1142 tionem
1160 1114 1190 1142 in
1213 1115 1314 1143 timore
1337 1116 1395 1144 Dei.
1419 1133 1454 1137 —-
1477 1118 1552 1146 Sicut
1573 1118 1660 1146 foetor
1683 1119 1812 1149 luxuriae
1837 1124 1877 1149 cst

1033 1161 1285 1198 inquinamentum
1319 1164 1437 1197 carni-s,
1469 1164 1508 1192 sic
1540 1168 1632 1193 tumor
1660 1167 1805 1202 superbiae
1837 1172 1877 1196 est

1034 1207 1288 1244 inqaimtinentam
1308 1210 1450 1245 spiritas;
1471 1211 1544 1239 unde
1559 1212 1679 1247 primum
1696 1213 1796 1241 dicitur
1815 1221 1876 1250 pec-

1033 1257 1124 1282 catum
1141 1255 1259 1289 carnale,
1275 1257 1427 1285 secundum
1443 1261 1585 1293 peccatum
1602 1259 1753 1295 spirituale.
1768 1261 1798 1288 Et
1812 1262 1877 1297 quia

1034 1309 1087 1329 non
1110 1301 1198 1337 placet
1221 1302 1275 1330 Deo
1297 1303 1342 1339 qui
1360 1304 1491 1332 emundet
1505 1313 1606 1341 corpus
1621 1306 1655 1334 ab
1670 1306 1876 1342 ii'tquii‘iamento

1034 1347 1163 1376 luxuriae
1195 1357 1244 1384 per
1275 1357 1396 1378 amorem
1427 1351 1558 1380 castitatis
1587 1356 1614 1380 et
1636 1353 1802 1387 munditiae,
1824 1354 1876 1382 nisi

1033 1395 1113 1423 etiam
1136 1396 1267 1424 einundet
1287 1397 1415 1433 spiritum
1437 1398 1472 1426 ab
1500 1398 1708 1435 inquinamento
1730 1401 1876 1436 superbiae

1033 1449 1082 1477 per
1104 1442 1229 1470 timorem
1255 1443 1343 1471 filialis
1360 1445 1544 1478 reverentiae,-
1562 1445 1621 1474 ideo
1636 1446 1701 1474 dicit
1716 1448 1874 1483 Apostolus:

1033 1488 1206 1516 illanctemas
1226 1497 1279 1517 nos
1310 1489 1345 1517 ab
1378 1491 1458 1518 omni
1479 1492 1696 1529 inquinamento
1728 1494 1829 1522 earnis
1851 1498 1875 1522 et

1031 1534 1165 1570 spiritus.
1182 1535 1231 1563 Sed
1248 1536 1321 1572 quia,
1337 1536 1388 1564 uisi
1406 1537 1485 1565 timor
1502 1538 1607 1566 Domini
1625 1540 1777 1575 praecedat,
1793 1541 1874 1568 comi-

1033 1584 1106 1609 tetur
1129 1585 1155 1609 et
1176 1582 1363 1619 subsequatur
1386 1587 1507 1612 nostram
1529 1586 1755 1620 ei‘nendatiouem,
1772 1595 1875 1623 nequa-

1032 1636 1114 1665 quam
1138 1637 1284 1665 possumus
1306 1631 1546 1660 sanctificationem
1574 1633 1722 1668 perficere,
1744 1634 1874 1670 quoniam

1031 1675 1083 1713 qai
1102 1676 1163 1704 sine
1185 1676 1287 1704 timore
1308 1681 1348 1705 est
1368 1686 1426 1705 non
1448 1678 1675 1714 ‘t'asttfi'eatiitnr;
1697 1680 1756 1708 ideo
1783 1681 1874 1717 sequi-

1031 1725 1093 1750 tur:
1113 1723 1292 1759 perficientes
1306 1725 1564 1761 sanctificationem
1585 1726 1614 1754 in
1630 1726 1731 1755 timore
1748 1728 1872 1756 Domini.

1109 1770 1248 1804 Secundo,
1264 1779 1279 1798 a
1300 1770 1407 1808 foetore
1429 1772 1567 1800 luxuriae
1583 1774 1748 1802 inumlamur
1763 1783 1812 1811 per
1827 1775 1873 1803 de-

1030 1824 1122 1845 corem
1154 1818 1285 1845 castitatis
1316 1822 1342 1846 et
1374 1819 1534 1854 pudicitiam
1564 1821 1699 1849 sci-undae
1727 1821 1759 1849 ad
1782 1822 1872 1851 'l'imo-

1031 1864 1125 1892 theum
1148 1865 1305 1893 secundof':
1329 1865 1360 1893 Si
1380 1866 1446 1903 qais
1467 1875 1533 1903 erqo
1555 1868 1756 1896 enninslcwerit
1776 1877 1805 1897 se
1836 1869 1872 1897 al)

1030 1910 1110 1944 istis,
1132 1911 1186 1939 erit
1208 1920 1260 1939 aas
1288 1912 1318 1939 in
1340 1911 1476 1940 ltonorem
1501 1914 1717 1950 saimtifieatam
1749 1919 1773 1943 et
1804 1916 1872 1944 utile

1031 1958 1152 1986 Domino
1175 1959 1214 1986 att
1235 1967 1316 1987 omne
1337 1968 1410 1995 opus
1428 1959 1532 1988 bonnm
1552 1965 1704 1996 paratum.
1727 1962 1872 1991 szenttta

1028 2005 1174 2033 desideria
1195 2004 1272 2042 little.
1294 2006 1387 2034 —Si
1417 2007 1482 2043 quis
1513 2016 1580 2044 ergyo
1611 2009 1813 2037 emundaverit
1842 2019 1872 2038 se

1029 2051 1065 2079 ab
1097 2051 1142 2080 liis
1173 2052 1386 2088 inquinamentis
1421 2053 1549 2081 luxuriae
1580 2062 1629 2090 per
1660 2055 1871 2084 amaritudinem

1029 2099 1200 2127 contritionis
1228 2102 1254 2127 et
1283 2099 1479 2135 poeniteutiae,
1507 2101 1561 2128 erit
1592 2109 1645 2128 vcas
1676 2101 1706 2129 in
1735 2101 1871 2130 honorem

1028 2146 1262 2182 sanctificatam,
1291 2154 1340 2182 per
1369 2147 1582 2182 pulcritudinem
1614 2148 1737 2177 caelestis
1768 2149 1871 2185 gratiae

1029 2193 1085 2221 sive
1117 2193 1248 2221 castitatis
1276 2196 1303 2221 ct
1335 2193 1500 2226 munditiam
1532 2197 1556 2222 et
1582 2194 1649 2222 utile
1681 2195 1803 2223 Domino
1832 2196 1871 2224 att

1029 2248 1110 2267 omne
1131 2248 1220 2276 opus,
1243 2248 1291 2276 per
1323 2240 1546 2276 complacentiam
1576 2241 1683 2270 divinae
1713 2242 1869 2271 voluntatis.

1028 2287 1085 2314 Non
1107 2287 1179 2315 enim
1201 2287 1289 2323 placet
1310 2287 1478 2315 nobilissimo
1500 2288 1562 2324 Regi
1585 2288 1694 2316 Christo
1715 2297 1805 2325 neque
1826 2297 1870 2317 ac-

1029 2336 1154 2370 ceptatur
1177 2334 1201 2361 in
1225 2341 1307 2369 opere
1330 2334 1471 2362 ministerii
1495 2334 1536 2362 sui
1554 2343 1601 2363 ras
1615 2335 1755 2363 sordidum
1779 2340 1805 2364 et
1820 2336 1870 2364 im-

1030 2380 1172 2408 mundum.
1202 2380 1345 2407 laoenitia
1377 2380 1522 2408 desideria
1542 2380 1629 2418 supe,-
1651 2390 1704 2409 non
1726 2382 1806 2410 dicit:
1830 2392 1870 2411 re-

1027 2427 1111 2459 siste,
1134 2426 1178 2454 sed
1201 2425 1287 2463 stipe,
1310 2426 1375 2462 quia
1407 2427 1504 2455 melius
1536 2431 1686 2463 superatur
1708 2429 1805 2457 vitium
1829 2430 1870 2457 lu-

1029 2473 1127 2501 xuriae
1148 2480 1197 2509 per
1218 2473 1310 2509 sugam
1332 2481 1415 2509 quam
1437 2481 1486 2509 per
1508 2474 1700 2503 resistentiam.

1106 2519 1205 2553 Tertio,
1221 2519 1254 2547 ab
1277 2520 1385 2547 ardore
1400 2520 1546 2548 avaritiae
1562 2522 1728 2550 mundamur
1744 2531 1793 2559 per
1808 2523 1866 2551 dul>

1027 2574 1119 2594 eorem
1141 2566 1292 2602 spiritualis
1314 2566 1445 2599 laetitiae3
1468 2567 1540 2595 unde
1556 2568 1703 2597 Ezechielis
1729 2570 1869 2606 trigesimo

1027 2613 1144 2641 sexto⁰z
1169 2612 1325 2649 Effandam
1348 2621 1437 2649 saper
1458 2622 1508 2641 vos
1529 2623 1640 2652 aquam
1662 2616 1822 2649 mandam,
1844 2620 1869 2644 et

1027 2659 1245 2687 nnintlaln'inini
1266 2659 1301 2687 al)
1324 2659 1458 2687 omnibns
1490 2661 1717 2699 inquinamentis
1749 2664 1867 2697 restris,

188 2857 195 2870 ¹
214 2858 296 2880 Psalm.
315 2858 367 2885 «137,
388 2859 406 2880 l.
423 2864 472 2887 seq.
754 2860 762 2873 2
780 2861 845 2883 Vers.
864 2862 899 2883 =l0.
917 2868 966 2890 seq.

187 2896 196 2909 ³
214 2897 298 2919 Deliis
322 2897 395 2919 tribus
420 2897 539 2919 et‘t‘eetibus
563 2898 662 2921 caritatis
685 2899 738 2921 vide
755 2906 824 2927 supra
843 2906 895 2928 pag.
918 2900 967 2926 164,

125 2941 194 2957 serm.
213 2935 233 2957 5.
252 2942 276 2963 p.
293 2936 308 2957 l.

219 2982 243 3006 S.
263 2982 353 3005 Bonae.
369 2995 400 2998 ——
418 2983 486 3005 Tom.
503 2983 542 3005 IX.

1088 2861 1097 2873 ⁴
1116 2862 1179 2883 Vers.
1202 2862 1224 2888 l;
1242 2862 1344 2890 sequitur
1362 2862 1429 2884 tic-cli.
1447 2863 1467 2890 1,
1485 2863 1521 2884 2³.

1088 2899 1096 2912 ⁵
1115 2900 1179 2922 Vers.
1198 2901 1234 2922 21,
1253 2907 1300 2929 seq.

1087 2937 1096 2950 ⁰
1114 2939 1178 2961 Ver-s.
1196 2939 1233 2960 ⁸25.

1898 381 1965 399 Potitio
1981 382 2014 400 tri-

1928 405 1977 428 plex.

1895 940 1921 959 Do
1935 941 2001 964 prima.

1897 1125 2009 1146 Notandum.

1893 1546 1944 1564 item.

1888 1778 1916 1805 pe
1929 1778 2017 1797 secunda.

1887 2525 1914 2544 De
1928 2525 1989 2544 tertia.
