2243 3348
0 1303 13 1324 f.

2 1328 14 1351 st

4 1352 14 1372 ,1

4 1388 7 1399 r

0 2402 1 2405 η
29 2389 130 2409 Conclusio.

679 159 711 187 IN
732 158 929 188 ASCENSIONE
951 160 1076 190 DOMINl.
1097 162 1207 191 SERMO
1228 164 1267 191 lli.
1291 165 1331 193 ET
1353 166 1393 193 lV.

157 234 385 271 quinquagesimo
401 235 425 262 ¹:
447 235 481 263 ln
495 243 618 263 ascensu
639 235 746 264 altaris
766 236 863 264 sancti
874 236 1000 273 gloriam

156 281 233 309 dedit
259 281 425 310 sanctitatis
452 281 602 310 amictum.
625 298 664 302 —-
685 282 773 318 Super
800 282 884 310 vitam
911 282 1002 311 ratio—

156 327 268 355 nalium
292 331 405 364 propter
427 328 601 356 stabilitatem
624 336 690 356 suae
715 328 917 364 perseverantis
937 336 1001 357 con-

156 374 286 409 stantiae;
308 375 400 411 quarti
429 375 532 411 Regum
557 374 663 403 decimo
691 382 778 402 nono:
801 375 928 402 Ascendi
953 383 1002 403 ex-

156 420 231 449 celsa
252 421 395 449 montium
416 421 447 449 in
468 421 636 449 summitate
657 420 769 449 Libani.
792 437 829 440 —
850 421 938 457 Super
961 421 1000 449 vi-

155 471 210 496 tam
234 468 411 505 Angelorum
439 471 552 504 propter
573 467 834 496 administratoriam
864 475 1000 504 supernae

154 514 364 551 dispensationis
374 514 611 542 annuntiationem
622 524 628 548 ;
642 514 725 542 Exodi
737 514 869 550 vigesimo
882 517 998 551 quarto:

156 561 363 598 Ingressusque
384 561 494 599 Moyses
514 560 641 589 medium
663 560 796 594 nebulae,
819 561 947 589 ascendit
968 561 999 589 in

154 610 279 635 montem
299 611 324 635 et
344 606 405 644 fuit
424 607 466 635 ibi
486 607 689 645 qua-drayinta
717 607 825 635 diebus.
852 624 889 628 —-
910 608 998 644 Super

154 654 237 682 vitam
261 653 513 691 Arclzanyelorum
534 657 648 690 propter
669 654 878 690 praecellentem
901 661 998 690 super-

153 708 204 728 nae
226 700 389 736 provisionis
414 700 625 734 revelationem;
652 700 763 729 Genesis
789 700 929 737 trigesimo
957 708 998 728 se-

153 746 244 775 cundo
258 747 285 774 2:
308 747 384 775 Dixit
404 747 522 784 Angelus
543 747 575 775 ad
599 747 691 775 Iacob:
716 747 830 775 Dimitte
854 755 916 780 me‚·
936 747 996 775 iam

152 793 228 821 enim
249 793 379 821 ascendit
399 801 515 822 aurora
536 797 587 822 etc.
609 810 646 813 —
666 794 755 830 Super
776 793 858 821 vitam
883 793 998 821 Princi-

149 843 278 876 patuuin
305 843 419 876 propter
444 840 640 877 triumphalem
669 840 782 877 superni
802 840 920 868 ducatus
947 848 998 876 gu-

152 886 357 920 bernatione1n;
386 887 515 915 Ieremiae
545 887 682 924 vigesimo
702 886 837 915 secundo:
870 887 998 915 Ascende

152 933 297 961 Libanum
319 937 343 961 et
364 933 460 962 clama
482 934 522 962 ad
543 938 735 962 transeuntes.
753 950 787 954 —
803 934 891 970 Super
913 933 995 961 vitam

152 980 332 1008 Potes-catum
359 984 473 1017 propter
499 980 681 1009 ordinativam
709 989 790 1009 verae
817 980 996 1017 dispensatio—

151 1027 194 1055 nis
214 1027 422 1061 auctoritatem;
445 1027 556 1056 Genesis
571 1027 707 1056 secundo:
730 1028 808 1056 Fons
826 1027 998 1056 ascendebat

151 1082 164 1102 e
186 1077 282 1107 terra,
304 1074 439 1111 irrigans
453 1074 622 1102 universam
638 1073 819 1111 superficiem
840 1077 943 1101 terrae.
959 1088 995 1095 —

151 1121 240 1157 Super
254 1121 337 1149 vitam
365 1121 512 1149 Virtutum
529 1124 642 1158 propter
657 1121 847 1149 inconcussam
870 1120 940 1149 beati
957 1120 996 1148 vi-

150 1168 224 1205 goris
246 1169 462 1205 permanentiam
485 1172 511 1197 et
540 1168 738 1197 miraculorum
760 1168 925 1202 efficaciam;
947 1168 996 1196 Ba—

150 1215 222 1244 ruch
243 1215 324 1244 tertio
338 1215 365 1242 ³:
389 1215 460 1251 Quis
481 1215 611 1243 ascendit
637 1215 668 1243 in
695 1214 807 1243 caelum
836 1218 860 1243 et
888 1214 996 1251 accepit

150 1270 215 1290 eam
235 1266 261 1290 et
281 1262 366 1290 (luxit
387 1270 451 1290 eam
466 1262 499 1290 de
519 1261 667 1290 nubibus?
683 1278 719 1282 —
735 1262 824 1298 Super
845 1262 927 1290 vitam
945 1261 997 1289 Do-

148 1309 346 1337 minationum
359 1312 473 1345 propter
488 1309 720 1345 praeeminentem
740 1309 917 1345 potestativae
940 1316 996 1336 ma—

149 1356 253 1385 iestatis
274 1356 498 1393 imperationem3
522 1356 627 1384 [oannis
655 1360 750 1384 sexto:
774 1356 806 1385 Si
829 1364 898 1394 eryo
919 1356 996 1384 vide-

149 1403 217 1431 ritis
237 1402 348 1431 Filium
369 1401 496 1431 hominis
517 1403 724 1436 ascendentem,
742 1402 868 1431 abierat
885 1401 995 1439 prius?

149 1466 188 1470 —
208 1451 297 1487 Super
318 1450 401 1478 vitam
431 1448 613 1478 Thronorum
637 1453 750 1486 propter
774 1453 994 1486 perseverantem

148 1497 304 1525 divinarum
327 1492 543 1525 immensitatum
572 1497 790 1533 susceptionem;
819 1497 994 1525 Canticorum

149 1547 259 1572 octavo:
283 1543 364 1579 Quae
385 1548 425 1571 cst
440 1544 497 1571 isla
519 1552 594 1581 quae
608 1543 738 1572 ascendit
759 1543 793 1571 (Ie
813 1543 934 1577 deserto,
949 1543 995 1571 de-

149 1590 224 1619 liciis
245 1590 394 1627 affluens?
415 1607 453 1611 ——
475 1591 563 1626 Super
589 1590 672 1618 vitam
702 1589 856 1618 Cherubim
882 1593 995 1627 propter

148 1637 398 1674 supereminentem
418 1637 575 1665 divinorum
592 1637 812 1673 spectaculorum
828 1637 994 1673 contempla-

148 1684 266 1718 tionem;
282 1684 406 1712 Psalmus
420 1685 446 1711 4:
470 1684 607 1712 Ascendit
620 1692 709 1720 super
733 1682 887 1712 Cherubim
908 1688 933 1712 et
947 1692 993 1711 'oo-

149 1730 220 1759 lavit
240 1734 291 1760 etc.
307 1747 344 1752 —
359 1731 448 1767 Super
470 1730 551 1758 vitam
575 1729 728 1767 Seraphim
751 1734 864 1767 propter
885 1738 994 1767 semper

148 1778 332 1807 intendentem
345 1778 501 1806 divinarum
514 1777 717 1814 plenitudinum
728 1777 900 1806 dulcedinem
911 1788 917 1811 ;
929 1777 994 1805 Can-

147 1825 266 1853 ticorum
289 1825 384 1853 tertio:
402 1825 482 1860 Quae
503 1828 543 1852 est
564 1824 621 1852 ista
636 1832 710 1862 quae
728 1824 858 1853 ascendit
875 1833 929 1861 per
947 1825 994 1853 de-

147 1876 258 1900 sertum
279 1872 356 1900 sicut
372 1871 492 1909 virgula
512 1870 592 1908 fami
605 1880 639 1899 ea·
654 1871 839 1900 aromatibus
854 1870 994 1909 myrrhae

147 1922 172 1947 et
192 1918 289 1947 ilium&
303 1923 327 1946 et
341 1919 475 1946 universi
493 1918 625 1955 pulveris
644 1918 838 1955 piymentarii
850 1918 870 1946 ⁵.
891 1935 925 1938 —
943 1919 993 1947 Su-

148 1973 197 2002 per
213 1965 295 1993 vitam
313 1965 441 2002 pacificae
456 1965 621 2001 virginitatis
635 1965 729 1993 Matris
750 1965 865 1993 Mariae
879 1969 994 2002 propter

148 2011 334 2040 conciliativae
367 2011 538 2039 mediationis
568 2011 785 2047 praepollentem
816 2011 993 2040 interventio-

149 2066 227 2092 nem;
249 2058 334 2086 Exodi
358 2057 498 2094 trigesimo
519 2057 640 2086 secundo
654 2058 681 2085 ⁶:
704 2058 869 2087 Ascenrlain
884 2058 924 2086 ad
940 2058 994 2086 Do-

148 2105 272 2138 minum,
294 2105 321 2133 si
341 2113 397 2142 quo
418 2104 501 2132 modo
523 2104 642 2142 quivero
671 2113 737 2133 eum
765 2104 920 2141 deprecari
937 2113 994 2142 pro

147 2151 250 2180 scelere
263 2155 365 2179 vestro.
381 2167 418 2171 —
433 2151 469 2179 Ad
492 2151 574 2179 vitam
590 2150 709 2187 deificae
722 2150 918 2180 humanitatis
937 2152 994 2180 sive

148 2197 317 2229 beatificatae
340 2197 530 2226 rationalitatis
552 2197 578 2226 in
594 2201 799 2226 consummatae
820 2198 917 2227 salutis
937 2199 994 2235 glo-

147 2244 314 2278 rificatione;
336 2244 419 2272 Marci
447 2244 559 2272 ultimo:
584 2246 741 2272 Assamlus
768 2248 807 2272 esi
829 2244 860 2273 in
880 2245 994 2273 eaelum

148 2293 173 2318 et
192 2290 266 2319 sedet
288 2299 307 2318 a
328 2291 440 2319 dextris
461 2291 521 2319 Dei.

199 2346 209 2352 ²
225 2338 314 2374 Super
336 2346 431 2367 omnes
445 2338 512 2367 istos
526 2338 683 2375 quindecim
699 2339 781 2367 orbes
802 2347 950 2375 corporeos
967 2342 994 2368 et

147 2384 303 2422 quindecim
325 2385 395 2413 vitas
416 2385 592 2421 incorporeas
607 2385 739 2414 Dominus
754 2386 928 2414 saeculorum
945 2387 993 2414 ho—

147 2431 190 2460 die
211 2431 360 2460 ascendens
381 2435 408 2460 et
437 2432 559 2460 residens
586 2440 694 2461 omnem
716 2436 835 2461 creatam
858 2433 994 2461 universi-

147 2481 245 2513 tatem,
260 2479 379 2515 disponit
395 2487 443 2516 per
457 2479 525 2507 haec
546 2479 580 2507 ad
601 2479 831 2507 ordinatissimam
854 2480 931 2516 regni
950 2480 992 2508 sui

147 2526 372 2562 completionem,
394 2530 425 2554 nt
447 2534 495 2562 per
516 2526 590 2563 ipsos
617 2526 773 2563 quindecim
796 2527 878 2555 orbes
898 2535 992 2556 ascen-

147 2573 245 2601 damus
272 2573 452 2610 corporaliter
480 2581 543 2601 cum
566 2581 682 2610 corpore
713 2574 861 2602 Salvatoris
888 2577 915 2602 et
943 2582 992 2610 per

1841 175 1896 204 319

1059 238 1216 274 quindecim
1237 241 1307 269 vitas
1321 243 1500 273 ascendamus
1521 245 1700 281 spiritualiter
1715 255 1777 277 cum
1799 250 1897 286 spiritu

1059 284 1216 314 salvatoris.
1237 286 1266 314 Hi
1289 287 1360 315 enim
1388 292 1453 317 sunt
1474 291 1628 327 quindecim
1654 294 1759 329 mystici
1781 296 1896 331 gradus,

1058 330 1160 366 quibus
1181 332 1338 361 ascenditur
1359 333 1385 361 in
1408 336 1540 371 templum
1561 340 1714 366 aeternum.
1738 340 1897 371 Invisibilia

1057 376 1132 404 enim
1155 377 1249 413 ipsius
1269 386 1288 406 a
1309 384 1450 409 creatura
1472 382 1576 410 mundi
1594 392 1646 419 per
1665 392 1699 412 ca
1720 394 1793 422 quae
1817 386 1897 423 facta

1056 426 1142 455 sunt,
1164 423 1303 453 intellecta
1328 426 1559 462 conspiciuntur,
1586 430 1761 466 sempiterna
1789 441 1898 471 quoquc

1057 468 1119 496 eius
1140 469 1235 497 virtus
1256 474 1280 498 et
1300 471 1462 506 Divinitas,
1484 473 1526 501 iia
1547 478 1579 502 ut
1598 476 1658 504 sint
1672 477 1896 513 ineaecusabibes,

1056 514 1094 542 ait
1114 515 1258 551 Apostolus
1273 516 1292 543 ⁷.

1389 618 1480 647 Sannio
1503 620 1532 647 [ll
1547 620 1566 648 ⁸.

1126 709 1205 738 Item,
1226 717 1305 735 sermo
1329 710 1417 736 fratris
1441 712 1631 738 Bonaventurac
1656 714 1786 740 Fratribus
1810 717 1834 741 in
1855 717 1898 742 Ca-

1056 751 1149 782 pstulo,
1169 752 1289 778 Parisius.

1135 841 1194 876 Qui
1213 842 1357 870 descendit
1385 843 1445 879 ipsc
1464 848 1505 872 est
1532 847 1556 872 et
1583 845 1635 882 qui
1655 847 1783 875 aseendit
1809 856 1897 884 super

1055 895 1153 915 omnes
1182 887 1292 921 caelo&
1325 892 1358 916 ut
1389 889 1517 926 impleret
1549 891 1666 924 omnia,
1699 892 1732 920 ad
1769 893 1897 929 Ephesios

1054 936 1155 970 quarto
1169 933 1188 961 ⁹.

1133 981 1197 1009 Tria
1226 981 1270 1010 hic
1298 985 1395 1010 notare
1423 983 1559 1017 valemus,
1588 984 1691 1013 scilicet
1718 986 1897 1015 ascendentis

1054 1027 1264 1064 praeambulum
1286 1029 1439 1063 meritum,
1461 1030 1641 1059 ascensionis
1668 1032 1817 1068 gloriosum
1838 1036 1897 1061 sca-

1054 1077 1115 1102 tum
1137 1078 1164 1103 et
1184 1075 1366 1103 ascensionis
1390 1075 1564 1105 fructuosum
1593 1076 1729 1115 effectum.
1759 1079 1896 1116 Primum,

1053 1120 1106 1149 ihi:
1131 1121 1189 1156 Qui
1208 1122 1370 1155 descendit,-
1391 1122 1558 1157 secundum,
1579 1123 1632 1152 ihi:
1655 1124 1714 1161 ipse
1741 1129 1781 1153 est
1802 1129 1827 1154 et
1846 1127 1899 1164 qui

1053 1168 1184 1196 ascendit
1202 1177 1292 1205 super
1312 1177 1408 1197 omnes
1430 1169 1523 1198 caelos
1530 1181 1540 1203 ;
1562 1171 1690 1205 tertium,
1712 1171 1763 1200 ihi:
1786 1176 1819 1200 ut
1844 1173 1898 1201 im-

1050 1214 1141 1251 pleret
1158 1215 1270 1243 omnia.

1132 1262 1209 1290 Circa
1233 1266 1320 1291 totum
1347 1266 1425 1297 nota,
1447 1263 1520 1300 quod
1549 1264 1596 1300 qui
1619 1265 1678 1292 vult
1705 1273 1767 1293 cum
1789 1266 1898 1295 Christo

1052 1308 1079 1336 in
1101 1309 1206 1337 caelum
1229 1309 1390 1344 ascendere,
1411 1313 1535 1346 oportet,
1557 1318 1619 1339 eum
1642 1312 1770 1348 exemplo
1798 1313 1897 1342 Christi

1053 1356 1142 1392 primo
1169 1356 1335 1385 descendere
1356 1357 1512 1393 dupliciter,
1535 1358 1639 1386 scilicet
1659 1366 1708 1395 per
1729 1360 1897 1397 recognitio-

1053 1411 1117 1431 nem
1135 1404 1279 1440 propriae
1299 1404 1481 1442 iniquitatis,
1510 1412 1560 1441 per
1580 1405 1750 1434 recisionem
1771 1407 1898 1443 propriae

1051 1448 1236 1487 fraqilitatis.
1259 1451 1330 1479 Talis
1358 1451 1431 1480 enim
1452 1454 1502 1485 est,
1524 1451 1570 1488 qui
1593 1452 1714 1480 ascendit
1741 1452 1897 1489 dupliciter,

1052 1497 1155 1526 scilicet
1176 1497 1209 1526 ad
1231 1497 1498 1534 contemplationem
1518 1498 1671 1527 altitudinis
1685 1499 1791 1528 divinae
1809 1500 1898 1528 maie-

1051 1544 1153 1578 statis,
1175 1544 1208 1572 ad
1224 1544 1448 1573 obsecrationem
1465 1545 1701 1574 condescensionis
1721 1545 1829 1575 divinae
1841 1547 1897 1583 pie·

1053 1591 1138 1625 tatis,
1160 1595 1194 1619 ut
1213 1591 1332 1628 impleat
1352 1592 1452 1620 omnia
1475 1592 1606 1620 interiora
1630 1600 1680 1620 sua
1699 1592 1770 1621 dono
1791 1593 1896 1629 sapien-

1052 1638 1105 1666 tiae
1125 1641 1152 1666 et
1173 1638 1341 1667 abundantia
1361 1639 1473 1675 gratiae.
1497 1639 1527 1667 Et
1548 1639 1678 1676 quoniam
1701 1640 1817 1676 Apostoli
1838 1640 1897 1669 sue-

1051 1687 1119 1713 runt
1136 1685 1220 1718 tales,
1244 1685 1303 1714 ideo
1325 1685 1464 1722 adimpleti
1487 1689 1553 1714 sunt
1573 1686 1677 1722 Spiritu
1699 1689 1792 1715 sancto
1805 1686 1832 1714 in
1852 1686 1896 1715 die

1052 1731 1232 1761 Pentecostes.

1382 1834 1475 1863 Sanno
1495 1834 1527 1862 lv
1540 1835 1570 1862 ¹⁰.

1121 1928 1200 1957 Item,
1220 1935 1300 1953 sermo
1319 1928 1407 1953 fratris
1420 1928 1610 1953 Bonaventurae
1624 1936 1706 1954 coram
1720 1929 1896 1959 Universitate,

1051 1971 1075 1995 in
1095 1971 1166 1996 domo
1185 1971 1313 1996 Fratrum.

1131 2060 1190 2096 Qui
1210 2059 1348 2097 aedificat
1367 2060 1398 2089 in
1429 2061 1507 2089 caelo
1538 2062 1734 2090 ascensionem
1764 2071 1849 2091 suam
1871 2066 1896 2091 et

1050 2106 1228 2144 fasciculum
1250 2116 1339 2135 suum
1370 2116 1459 2144 super
1487 2112 1598 2136 terram
1630 2108 1785 2146 fundavit,
1817 2111 1895 2138 Amos

1051 2161 1124 2182 nono
1136 2154 1167 2181 ¹¹.

1129 2200 1202 2229 Inter
1223 2201 1291 2229 alias
1311 2201 1498 2230 solemnitates
1519 2202 1653 2231 Ecclesiae
1681 2203 1748 2231 haec
1775 2202 1894 2239 singula-

1052 2255 1110 2275 rem
1132 2247 1215 2276 hahet
1237 2248 1470 2285 praerogativam,
1492 2249 1557 2285 quia
1578 2249 1647 2278 aliae
1668 2252 1732 2278 sunt
1747 2249 1892 2283 viatorum,

1051 2294 1102 2322 ista
1122 2298 1164 2323 est
1184 2295 1449 2331 comprehensorum
1472 2295 1555 2324 simul
1574 2298 1603 2324 et
1624 2295 1759 2324 viatorum
1772 2296 1805 2329 1²,
1829 2295 1894 2332 quia

1051 2341 1078 2369 in
1099 2349 1131 2370 ea
1152 2341 1279 2370 Christus
1300 2349 1350 2370 sua
1371 2342 1527 2378 praesentia
1541 2342 1669 2370 laetificat
1683 2342 1818 2370 civitatem
1832 2349 1893 2370 oae-

1050 2388 1145 2416 lestem
1167 2391 1194 2416 et
1215 2395 1266 2416 sua
1286 2387 1430 2416 influentia
1451 2388 1579 2417 laetificat
1603 2389 1749 2417 Ecclesiam
1776 2388 1894 2417 militan—

1050 2437 1113 2463 tem.
1138 2434 1288 2471 Eapropter
1309 2434 1361 2463 ista
1381 2434 1539 2463 solemnitas
1558 2435 1706 2471 dupliciter
1727 2435 1771 2463 hic
1791 2434 1893 2463 descri-

1051 2481 1134 2515 bitur,
1157 2485 1184 2509 et
1205 2481 1310 2517 primo,
1332 2484 1467 2518 quantum
1488 2481 1521 2510 ad
1542 2489 1621 2510 suam
1640 2481 1837 2518 praesentiam
1865 2481 1891 2508 in

1050 2527 1206 2556 hierarchia
1227 2528 1342 2557 caelesti
1349 2538 1358 2561 ‚·
1380 2527 1516 2562 secundo,
1538 2532 1672 2565 quantum
1694 2528 1726 2556 ad
1748 2536 1825 2556 suam
1848 2528 1891 2555 in-

1048 2573 1199 2611 fluentiam
1222 2574 1249 2602 in
1282 2574 1439 2603 hierarchia
1468 2574 1646 2603 subcaelesti.
1675 2574 1811 2607 Primum,
1839 2574 1891 2602 ibi:

211 2752 218 2765 ²
236 2753 302 2775 Vers.
320 2753 362 2780 12;
379 2757 505 2782 sequuntur
523 2754 560 2776 lv.
575 2754 634 2782 Reg.
653 2755 688 2782 19,
706 2755 744 2777 23.
759 2758 782 2777 et
799 2755 868 2777 Exod.
884 2755 923 2782 24,
942 2756 977 2777 18,

210 2790 219 2803 ²
237 2792 303 2814 Vers.
320 2793 361 2819 26;
379 2795 509 2821 sequuntur
525 2793 566 2815 ler.
584 2794 621 2820 22,
637 2794 676 2815 20.
692 2796 715 2815 et
730 2794 787 2816 Gen.
805 2795 826 2822 2,
843 2794 866 2816 6.

210 2829 219 2842 ³
239 2831 301 2853 vers.
320 2831 362 2858 29;
378 2834 507 2860 sequuntur
525 2833 585 2854 toan.
603 2832 628 2859 6,
646 2832 684 2855 63.
701 2836 723 2855 et
740 2833 802 2855 Cant.
821 2833 846 2860 8,
863 2833 884 2855 5.

210 2869 220 2882 ⁴
237 2870 318 2892 esaim.
338 2871 374 2897 171
392 2872 433 2899 11;
449 2871 553 2900 sequitur
570 2870 633 2894 Cant.
651 2872 672 2899 3,
690 2872 711 2894 6,

211 2908 220 2921 ⁶
237 2909 285 2931 Hoc
302 2909 432 2932 membrum
450 2911 514 2933 deest
531 2911 553 2933 in
570 2911 597 2934 A.

211 2947 220 2961 θ
238 2949 303 2971 Vere.
321 2948 362 2975 30;
380 2949 484 2977 sequitur
500 2950 567 2971 Marc.
587 2951 626 2977 to,
645 2950 681 2973 19,

1110 2754 1118 2767 ⁷
1135 2756 1201 2777 Rom.
1220 2756 1245 2782 1,
1263 2755 1300 2777 20.

1109 2793 1119 2806 ⁸
1137 2795 1167 2817 Ex
1181 2796 1199 2816 Α
1219 2795 1257 2817 sol.
1275 2795 1319 2817 123
1337 2800 1354 2816 r.
1371 2796 1395 2816 et
1411 2794 1427 2816 Β
1446 2794 1483 2816 sol.
1502 2793 1531 2816 47
1547 2800 1567 2816 r.
1583 2805 1613 2810 —
1630 2793 1675 2816 Cir.
1690 2793 1780 2815 initium
1799 2799 1892 2820 praece-

1048 2833 1122 2856 dentis
1139 2833 1260 2856 sermonis.
1741 2831 1751 2844 ⁹
1769 2832 1833 2853 Vers.
1852 2831 1888 2853 10.

1110 2871 1130 2884 ¹⁰
1146 2873 1176 2894 Ex
1195 2873 1212 2894 A
1230 2872 1267 2894 sol.
1288 2872 1328 2894 123
1341 2878 1358 2893 r.
1371 2874 1393 2893 et
1410 2872 1426 2893 B
1440 2872 1474 2893 tol.
1489 2871 1517 2893 48
1530 2878 1564 2898 v.,
1577 2875 1664 2894 mutato
1681 2870 1795 2894 interdum
1813 2876 1890 2892 rerum

1047 2911 1137 2933 ordine.
1749 2908 1768 2922 ³¹
1786 2909 1850 2931 Vers.
1869 2908 1889 2930 6.

1111 2948 1130 2961 ¹²
1148 2949 1223 2971 Verba
1241 2948 1287 2972 ista
1303 2950 1338 2972 cst
1354 2951 1407 2977 ete.,
1424 2948 1558 2971 addidimus
1574 2955 1602 2971 ex
1618 2949 1643 2970 Β.

1915 995 1992 1016 Divisio.

1915 1367 1985 1395 Dupleix
1998 1368 2031 1387 de-

1920 1396 1997 1418 scensxo⁴
2005 1394 2024 1410 et

1926 1419 2017 1434 ascensio.

1909 2580 1987 2599 Divisio.
