2243 3348
219 410 324 429 Conclusio.

205 1156 324 1175 introductio.

245 1811 323 1830 Divisio,

208 1952 254 1970 Pars
267 1952 279 1970 1.
294 1952 321 1970 Dc

204 1976 282 1994 muliere
293 1976 329 1993 vii·-

205 2001 257 2017 tnosa
270 1999 329 2022 tripli-

240 2023 293 2041 citer.

218 2093 246 2111 De
259 2092 325 2117 primo.

200 2559 227 2582 De
238 2559 327 2578 secundo.

342 184 397 211 712

340 262 391 290 Per
420 261 574 289 aduentum
597 259 637 287 ad
659 261 878 287 monumentum
907 256 1068 292 intelligitur
1095 255 1184 283 finalis

342 308 542 337 consummatio
564 305 736 338 meritorum,
758 304 784 332 in
807 311 862 340 quo
884 303 966 339 Virgo
988 302 1066 331 beata
1095 301 1183 338 perfe—

342 358 384 384 cte
407 353 605 385 manifestatur,
620 352 685 379 (luni
704 350 869 387 praesidium
891 349 943 378 fert
965 348 1069 377 Sanctis
1088 348 1121 376 ad
1143 348 1183 375 in-

344 399 541 429 troducendum
563 406 610 427 eos
631 398 657 426 in
679 397 803 434 gloriam.
820 412 856 417 —
872 397 923 424 lste
944 398 1036 424 autem
1058 394 1184 431 septifor-

342 447 393 475 mis
414 447 527 475 effectus
559 444 655 473 solaris
688 444 756 472 lucis
788 443 844 472 sive
867 442 1057 475 manifestatio,
1079 449 1134 478 qua
1155 448 1184 469 se

342 497 445 530 septem
468 492 615 529 generibus
641 491 782 519 hominum
813 489 982 522 manifestat,
1004 488 1184 525 spiritualiter

343 543 430 577 potest
452 538 563 575 intelligi
581 546 629 574 per
648 537 714 566 illud
738 537 819 566 isaiae
835 537 975 573 trigesimo
988 537 1014 563 ¹:
1036 536 1101 564 Lux
1116 535 1184 563 sotis

342 587 396 615 erit
423 585 640 622 septempliciter
661 585 737 612 sicut
769 584 820 612 lum
848 587 952 620 septem
974 583 1106 615 dierum,
1136 589 1184 618 per

342 633 414 670 quod
431 632 592 668 intelllgitur
607 630 803 667 septiformitas
818 631 917 658 harum
935 629 1183 658 manifestationum

342 679 559 717 praedictarum,
581 686 652 715 quae
674 678 808 714 incipiunt
833 685 849 705 a
871 677 1047 705 fundamento
1069 675 1129 704 fidei
1159 678 1186 704 et

342 726 506 763 perveniunt
529 733 616 762 usque
638 724 670 752 ad
690 724 922 760 complementum
945 722 1058 760 praemii
1080 722 1185 750 aeterni

341 780 390 810 per
411 772 579 801 adiutorium
602 771 722 808 Virginis
747 774 774 800 et
800 771 903 799 donum
933 770 1105 798 beatissimae
1126 769 1185 797 Tri-

342 819 443 851 nitatis,
465 819 508 847 cui
531 822 571 847 est
594 819 681 846 honor
703 821 730 846 et
750 818 838 854 gloria
859 817 886 845 in
907 817 1024 845 saecula.
1047 817 1138 844 Amen.

678 913 769 940 Sentio
791 911 821 939 lll
833 912 852 939 2.

422 1006 503 1034 Sicut
523 1006 567 1034 sol
587 1006 683 1033 oricus
704 1005 813 1033 inuento
835 1005 866 1033 iu
887 1005 1040 1032 atu'ssmms
1064 1004 1122 1038 Dei,
1144 1004 1187 1032 sic

343 1053 433 1081 bonae
444 1052 577 1080 inulieris
591 1052 697 1088 specics
709 1052 739 1079 iu
752 1054 955 1079 ornamentum
968 1051 1072 1079 dotum*
1082 1059 1155 1079 suae
1166 1051 1185 1078 ³.

420 1099 606 1128 Consideranti
631 1098 697 1126 mihi
727 1098 917 1126 excellentiam
941 1098 1059 1134 Virginis
1086 1098 1186 1134 glorio-

343 1154 387 1174 sae
409 1149 536 1182 respectu
558 1145 722 1173 universalis
745 1145 892 1179 Ecclesiae,
914 1145 990 1173 nulla
1007 1144 1129 1173 occurrit
1151 1144 1186 1172 si-

342 1193 468 1221 militudo
483 1192 599 1220 nobilior
621 1200 703 1228 quam
726 1192 771 1220 illa
786 1200 867 1228 quam
891 1192 967 1228 ponit
983 1191 1186 1219 Ecclesiasticus

343 1239 368 1267 in
391 1239 476 1268 verbo
498 1240 656 1275 praemisso.
680 1239 755 1267 Sicut
776 1239 847 1267 enim
870 1238 910 1267 sol
932 1238 1072 1274 praecellit
1093 1241 1119 1266 et
1140 1237 1186 1266 de-

342 1290 418 1314 corat
439 1293 557 1322 corpora
578 1286 662 1314 totius
690 1285 831 1313 machinae
854 1284 1016 1317 mundialis,
1048 1284 1086 1312 sic
1108 1284 1186 1312 beata

343 1333 426 1369 Virgo
448 1332 589 1369 praecellit
609 1335 635 1360 et
656 1332 767 1360 decorat
789 1331 912 1359 membra
942 1331 1024 1359 totius
1052 1331 1186 1359 Ecclesiae

343 1380 484 1408 militantis
504 1383 531 1407 et
551 1380 631 1407 etiam
663 1378 874 1415 triumphantis,
899 1382 926 1406 et
948 1378 1012 1411 hoc,
1034 1378 1100 1414 quia
1129 1378 1186 1414 ipsa

343 1429 384 1455 est
404 1426 520 1459 mulier,
542 1434 595 1453 non
619 1429 724 1453 tantum
741 1425 825 1458 laona,
842 1425 887 1453 scd
910 1425 990 1453 etiam
1008 1425 1119 1461 optima,
1135 1433 1186 1461 pro

342 1481 374 1501 eo
395 1473 466 1509 quod
500 1472 566 1500 nihil
588 1472 663 1500 deest
691 1472 714 1500 ei
744 1471 777 1500 de
798 1480 830 1500 eo
852 1472 925 1508 qnod
953 1472 1017 1500 facit
1048 1472 1081 1500 ad
1113 1480 1186 1500 com-

342 1519 540 1548 mendationem
563 1523 590 1547 et
612 1518 804 1555 perfectionem
827 1519 913 1547 bonae
930 1519 1066 1551 mulieris,
1088 1526 1186 1547 secun-

341 1566 406 1593 dum
423 1566 611 1602 metaphoram
633 1565 698 1593 solis
720 1565 867 1593 materialis
882 1568 909 1593 et
924 1566 1102 1594 imitationem
1117 1566 1186 1594 Solis

341 1613 454 1641 aeterni.
475 1613 550 1641 Sicut
572 1613 644 1641 enim
665 1613 705 1641 sol
728 1612 809 1641 hahet
830 1613 960 1641 virtutem
982 1613 1185 1650 puryatz'oam,

341 1659 579 1693 illuminativam,
598 1658 790 1696 perfectivam
811 1663 838 1687 et
858 1660 899 1688 sui
924 1668 971 1696 per
986 1660 1078 1688 omnia
1098 1659 1186 1697 diffu—

339 1706 452 1739 siuam;
474 1706 511 1734 sic
532 1706 633 1734 mulier
662 1706 780 1742 perfecte
807 1707 892 1740 bona,
919 1707 1009 1743 qualis
1030 1706 1082 1735 fuit
1104 1707 1186 1743 Virgo

342 1753 439 1786 Maria,
461 1753 642 1790 quadriformi
664 1761 765 1790 genere
786 1754 889 1790 gratiae
911 1754 1051 1782 invenitur
1073 1755 1185 1790 repleta.

342 1801 424 1837 Virgo
446 1808 565 1837 namque
586 1801 669 1828 Maria
691 1800 743 1829 fuit
765 1801 864 1829 mulier
881 1801 1029 1833 vti-tuom,
1044 1801 1185 1837 speciosa,

339 1847 474 1884 qratiosa
495 1851 522 1875 et
543 1847 671 1885 officiosa
693 1847 772 1875 iuxta
794 1847 977 1884 proprietates
998 1848 1159 1884 praedictas.

421 1894 436 1921 l.
460 1894 519 1922 Fuit
540 1902 659 1930 namque
675 1894 774 1922 mulier
796 1894 944 1927 virtuosa,
960 1894 1033 1923 unde
1047 1894 1187 1931 designata

342 1940 394 1968 tuit
414 1948 463 1976 per
486 1941 574 1973 nuum
597 1941 669 1968 Ruth
693 1941 773 1969 tertio
788 1942 815 1968 4:
839 1940 897 1969 Scit
929 1941 1023 1969 omnis
1042 1941 1185 1977 populus,

342 1987 393 2024 qui
413 1986 526 2015 habitat
546 1987 627 2015 iutra
645 1991 749 2024 portas
772 1987 855 2015 urbis
875 1996 969 2021 meae,
991 1988 1141 2016 mulierem
1164 1992 1188 2016 te

342 2042 400 2062 esse
421 2034 546 2062 virtutis.
570 2034 674 2062 Mulier
688 2042 808 2071 namque
823 2034 942 2062 virtutis
963 2034 1014 2062 fuit
1037 2035 1118 2071 Virgo
1133 2035 1187 2063 Ma-

344 2081 400 2109 ria:
423 2081 526 2117 primo,
553 2085 666 2117 propter
691 2081 917 2109 sanctitudinem
946 2081 977 2109 iu
998 2081 1187 2118 respuendis,-

343 2128 432 2156 ludith
454 2131 564 2156 octavo:
589 2127 673 2156 Nunc
695 2136 749 2156 ora
769 2137 825 2164 pro
840 2128 938 2162 uobis,
960 2128 1101 2166 quoniam
1122 2137 1187 2156 mu>-

343 2174 395 2202 lier
416 2179 520 2203 sancta
542 2183 570 2202 es
591 2179 616 2203 et
638 2175 741 2203 timeus
758 2176 866 2208 Deum.;
887 2179 1002 2208 sancta,
1019 2183 1067 2212 per
1089 2183 1186 2212 seque-

342 2222 500 2250 strationem
529 2222 563 2250 ab
591 2222 664 2250 omni
694 2222 868 2250 immunditia
896 2223 1003 2255 carnis,
1032 2226 1056 2250 ct
1085 2222 1187 2250 timeus

345 2269 443 2301 Deum,
466 2277 515 2305 per
526 2269 724 2305 elongationem
741 2270 775 2298 ab
796 2270 868 2298 omni
886 2269 1057 2298 immunditia
1072 2269 1186 2303 mentis;

342 2319 369 2343 et
389 2316 427 2344 sic
451 2316 552 2344 munda
573 2320 631 2344 erat
653 2316 689 2344 ab
708 2317 788 2344 omui
808 2316 1008 2354 inquinatione
1036 2317 1137 2345 carnis
1163 2320 1187 2344 et

343 2363 482 2398 spiritus,
503 2371 535 2391 ac
556 2371 605 2399 per
627 2364 678 2392 hoc
701 2364 860 2400 perficiebat
888 2364 1129 2393 sanctificationem
1159 2365 1185 2392 in

344 2410 441 2437 timore
464 2410 526 2443 Dei,
547 2410 627 2438 iuxta
641 2410 836 2439 documentum
859 2411 986 2447 Apostoli,
1002 2411 1138 2439 secundae
1152 2411 1186 2439 ad

344 2456 498 2484 Corinthios
519 2457 648 2493 septimo:
672 2457 844 2485 illuminemus
859 2466 911 2485 nos
932 2457 968 2485 ab
990 2458 1071 2485 omui
1090 2457 1186 2495 iuqui-

344 2507 477 2530 uamento
499 2503 599 2531 carnis
620 2507 645 2531 et
665 2504 799 2540 spiritus,
819 2504 998 2541 pei-ficientes
1019 2503 1186 2539 sanctifica-

345 2548 447 2576 tionem
469 2549 498 2576 iu
518 2550 618 2577 timore
637 2550 692 2578 Dei.
710 2566 746 2571 —
761 2551 894 2584 Secundo,
910 2555 1023 2587 propter
1039 2551 1186 2579 rectitudi-

345 2604 407 2623 uem
423 2595 453 2622 in
468 2595 621 2632 elipantum
638 2597 814 2625 Ecclesiastici
831 2598 961 2634 vigesimo
976 2600 1055 2626 sexto
1068 2598 1094 2625 ⁵:
1110 2598 1186 2626 Fun-

345 2642 480 2669 damenta
501 2647 619 2670 aeterua
639 2651 731 2679 supra
752 2647 866 2680 petram
888 2644 1029 2677 solidam,
1051 2648 1075 2672 et
1102 2653 1186 2672 maii-

929 178 1101 207 SERMONES
1122 177 1165 206 DE
1187 177 1214 205 B.
1237 176 1368 205 VlRGlNE
1389 176 1496 204 MARlA.

1240 255 1312 282 (latu
1333 254 1383 282 Dei
1403 254 1433 282 in
1448 254 1534 282 corde
1547 253 1681 282 mulieris
1695 257 1823 288 sauctae,
1839 254 1912 291 quia,
1934 255 2085 284 secundum

1241 301 1314 337 quod
1342 301 1443 329 dicitur
1472 300 1597 329 Matthaei
1628 300 1760 337 septimo,
1783 301 1894 335 omnis,
1923 301 1975 339 qui
2001 303 2086 331 audit

1242 347 1329 375 verba
1351 355 1414 375 mea
1436 345 1506 375 lutee
1527 346 1639 383 etfacit
1654 355 1698 380 ea,
1721 347 1937 376 assimilabitur
1958 348 2023 377 viro
2037 357 2086 377 sa-

1240 393 1339 431 pienti,
1361 393 1413 431 qui
1433 393 1598 429 aedificavit
1613 393 1732 422 (tomum
1746 402 1833 422 suam,
1848 403 1944 432 sttpm
1960 400 2084 432 petram.

1241 441 1322 474 Talis,
1346 449 1397 468 non
1420 443 1461 469 est
1482 440 1608 474 dubium,
1630 440 1682 469 fuit
1706 441 1790 478 Virgo
1811 442 1902 470 Maria.
1925 459 1964 462 —
1984 442 2085 476 Tertia

1242 491 1355 524 propter
1376 486 1580 524 fortitudinem
1606 487 1637 516 in
1657 488 1826 517 sustinendo
1834 499 1843 522 ;
1873 489 2084 518 Proverbiorum

1242 534 1340 562 ultimo
1352 534 1378 562 ⁶:
1395 534 1542 562 Mulierem
1554 533 1659 572 fortem
1670 535 1735 573 quis
1750 535 1892 564 inveniet?
1903 536 1973 565 Haec
1988 536 2087 565 mulier

1242 580 1325 617 Virgo
1347 581 1431 608 Maria
1452 580 1518 613 suit,
1540 588 1612 617 quae
1633 584 1746 618 propter
1770 582 1884 610 multam
1906 583 2085 612 constantiam

1242 627 1419 664 singulariter
1435 627 1537 663 placuit
1559 627 1628 661 Deo;
1653 628 1830 656 Ecclesiastici
1846 629 1978 665 vigesimo
1992 633 2086 658 sexto:

1243 673 1347 703 Mulier
1374 672 1463 710 fortis
1491 673 1609 702 oblectat
1636 675 1734 702 virum
1763 683 1851 703 suum.
1872 679 1923 704 etc.
1947 693 1982 696 —
2010 677 2088 706 {uxta

1243 722 1314 750 hanc
1335 721 1462 754 formam,
1484 721 1505 750 si
1528 721 1642 750 virtuosi
1659 729 1718 750 esse
1739 722 1884 756 volumus,
1907 731 2016 752 necesse
2037 727 2087 758 est,

1244 771 1274 796 nt
1289 768 1453 804 incipiamus
1467 776 1483 796 a
1497 768 1681 797 sanctitudine
1696 776 1745 805 per
1760 771 1947 806 contemptum
1963 770 2086 799 omnium

1245 815 1447 843 mundanorum
1470 818 1497 843 et
1518 815 1764 852 sequestrationem
1787 816 1910 844 omnium
1936 817 2087 846 carnalium

1244 861 1460 895 desideriorum,
1482 865 1508 890 et
1530 862 1581 890 hoc
1604 869 1652 898 per
1673 862 1833 898 amplexum
1855 863 1956 897 crucis,
1980 867 2007 892 et
2028 867 2088 900 post

1244 911 1417 937 transeamus
1437 909 1469 937 ad
1494 908 1685 937 rectitudinem
1712 917 1761 946 per
1782 909 1983 939 observantiam
2013 919 2088 939 man-

1244 955 1373 983 datorum
1394 958 1421 983 et
1443 956 1531 984 zelum
1553 956 1661 984 divinae
1684 956 1757 992 legis.
1780 957 1887 993 Quibus
1909 957 2021 992 habitis,
2050 958 2088 986 fa-

1244 1003 1295 1031 cile
1315 1006 1356 1031 est
1377 1003 1522 1039 pervenire
1544 1003 1575 1031 ad
1605 1003 1784 1031 constantiam
1814 1003 1995 1038 fortitudinis,
2023 1005 2088 1033 alio-

1244 1048 1320 1085 quin,
1343 1049 1363 1077 si
1387 1052 1497 1077 terrena
1518 1049 1657 1085 diligimus
1678 1052 1705 1077 et
1728 1049 1812 1086 legem
1834 1050 1954 1078 divinam
1970 1058 2024 1078 non
2045 1058 2088 1079 ze-

1246 1095 1342 1129 lamus,
1364 1095 1532 1132 impossibile
1553 1099 1603 1129 est,
1625 1095 1698 1132 quod
1721 1096 1746 1123 in
1770 1096 1943 1132 passionibus
1957 1096 2041 1125 fortes
2062 1100 2089 1125 et

1244 1142 1377 1178 patientes
1398 1142 1492 1170 simus.

1325 1188 1351 1216 ll.
1376 1189 1435 1217 Fuit
1456 1189 1536 1217 etiam
1561 1189 1660 1218 mulier
1687 1190 1834 1226 speetosa;
1857 1190 1928 1219 unde
1951 1191 2088 1228 figuratur

1244 1243 1292 1272 per
1314 1236 1431 1272 Abigail;
1454 1236 1534 1272 primi
1558 1237 1660 1272 Regum
1694 1237 1826 1273 vigesimo
1854 1237 1951 1274 quinto
1966 1238 1991 1265 ⁷:
2015 1238 2089 1266 Erat

1244 1282 1363 1319 Abiqait
1383 1282 1490 1311 *mulier
1502 1283 1734 1319 priateutissima
1755 1287 1781 1311 ct
1797 1284 1936 1320 speciosa.
1953 1284 2088 1321 Speciosa

1244 1337 1362 1365 namque
1384 1329 1435 1358 fuit
1450 1330 1533 1366 Virgo
1555 1330 1653 1358 Maria:
1673 1330 1771 1366 primo,
1788 1334 1900 1367 propter
1915 1330 2087 1359 honestatem

1243 1380 1382 1408 actuum,-
1415 1376 1504 1404 ludith
1537 1376 1697 1405 undecimo:
1728 1376 1792 1405 Nou
1818 1381 1859 1405 est
1886 1377 1953 1406 talis
1984 1377 2089 1406 mulier

1242 1431 1331 1459 super
1353 1426 1462 1451 terram
1496 1423 1527 1451 iu
1549 1427 1684 1460 aspectu,
1717 1424 1747 1452 in
1776 1424 1976 1461 pulcritudine
2006 1428 2032 1453 et
2058 1425 2089 1453 in

1242 1478 1330 1497 sensu
1353 1469 1516 1498 imrborum.
1540 1470 1603 1498 Erat
1627 1470 1699 1498 enim
1721 1471 1788 1499 adeo
1814 1471 1928 1500 honesta
1950 1471 1976 1500 in
1998 1471 2090 1500 verbis

1243 1520 1270 1545 et
1290 1516 1377 1551 factis,
1400 1520 1430 1545 ut
1451 1526 1467 1545 a
1489 1517 1564 1545 nullo
1586 1521 1677 1554 posset
1699 1518 1726 1546 in
1747 1518 1840 1555 aliquo
1862 1518 2035 1555 reprehendi.
2051 1536 2090 1539 —

1243 1564 1381 1598 Secundo,
1398 1567 1510 1600 propter
1525 1564 1719 1601 iutegritatem
1734 1573 1891 1598 sensuum,-
1912 1565 2088 1595 Ecclesiastici

1244 1611 1384 1648 trigesimo
1406 1615 1500 1640 sexto:
1524 1612 1635 1648 Species
1656 1612 1789 1640 mulieris
1810 1611 1959 1641 eachilurat
1982 1612 2088 1650 faciem

1242 1658 1303 1686 viri
1322 1659 1371 1686 ‚sui
1391 1663 1416 1686 et
1436 1667 1525 1695 super
1546 1667 1658 1687 omnem
1680 1659 1943 1696 concupiscentiam
1964 1658 2089 1688 lzomtm's

1242 1705 1412 1741 superducit
1427 1705 1613 1733 aestuarium.
1630 1706 1701 1733 Nihil
1715 1706 1787 1734 enim
1807 1710 1849 1734 est
1869 1706 1936 1735 adeo
1958 1706 2087 1743 placitum

1245 1752 1318 1785 viro,
1340 1753 1411 1780 sicut
1433 1752 1525 1781 videre
1547 1753 1698 1781 castitatem
1714 1756 1741 1781 et
1757 1753 1939 1790 integritatem
1957 1753 1983 1782 in
1999 1761 2089 1782 uxore

1244 1807 1302 1832 sua,
1325 1807 1395 1835 quae
1418 1799 1540 1835 plenaria
1561 1799 1612 1827 fuit
1635 1800 1661 1827 in
1684 1800 1796 1836 Virgine
1817 1800 1910 1833 Maria,
1935 1800 2088 1829 secundum

1243 1846 1316 1882 quod
1333 1846 1419 1874 Lucae
1435 1847 1524 1883 primo
1536 1846 1547 1862 ⁸
1561 1846 1633 1874 dixit
1648 1847 1762 1883 Angelo:
1780 1847 1927 1882 Quomodo
1938 1847 1986 1883 fiet
2001 1847 2088 1881 istud,

1244 1893 1383 1930 quoniam
1407 1893 1504 1921 cirum
1526 1901 1583 1921 non
1611 1893 1771 1930 coquosco?
1792 1910 1830 1914 —-
1851 1894 1952 1928 Tertio,
1975 1898 2088 1931 propter

1243 1940 1439 1968 sinceritatem
1454 1939 1629 1977 affectatum
1652 1941 1763 1969 Genesis
1777 1941 1941 1970 duodecimo
1956 1941 1982 1969 ⁹:
2005 1940 2088 1974 Novi,

1244 1987 1320 2025 quod
1339 1987 1447 2024 pulcra·
1469 1987 1510 2015 sis
1531 1987 1654 2020 wuelier;
1676 1988 1722 2015 (lic
1740 1996 1818 2025 erqo,
1834 1987 1948 2016 obsecro
1964 1992 1998 2021 te,
2013 1988 2090 2026 quod

1244 2043 1329 2062 soror
1350 2043 1415 2062 mea
1439 2035 1498 2067 sis‚·
1523 2034 1633 2071 quaudo
1662 2035 1743 2063 habet
1764 2035 1798 2063 ad
1819 2043 1882 2063 eum
1904 2035 2089 2064 sinceritatem

1244 2081 1346 2109 amoris
1368 2081 1451 2115 casti,
1474 2089 1555 2118 quem
1578 2090 1699 2110 amorem
1723 2081 1819 2110 habuit
1841 2082 1924 2118 Virgo
1944 2081 2028 2110 Maria
2055 2082 2089 2110 ad

1244 2129 1347 2162 Deum3
1370 2128 1430 2156 ideo
1450 2136 1536 2156 soror
1557 2131 1584 2156 et
1598 2136 1707 2165 sponsa
1728 2128 1830 2157 dicitur
1845 2128 1872 2156 in
1894 2128 2011 2157 Canticis
2026 2136 2089 2157 can*

1244 2176 1371 2204 ticorum.
1387 2191 1425 2196 ——
1440 2175 1554 2212 Propter
1570 2176 1640 2204 hauc
1662 2175 1796 2212 triplicem
1815 2175 2027 2212 pulcritudinem
2042 2175 2089 2204 de—

1244 2222 1402 2259 signandam
1420 2223 1445 2250 in
1468 2231 1568 2259 sponsa
1588 2226 1615 2251 et
1636 2223 1748 2260 Virgine
1765 2223 1848 2251 Maria
1863 2223 1982 2260 Spiritus
2003 2223 2087 2251 sancti

1244 2270 1374 2299 instinctu
1397 2278 1495 2306 sponsa
1517 2270 1543 2298 in
1565 2270 1683 2298 Canticis
1706 2273 1745 2298 ter
1767 2270 1868 2298 dicitur
1886 2268 2089 2307 pulcherrima

1244 2316 1410 2344 mulierum.
1433 2317 1498 2344 Nam
1516 2316 1603 2353 capite
1621 2316 1709 2353 primo
1723 2316 1840 2344 dicitur:
1863 2316 1896 2345 Si
1916 2316 2038 2353 ignoras
2053 2319 2087 2350 te,

1243 2372 1259 2391 o
1273 2362 1473 2400 pulcherrima
1489 2363 1563 2391 iuter
1579 2363 1714 2391 mulieres
1728 2367 1795 2396 etc.;
1815 2366 1841 2391 et
1856 2363 1969 2400 quinto:
1986 2362 2089 2399 Qualis

1243 2414 1282 2438 est
1301 2410 1419 2438 dilectus
1445 2414 1523 2443 tuus,
1552 2419 1567 2438 ο
1586 2409 1789 2446 pulcherrima
1813 2409 1991 2439 mulierum?
2013 2412 2040 2438 et
2060 2409 2087 2437 in

1243 2457 1337 2485 eodem
1356 2457 1472 2485 iterum:
1497 2457 1560 2492 Quo
1581 2456 1653 2485 abiit
1674 2457 1793 2485 dilectus
1816 2461 1900 2489 tuus,
1922 2465 1938 2485 o
1954 2455 2088 2493 putcher-

1242 2504 1322 2532 rima
1343 2504 1522 2532 mulierum?
1550 2504 1577 2532 In
1599 2512 1655 2541 quo
1677 2504 1833 2533 insinuatur
1861 2504 1946 2532 huius
1975 2503 2089 2540 triplicis

1244 2551 1437 2587 pulcritudinis
1452 2551 1592 2587 singulare
1607 2551 1798 2587 privilegium,
1820 2554 1934 2587 propter
1948 2550 2023 2587 quod
2036 2549 2088 2578 fuit

1243 2598 1441 2634 speciosissima
1464 2598 1611 2626 mulierum
1638 2606 1691 2626 non
1720 2597 1906 2634 pulcritudine
1934 2605 2016 2631 vana,
2041 2596 2087 2625 sed

1242 2644 1429 2680 pulcritudine
1457 2652 1537 2677 vera,
1566 2644 1599 2672 ad
1627 2652 1710 2681 quam
1739 2644 1839 2673 debent
1870 2643 1961 2672 conari
1993 2650 2088 2672 omnes

408 2817 415 2830 ¹
435 2818 498 2840 Vers.
518 2819 554 2840 26.

407 2855 415 2868 ²
434 2858 463 2878 Ex
481 2857 560 2879 iisdem
575 2858 646 2888 codd.
665 2859 792 2881 Monac-ensi
811 2860 848 2881 fol.
870 2861 910 2882 192
928 2867 954 2887 r.⁷
973 2861 1068 2883 Tudert.
1087 2862 1124 2883 fol.
1145 2861 1186 2882 l77

345 2901 364 2916 r.
381 2898 402 2916 et
419 2896 488 2917 Assis.
507 2897 543 2917 sol.
560 2897 588 2917 52
607 2903 629 2918 v.
984 2899 993 2911 ⁵
1012 2900 1076 2921 Eccli.
1095 2900 1132 2927 26,
1150 2900 1186 2921 21.

407 2933 416 2946 ¹
435 2935 498 2956 vers,
520 2936 557 2961 ll;
575 2939 703 2963 sequuntur
721 2937 792 2958 ludith
811 2938 831 2963 8,
851 2938 887 2959 29.
905 2941 925 2960 et
944 2939 966 2960 ll.
984 2938 1035 2960 Cor.
1053 2939 1074 2965 Τ,
1096 2941 1114 2961 1.

408 2972 417 2984 ⁵
437 2973 498 2995 Vei-s.
517 2974 559 3000 ‘zi-3
577 2975 680 3002 seqnitur
697 2975 773 2997 Manlii
792 2976 813 3003 7,
831 2975 867 2997 24.

1306 2820 1315 2833 ⁰
1332 2822 1387 2849 (Ἑρ.
1405 2822 1442 2848 31,
1464 2822 1500 2849 1ος
1519 2822 1623 2850 seqnitur
1641 2822 1705 2844 Eccli.
1725 2822 1764 2848 26,
1783 2822 1803 2843 2.

1304 2858 1312 2871 ⁷
1333 2861 1397 2882 Vers.
1416 2861 1441 2886 ὃς
1459 2864 1588 2889 sequnntur
1606 2861 1679 2883 ludith
1699 2861 1734 2889 11,
1757 2861 1788 2882 19.
1807 2863 1828 2882 et
1847 2860 1911 2882 Eccli.
1925 2860 1961 2887 36,
1979 2860 2016 2881 24.

1305 2898 1314 2911 Β
1333 2899 1396 2921 Vers.
1415 2899 1451 2920 34.

1305 2936 1315 2950 ⁹
1333 2938 1397 2960 Vei-s.
1420 2939 1452 2960 11.
1477 2939 1517 2965 Ἰ13;
1540 2938 1624 2960 deiude
1647 2938 1767 2966 respicitur
1788 2937 1853 2960 Cant.
1877 2938 1901 2965 4,
1926 2938 1951 2964 9;
1975 2943 1994 2959 c.
2020 2938 2038 2964 l,
2060 2937 2086 2964 7;

1243 2983 1262 2998 c.
1281 2977 1302 3003 5,
1320 2978 1341 2998 9.
1359 2980 1380 2998 et
1397 2984 1416 2999 c.
1435 2977 1459 3003 5,
1482 2977 1515 2999 17.

2104 450 2130 469 De
2143 450 2204 469 tortio.

2106 683 2195 702 Hui-tatio.

2105 1198 2151 1216 Pars
2164 1198 2184 1216 ll.
2199 1197 2225 1217 De

2103 1222 2181 1240 muliere
2193 1227 2201 1239 s
2215 1226 2233 1240 e·

2104 1246 2155 1264 ciosa
2167 1245 2203 1268 trip
2212 1245 2227 1263 i·

2138 1268 2192 1287 citer.

2107 1339 2134 1357 De
2146 1338 2218 1366 ratione

2129 1367 2196 1385 prima.

2108 1573 2134 1592 Do
2144 1573 2233 1592 secunda.

2109 1902 2135 1921 De
2148 1901 2209 1920 tertia.

2107 2183 2134 2202 De
2146 2183 2176 2201 his
2187 2182 2219 2201 tri-

2143 2206 2184 2225 bus.
