2243 3348
0 634 7 651 i
36 634 83 653 Pars
95 634 109 653 l.

12 1054 57 1079 'plex
69 1059 108 1073 coi·-

12 1082 108 1120 {gi-aepa-

0 1162 6 1203 “’““
0 995 14 1157 π’*
0 674 12 990 Wr—TfXg-—z

13 1102 26 1120 Ε
18 849 21 852 .

0 1473 4 1499 i
11 1476 30 1494 ‘ie
42 1475 108 1499 prima.

0 2304 1 2312 i

0 2317 2 2347 i

0 2354 3 2399 Ξ
12 2369 15 2383 i
27 2362 115 2382 secunda.

1 2401 3 2429 i

780 173 938 202 DOMlNlCA
960 174 992 202 IN
1014 173 1223 202 SEXAGESIMA.

127 253 302 292 praeparatio
323 253 409 282 nostri
431 253 537 287 cordis;
561 252 681 281 secundo
695 253 808 280 notatur
828 250 912 279 divini
931 258 973 279 se-

127 300 209 328 minis
230 300 311 328 firma
331 299 485 336 susceptio,
507 307 570 328 eum
585 298 665 327 dicit:
682 297 713 326 bi
729 301 808 331 sunt,
823 297 875 335 qui
888 296 973 325 corde

128 346 200 375 bono
221 350 247 375 et
266 347 372 384 optimo
394 346 544 374 audientes
558 345 678 374 verbum
694 344 833 377 retineam
855 343 902 372 sed
917 346 973 371 ter-

127 393 165 422 tio
186 396 299 422 notatur
320 393 423 430 recepti
445 392 557 421 seminis
571 395 749 428 temporanea
769 389 971 428 fructificatio,

127 448 190 469 cum
212 439 364 469 subinfert:
386 442 412 468 et
431 438 565 476 fructum
586 437 715 475 afferunt
728 436 925 474 inpatientia,
940 444 972 465 eo

126 487 200 524 quod
221 487 427 524 persecutiones
448 486 583 522 patienter
611 485 748 514 sustinent
776 487 889 520 propter
910 490 972 511 ver-

126 534 193 562 bum
215 533 262 562 Dei
285 537 312 561 et
327 533 417 561 omnia
433 532 504 560 mala
519 539 622 568 poenae
637 531 694 560 sive
709 531 784 562 illata
798 530 855 558 sive
870 530 970 557 innata.

205 580 223 607 1.
246 579 336 607 Primo
357 586 423 615 ergo
444 578 471 606 in
493 578 578 606 verbo
593 577 733 614 proposito
754 578 866 604 notatur
885 575 972 604 nostri

127 626 224 655 corclis
245 626 340 654 debita
358 625 564 662 praeparatio,
580 632 642 652 cum
665 623 745 652 dicit:
770 623 853 659 Quod
874 625 972 650 autem

126 673 279 702 interram
295 672 408 701 bonam.
424 671 562 700 Debemus
576 674 669 699 autem
684 673 811 699 nostrum
827 677 884 703 cor,
897 668 972 705 quod

126 720 179 749 suh
201 720 363 756 metaphora
384 718 474 747 bonae
495 722 591 746 terrae
612 717 739 746 Christus
763 716 910 750 describit,
938 715 972 743 ad

126 765 238 794 modum
262 769 352 794 terrae
374 764 581 793 multiformiter
603 771 778 801 praeparare.
800 763 876 791 'runc
898 762 972 791 enim

126 813 173 841 illa
193 815 269 841 terra
289 812 439 840 materialis
460 814 502 840 est
521 811 591 840 bene
613 813 777 848 praeparata
806 813 832 838 et
857 808 891 837 ad
912 808 971 837 sru-

126 863 201 888 ctum
223 859 363 896 disposita,
385 858 495 896 quando
517 861 558 886 est
578 858 668 894 primo
683 865 699 885 a
712 856 800 885 malis
818 855 972 884 radicibus

126 906 307 943 exstirpata;
335 905 472 939 secundo,
504 905 591 943 aquis
615 903 797 941 pluvialibus
822 902 971 939 irriyala;

126 952 217 987 tertio,
240 952 388 981 caloribus
409 951 477 980 solis
499 951 631 988 opposita
647 951 668 984 ¹,
690 952 721 978 ut
742 950 781 978 sic
801 949 892 977 calore
907 949 971 977 solis

126 998 235 1027 vivifico
255 998 410 1032 incalescat,
431 1001 463 1026 ut
484 997 589 1034 possint
603 997 701 1025 iactata
715 995 820 1025 semina
834 997 970 1031 vegetare.

126 1045 176 1074 Per
197 1046 273 1074 hunc
293 1045 415 1078 modum,
437 1045 458 1073 si
481 1044 619 1077 volumus,
640 1043 714 1080 quod
729 1050 776 1071 cor
791 1046 917 1070 nostrum
937 1041 972 1069 sit

125 1093 195 1122 bene
215 1096 411 1129 praeparatum
433 1094 461 1119 et
480 1091 515 1119 ad
539 1090 661 1119 fructum
691 1090 777 1118 honae
805 1087 972 1125 operationis

126 1139 305 1176 dispositum,
335 1138 425 1175 primo
445 1137 526 1166 debet
547 1137 710 1174 exstirpari
729 1144 745 1164 a
766 1135 852 1172 spinis
877 1142 971 1171 pecca-

127 1189 219 1215 torum
242 1185 381 1219 omnium;
404 1184 533 1218 secundo,
556 1183 685 1221 irriyari
704 1183 784 1220 aquis
809 1181 972 1218 lacrymabi—

126 1233 195 1262 lium
217 1232 477 1269 compunctionum3
500 1231 546 1260 sed
568 1231 649 1259 tertio
677 1230 758 1259 dehet
787 1228 974 1266 inflammari

126 1279 259 1308 incendiis
289 1279 446 1307 divinorum
479 1277 696 1311 desideriorum,
725 1284 845 1313 quorum
882 1275 972 1303 calore

126 1326 235 1355 vivifico
256 1325 342 1362 possit
356 1328 484 1362 vegetare
500 1327 642 1360 receptum
658 1327 741 1360 atque
757 1326 895 1351 retentum
912 1329 972 1349 ver-

126 1372 193 1401 bum
216 1372 274 1406 Dei,
296 1374 328 1400 ut
349 1371 467 1407 pullulet
488 1371 514 1399 in
537 1378 649 1407 germen
672 1370 759 1398 bonae
779 1368 954 1405 operationis.

209 1419 300 1447 Primo
321 1418 402 1447 dehet
423 1422 499 1446 terra
529 1417 615 1445 nostri
645 1416 735 1445 cordis
763 1415 926 1451 exstirpari
954 1423 973 1442 a

126 1466 214 1495 malis
235 1465 388 1494 radicibus
406 1468 615 1501 peccatoram,·
637 1463 710 1491 unde
731 1463 833 1491 dicitur
859 1462 973 1489 Prover-

126 1513 236 1542 biorum
258 1512 460 1541 duodecim02:
495 1511 553 1547 Qui
578 1514 718 1546 operatur
747 1513 856 1537 terram
885 1516 973 1536 suam

127 1559 288 1588 satiabitur
306 1558 446 1595 patlibus,
462 1558 513 1596 qui
528 1561 624 1586 autera
646 1560 775 1585 sectatur
790 1556 881 1584 otium
902 1555 974 1583 ettil-

128 1607 261 1636 tissimus
281 1609 329 1634 est.
345 1622 383 1625 —
400 1606 457 1641 Qui
471 1609 612 1641 operatur
627 1607 748 1637 terram,
763 1602 891 1639 propriae
910 1610 974 1630 con-

128 1654 273 1687 scientiae,
302 1652 443 1682 eveliendo
470 1659 506 1680 ex
538 1659 570 1679 ea
597 1658 696 1687 vepres
724 1650 854 1678 vitiorum
885 1649 974 1685 gladio

127 1704 225 1730 acutae
246 1698 474 1736 compunctionis,
496 1697 676 1734 exstirpando
691 1697 783 1733 spinas
798 1700 973 1733 peccatorum

128 1747 263 1777 exercitio
283 1746 421 1784 perfectae
442 1745 621 1774 confessionis
642 1747 668 1772 et
689 1743 841 1772 amovendo
870 1743 974 1771 urticas

129 1794 266 1823 malornm
295 1792 496 1821 desideriorum
524 1790 723 1820 exercitatione
755 1789 915 1826 disciplinae
948 1791 975 1817 et

129 1840 364 1874 mortificationis;
386 1838 546 1867 satiabitur
572 1837 718 1874 panibus,
746 1836 883 1865 honorum
910 1843 975 1871 ope-

128 1895 201 1917 rum.
220 1887 277 1923 Qui
297 1890 394 1915 citatem
415 1888 545 1914 sectatur
561 1885 650 1913 otium
667 1886 695 1912 et
708 1883 830 1916 dimittit,
846 1890 904 1911 cam
921 1885 975 1910 ste-

129 1935 259 1963 rilescere
288 1933 373 1970 spinis
400 1932 549 1966 vitiorum,
581 1931 714 1967 vepribus
742 1933 918 1966 peccatorum
949 1931 975 1956 et

129 1981 227 2010 urticis
249 1981 384 2008 maiorum
407 1979 623 2011 desideriorum,
645 1977 836 2005 stultissimus
856 1980 903 2004 est.
926 1976 975 2003 Bo-

129 2036 197 2057 num
219 2031 260 2056 est
281 2027 381 2064 igitur,
404 2026 560 2059 carissime,
582 2025 691 2061 operari
707 2028 809 2053 terram
833 2026 922 2057 tuam,
944 2026 976 2050 ut

130 2075 237 2104 celticas
262 2082 371 2111 panem
399 2074 433 2102 dc
459 2076 558 2106 terra,
584 2075 610 2100 ct
638 2071 737 2100 vinum
767 2069 899 2106 laetificet
925 2078 975 2097 cor

130 2121 272 2155 bominis,
295 2120 448 2150 secundum
470 2119 543 2156 quod
564 2118 666 2147 dieitur
688 2118 715 2146 in
737 2117 851 2145 Psalmo.
880 2133 915 2137 —
943 2116 976 2144 Ut

130 2160 237 2198 educas
256 2176 374 2205 panem,
395 2167 483 2195 bonae
497 2165 664 2203 operationis
678 2164 711 2193 ad
734 2164 928 2197 reficienduiu;
944 2163 977 2191 tle

131 2219 229 2249 terra,
257 2214 386 2251 propriae
414 2213 610 2247 conscientiae3
632 2215 659 2240 et
685 2211 798 2244 vitium,
827 2210 976 2239 internae5

130 2262 283 2291 devotionis
303 2261 337 2290 ad
358 2260 570 2290 laetificandum.

211 2308 336 2337 Secundo
354 2308 435 2337 debet
449 2311 525 2336 terra
539 2306 625 2335 nostri
642 2306 732 2335 cordIs
748 2304 878 2342 iri-iyari
891 2304 978 2342 aquis

133 2355 372 2394 lacrymabilium
388 2354 660 2391 coiizpuuctiouuuz,·
681 2352 755 2381 unde
776 2352 898 2381 Indicum
923 2351 978 2388 pri—

133 2412 178 2432 mo
193 2404 205 2420 4
218 2414 223 2431 :
244 2403 288 2431 Da
302 2401 376 2430 milti
390 2401 621 2434 benedictionem,
637 2400 708 2438 quia
724 2402 835 2428 terram
850 2402 978 2427 arentem

134 2450 238 2479 dedisti
257 2448 346 2483 milti,
368 2449 408 2477 cla
429 2451 453 2476 et
474 2448 622 2484 irriffuam
646 2447 740 2485 aquis.
760 2446 857 2474 Fidelis
877 2445 978 2479 anima,

133 2504 299 2534 cognoscens
327 2494 595 2532 experimentaliter,
621 2494 805 2530 lacrymarum
837 2492 979 2521 abundan—

133 2547 188 2572 tem
211 2543 372 2572 effusionem
394 2545 421 2570 et
442 2541 532 2570 cordis
554 2541 713 2569 affluentem
739 2539 977 2576 compunctionem

133 2598 188 2618 non
209 2598 269 2619 esse
290 2598 306 2617 a
321 2597 349 2618 se
365 2589 433 2625 ipsa,
449 2587 496 2616 sed
517 2596 533 2616 a
548 2587 619 2621 Deo;
641 2587 701 2615 ideo
716 2586 750 2615 ab
771 2586 830 2623 ipso
850 2586 918 2622 petit
933 2586 979 2614 be-

134 2637 315 2666 nedictionem
338 2635 521 2672 irrigationis:
547 2635 591 2662 Da
612 2633 687 2662 iuilti
707 2633 937 2667 benedictionem,
953 2636 981 2662 et

134 2691 184 2720 ego
198 2683 277 2720 aquis
293 2682 510 2718 lacrymabilium
527 2681 770 2717 compunctionum
789 2680 910 2716 irrigabo
925 2680 980 2708 ari-

1815 179 1868 206 199

1029 250 1091 279 dam
1113 254 1224 279 terram
1245 251 1440 286 conscientiae;
1457 252 1521 281 huic
1536 253 1662 281 convenit
1677 253 1749 289 quod
1770 254 1871 283 dicitur

1029 297 1056 325 in
1079 297 1200 326 Psalmo:
1222 298 1334 326 Anima
1352 307 1417 327 mea
1434 299 1511 327 sicut
1529 302 1610 327 terra
1631 299 1692 327 sine
1713 308 1792 338 aqua
1811 300 1869 329 tibi.

1037 343 1169 372 Velociter
1184 344 1294 373 exaudi
1307 353 1360 378 me,
1379 345 1508 379 Dotiiiuc,
1523 344 1624 382 defecit
1638 346 1762 382 spiritus
1780 354 1869 375 meus

1030 406 1067 411 —-
1088 390 1259 427 Cognoscens
1280 391 1366 420 David
1393 391 1496 426 fidelis,
1518 392 1636 420 animam
1658 400 1736 420 suam
1762 393 1795 421 ad
1817 401 1872 421 mo-

1028 436 1095 465 dum
1116 440 1207 465 terrae
1229 438 1322 466 aridae
1343 446 1396 466 non
1418 446 1497 474 posse
1518 438 1672 475 producere
1696 446 1808 475 germen
1823 439 1871 467 bo-

1029 490 1079 511 nae
1100 483 1268 519 operationis
1289 484 1347 512 sine
1368 492 1440 521 aqua
1455 485 1639 521 lacrymabilis
1653 485 1871 521 compunctionis

1029 533 1055 558 et
1076 530 1183 566 irriguo
1205 531 1331 559 mentalis
1355 531 1522 565 devotionis,
1545 532 1612 568 petit
1640 532 1692 560 hoc
1712 540 1728 560 a
1756 532 1871 560 Domino

1029 584 1093 604 cum
1124 576 1252 604 instantia
1283 577 1397 606 devotae
1427 577 1559 606 orationis
1590 578 1698 606 dicens:
1739 578 1871 607 Velociter

1029 622 1140 650 encausti
1159 631 1213 656 wie,
1235 623 1325 651 dando
1346 624 1483 660 irriguum
1505 618 1644 653 interioris
1665 625 1817 654 devotionis
1844 629 1871 654 et

1029 668 1177 697 exterioris
1199 669 1417 705 lacrymationis;
1439 670 1511 708 quia
1526 670 1627 707 defecit
1640 671 1765 707 spiritus
1779 679 1869 705 meus,

1029 723 1095 752 prae
1115 716 1242 744 ariditate
1263 716 1387 745 internae
1408 717 1559 745 devotionis
1579 720 1606 746 et
1627 718 1724 746 ardore
1746 722 1872 747 terrenae

1029 762 1187 791 affectionis

1107 809 1200 837 Tertio
1220 808 1301 837 debet
1323 812 1398 837 terra
1419 810 1504 837 nostri
1527 810 1617 838 cordis
1633 810 1817 846 inflammari
1831 811 1872 839 iit-

1029 855 1138 884 comt-tis
1159 855 1328 883 divitiorum
1350 856 1580 889 desideriorium
1601 857 1674 885 unde
1702 857 1802 886 dicitur
1825 859 1872 887 Ec-

1029 902 1170 931 clesiastiei
1188 902 1400 939 quadragesimo
1422 903 1502 931 tertio
1517 903 1543 930 5:
1567 903 1615 931 Sol
1637 903 1666 931 iu
1688 908 1803 940 aspectu
1819 913 1872 932 an-

1028 949 1170 977 nuntians
1185 949 1216 976 iii
1231 949 1320 982 exitu,
1336 958 1389 977 vas
1404 949 1589 983 admirabile,
1605 958 1677 986 opus
1693 950 1804 978 Eoecelsi
1812 961 1820 982 ,·
1842 951 1873 979 iu

1028 995 1193 1023 meridiano
1215 995 1312 1023 ararit
1327 999 1446 1023 terram.
1463 1012 1501 1015 —
1516 995 1573 1029 Sol,
1596 996 1725 1030 iustitiae,
1747 996 1873 1025 Christus

1029 1042 1103 1070 Deus
1130 1045 1239 1076 noster,
1262 1042 1366 1070 habens
1387 1042 1586 1078 speciositatem
1610 1042 1640 1070 iu
1665 1046 1783 1079 aspectu
1805 1043 1873 1071 inte-

1029 1089 1106 1117 riori
1126 1092 1261 1126 quantum
1283 1089 1316 1117 ad
1345 1089 1537 1123 Divinitatem,
1559 1093 1586 1118 et
1610 1090 1640 1118 iu
1662 1094 1779 1126 aspectu
1801 1094 1873 1118 cacte-

1030 1136 1106 1164 riori
1126 1139 1261 1172 quantum
1283 1136 1316 1164 ad
1340 1136 1547 1170 humanitatem,
1566 1140 1606 1165 est
1621 1145 1673 1164 vas
1689 1137 1873 1171 cultuirabile,

1031 1183 1096 1219 quia
1117 1183 1304 1211 contentivum
1337 1183 1622 1219 incomprehensibilis
1649 1183 1818 1217 Divinitatis;
1844 1184 1875 1212 iit

1030 1229 1092 1266 ipso
1114 1229 1185 1257 enim
1208 1228 1354 1258 inhabitat
1378 1229 1570 1266 corporaliter
1592 1229 1740 1266 plenitudo
1765 1230 1875 1258 Divini-

1031 1276 1107 1304 tatis.
1123 1276 1229 1304 Dicitur
1245 1284 1317 1312 opus
1334 1276 1460 1309 Excelsa
1475 1284 1547 1310 nam,
1563 1276 1611 1305 etsi
1629 1277 1760 1305 Excelsus
1775 1277 1874 1306 formet

1030 1330 1125 1351 omnes
1157 1322 1312 1351 adiuvando
1343 1326 1488 1357 naturam,
1509 1326 1599 1352 tamen
1621 1324 1776 1360 specialiter
1797 1324 1875 1352 Chri-

1031 1373 1103 1398 stum
1119 1369 1248 1397 formavit
1268 1369 1407 1406 operando
1429 1377 1514 1406 supra
1535 1373 1672 1398 naturam.
1689 1371 1735 1399 llic
1756 1378 1822 1399 vero
1843 1371 1875 1399 iit

1030 1416 1194 1445 meridiano
1226 1416 1324 1444 exurit
1355 1420 1482 1450 terram,
1505 1417 1607 1445 scilicet
1638 1421 1779 1445 terrenum
1811 1425 1874 1451 cor,

1031 1463 1141 1500 quando
1162 1466 1203 1491 est
1224 1463 1249 1490 in
1273 1462 1465 1491 ardentissimo
1486 1463 1621 1491 desiderio
1643 1463 1693 1492 sui.

1110 1510 1138 1538 ll.
1161 1510 1307 1546 Sequitur:
1331 1509 1361 1537 lii
1381 1514 1459 1543 situl,
1475 1510 1527 1548 qui
1540 1511 1625 1538 corde
1640 1510 1711 1539 bono
1729 1514 1753 1539 et
1768 1511 1874 1548 optimo

1031 1557 1180 1585 audientes
1200 1556 1320 1584 *uerbum
1342 1556 1464 1584 retinent
1472 1567 1481 1589 ;
1503 1556 1549 1585 ubi
1573 1560 1685 1585 notatur
1701 1557 1820 1586 secundo
1834 1558 1874 1585 di-

1031 1604 1085 1632 vini
1107 1603 1227 1632 sentinis
1247 1603 1338 1639 firma
1363 1603 1513 1639 susceptio.
1543 1603 1579 1631 Ad
1602 1603 1668 1636 hoc,
1698 1606 1729 1632 ut
1758 1604 1873 1632 verbum

1031 1650 1078 1678 Dei
1101 1650 1127 1678 in
1150 1649 1279 1678 audiente
1299 1649 1396 1678 afferat
1416 1649 1548 1682 fructum,
1564 1650 1644 1678 debet
1666 1650 1817 1678 secundum
1834 1650 1874 1678 in-

1031 1697 1210 1725 structionem
1234 1696 1358 1724 hodierni
1383 1696 1518 1732 Evangelii
1534 1697 1623 1732 primo
1645 1697 1736 1733 recipi
1755 1697 1812 1725 sive
1826 1705 1875 1725 au-

1031 1743 1082 1772 diri
1105 1746 1266 1772 reverenter
1287 1751 1350 1771 cum
1373 1743 1473 1771 mentis
1494 1743 1676 1779 quietatione3
1699 1743 1818 1772 secundo
1833 1743 1876 1772 de-

1032 1790 1078 1819 bet
1098 1790 1219 1818 retineri
1239 1789 1296 1818 sive
1317 1789 1434 1818 tirmiter
1456 1789 1529 1817 credi
1559 1797 1622 1817 cum
1643 1790 1752 1818 unionis
1780 1790 1877 1818 adhae-

1032 1836 1122 1871 sione;
1145 1836 1191 1864 sed
1213 1835 1294 1864 tertio
1315 1835 1396 1864 debet
1411 1835 1532 1873 intelligi
1545 1836 1688 1872 diligenter
1707 1844 1769 1864 cum
1785 1836 1876 1873 operis

1032 1883 1220 1912 exsecutione.

1111 1930 1201 1958 Primo
1223 1930 1339 1958 verbum
1361 1929 1408 1958 Dei
1431 1929 1511 1958 debet
1532 1932 1692 1958 reverenter
1714 1931 1806 1967 recipi
1819 1931 1876 1959 sive

1033 1977 1121 2006 audiri
1144 1985 1210 2005 cum
1224 1977 1328 2004 menti-5
1343 1977 1532 2014 quielatt'oue,
1554 1984 1586 2005 eo
1601 1976 1675 2013 qnod
1697 1977 1722 2004 in
1744 1977 1876 2005 hodierno

1034 2024 1178 2060 Evangelio
1199 2023 1264 2052 dicit
1286 2024 1418 2052 Dominus
1433 2024 1459 2051 ⁶:
1484 2024 1566 2059 ,Quod
1594 2027 1690 2051 autem
1719 2023 1750 2051 in
1774 2024 1877 2060 spinas

1033 2072 1143 2105 cecidit,
1166 2070 1197 2099 lti
1216 2074 1300 2104 suut,
1315 2070 1367 2108 qui
1381 2070 1541 2099 audierunt
1556 2074 1581 2098 et
1601 2079 1619 2098 a
1633 2070 1877 2099 sollicitudinibus

1033 2122 1057 2146 ct
1078 2118 1189 2146 divitiis
1210 2121 1235 2145 et
1255 2116 1452 2153 voluptatibus
1473 2117 1549 2145 vitae
1576 2120 1672 2145 cztiites
1693 2116 1877 2154 suffocantur

1034 2169 1058 2193 et
1079 2173 1137 2193 uon.
1158 2164 1291 2201 referunt
1318 2163 1460 2201 fructum.
1487 2164 1562 2192 Unde
1590 2164 1755 2200 Gregorius:
1786 2175 1798 2189 «
1814 2164 1877 2192 Per-

1035 2212 1162 2240 turbatae
1184 2214 1290 2239 mentes
1311 2210 1495 2239 saecularium
1517 2217 1549 2238 eo
1570 2210 1629 2246 ipso
1651 2210 1781 2244 clamant,
1803 2210 1877 2246 quod

1034 2258 1172 2294 inquietae
1194 2260 1268 2291 sunt,
1290 2257 1355 2293 quia
1375 2265 1391 2285 a
1406 2264 1472 2284 vera
1496 2256 1628 2292 sapientia
1648 2256 1750 2285 divisae
1765 2268 1778 2281 n
1804 2259 1877 2290 sunt,

1035 2305 1138 2334 scilicet
1160 2304 1212 2332 lide
1234 2306 1261 2332 et
1275 2303 1408 2332 moribus.
1426 2303 1472 2332 Dei
1489 2306 1594 2332 secreta
1609 2311 1662 2331 non
1678 2303 1877 2339 cognoscimus,

1035 2352 1085 2381 nisi
1109 2351 1210 2380 intimis
1232 2350 1374 2379 desideriis
1395 2350 1545 2387 vigeamus,
1568 2350 1633 2386 quia
1652 2350 1775 2378 vivacius
1794 2350 1878 2378 verba

1035 2399 1082 2428 Dei
1106 2406 1183 2427 mens
1210 2400 1351 2434 penetrat,
1374 2405 1436 2425 cum
1458 2396 1603 2425 admittere
1624 2404 1755 2425 curarum
1783 2404 1879 2425 saecu-

1036 2446 1135 2475 larium
1166 2445 1317 2474 tumultum
1345 2447 1469 2478 recusat3
1492 2443 1627 2481 siquidem
1656 2443 1744 2471 verba
1764 2444 1879 2480 supien-

1037 2494 1110 2522 tium
1132 2493 1299 2521 audiuntur
1322 2492 1352 2520 iu
1372 2491 1485 2519 silentio
1500 2491 1519 2519 ⁷.
1543 2491 1595 2520 Hoc
1626 2490 1769 2519 attendens
1796 2491 1879 2519 MarIa

1036 2540 1202 2577 Magdalena,
1225 2538 1376 2567 secundum
1393 2538 1466 2575 quod
1481 2538 1581 2566 dicitur
1597 2538 1685 2566 Lucae
1699 2537 1820 2566 decimo:
1837 2538 1880 2566 Se-

1037 2587 1106 2615 dens
1127 2594 1209 2614 secus
1228 2586 1313 2622 pedes
1337 2585 1463 2618 Domini,
1485 2584 1624 2613 audiebat
1644 2583 1764 2612 ¹verbum
1783 2584 1880 2617 illius,·

1037 2633 1152 2666 sedens,
1175 2640 1224 2668 per
1246 2631 1345 2660 mentis
1370 2630 1614 2667 tranquillitatem,
1642 2638 1695 2658 non
1721 2630 1880 2658 discurrens

1037 2687 1086 2716 per
1108 2678 1198 2707 cordis
1220 2677 1440 2710 [listractioneni;
1456 2677 1529 2713 quia,
1545 2676 1615 2705 sicut
1630 2676 1695 2704 dicit
1715 2675 1879 2712 Gregorius,

199 2844 206 2857 ¹
225 2844 270 2866 Csr.
287 2850 356 2872 supra
374 2850 429 2871 pag.
447 2843 484 2870 at,
501 2849 571 2865 serm.
589 2843 611 2865 5.

199 2882 207 2895 ²
226 2883 292 2905 Vei-s.
310 2883 352 2911 ¹¹¹3
370 2882 474 2910 sequitur
492 2882 526 2904 Ps.
546 2882 553 2903 i
561 2882 598 2908 03,
617 2881 653 2904 tt.
670 2887 718 2910 scip

199 2922 208 2935 ³
226 2922 282 2945 (Ἰού.
301 2923 316 2944 F
335 2921 403 2944 habet
419 2923 541 2949 aeternae,
559 2921 669 2943 Vaticana
686 2920 710 2943 in
728 2921 801 2943 terra.

198 2961 207 2973 ⁴¹
227 2962 290 2984 Vers.
309 2961 351 2988 45;
368 2960 471 2989 sequitur
488 2961 523 2982 Ps.
542 2960 594 2987 142,
612 2960 634 2982 6.
651 2965 700 2988 seq.

1100 2841 1110 2853 ⁵
1127 2840 1194 2863 Vers.
1211 2841 1233 2862 2.
1250 2846 1311 2868 seq.;
1328 2839 1433 2867 sequitur
1449 2838 1496 2860 Col.
1515 2838 1540 2864 2,
1559 2838 1581 2859 9.

1101 2879 1110 2892 ⁵
1127 2880 1180 2902 Luc.
1194 2880 1215 2906 8,
1229 2879 1263 2900 it.
1275 2891 1305 2894 ——
1316 2878 1423 2906 Sequitur
1433 2878 1537 2904 Gregor.‚
1550 2876 1626 2898 XVlil.
1639 2875 1715 2897 Moral.
1728 2880 1745 2896 c.
1760 2874 1797 2896 43.
1809 2880 1830 2896 n.
1842 2874 1880 2896 70.

1102 2918 1110 2931 ⁷
1128 2919 1201 2941 Eccle.
1218 2919 1239 2946 9,
1259 2918 1300 2944 17;
1317 2917 1421 2945 seqnitur
1446 2916 1500 2938 Luc.
1530 2916 1568 2941 10,
1594 2915 1631 2936 39.
1655 2917 1677 2936 et
1694 2914 1747 2936 dein
1769 2913 1881 2941 allegatur

1039 2959 1142 2985 Gregor.,
1159 2957 1235 2979 xviii.
1254 2956 1330 2978 ltlornl.
1346 2961 1365 2977 c.
1385 2955 1420 2977 43.
1438 2961 1461 2976 n.
1479 2954 1517 2976 68.
1536 2953 1663 2975 secundum
1681 2958 1782 2975 sensum.

1888 817 1916 836 De
1929 817 1992 836 tertia.

1892 1515 1937 1534 l‘ars
1950 1515 1973 1534 II.

1894 1655 1930 1673 Pro
1942 1654 2020 1674 seminis

1902 1678 2009 1702 receptione

1894 1702 2016 1725 requiruntur

1936 1725 1978 1743 tria.

1893 1934 1921 1954 De
1934 1934 2000 1959 primo.
