2243 3348
208 502 312 521 Difficultas

216 525 300 544 solvitur.

198 826 253 850 Origo
267 826 310 844 ohe-

197 850 280 869 dientiao
293 854 315 868 ex

211 872 302 892 memoria

210 896 302 920 passionis

219 920 295 939 Christi.

200 1199 314 1223 Roprobatio

202 1223 311 1265 iuogggiou-

196 1620 311 1639 Admonitio-

334 185 389 213 504

332 263 398 296 Deo,
409 262 459 290 nisi
472 261 620 298 poeniteat;
636 263 663 288 et
678 267 730 287 non
747 258 876 294 poenitet,
889 257 938 285 nisi
952 257 1005 292 tut)
1021 256 1056 284 sit
1070 255 1175 289 iustus;

333 312 360 338 et
380 317 433 337 non
456 311 497 337 est
528 308 633 339 iustus,
656 305 706 333 nisi
738 304 773 332 sit
800 302 971 331 conservatio
1003 301 1122 330 iustitiae
1149 303 1176 328 et

333 359 428 392 surgat
449 363 465 383 a
487 353 639 391 praeceptis
660 351 692 379 ad
718 350 839 379 consilia.
862 349 932 377 Dicit
950 348 1049 385 igitur:
1073 347 1176 384 Sur9c‚

333 402 359 430 id
381 405 431 435 est,
452 401 548 436 elonga
569 403 595 427 te
616 407 632 427 a
654 400 764 434 peccato
785 399 812 425 et
836 395 978 424 occasione
999 396 1175 431 peccatorum

333 452 359 477 et
383 448 464 484 imple
485 449 630 483 praecepta
651 447 678 473 et
698 443 825 475 consilia,
848 445 879 470 at
897 441 1019 478 probes,
1041 448 1115 478 qaae
1139 439 1177 467 sit

336 495 468 523 voluntas
490 492 541 520 Dei
562 492 636 519 bona
657 494 682 518 ct
697 489 880 526 beneplacens
901 491 924 516 et
943 486 1075 524 perfecta
1091 486 1108 514 ¹.
1132 485 1177 514 Di-

334 549 390 573 ces,
413 539 549 576 quomodo
571 537 689 573 implebo
704 535 831 569 consilia,
854 534 965 571 quando
986 541 1047 561 suin
1070 536 1177 561 senex?

333 587 394 616 Ideo
414 585 494 614 dicit:
514 591 651 621 propera.
676 583 711 611 In
732 582 846 610 odorem
874 583 1091 618 unquentorum
1116 583 1177 607 tuo-

333 641 400 661 rum
415 631 575 660 currimus.
591 629 642 666 Qui
658 637 712 657 non
727 631 768 657 est
782 627 887 664 (aptus)
903 627 995 660 hodie,
1011 634 1072 655 cras
1087 625 1179 654 minus

332 683 412 716 aptus
433 679 493 707 erit.
517 678 661 705 Formosa
681 684 763 708 mea,·
785 674 896 711 quando
916 673 1016 710 aliquis
1035 672 1178 702 universa-

332 727 403 760 liter,
425 725 560 758 celeriter,
576 724 714 756 virtuose,
736 721 897 759 simpliciter
911 724 939 749 et
959 723 1073 749 strenue
1087 719 1180 748 obedit

332 776 358 801 et
380 772 448 800 nihil
469 771 569 799 omittit
590 770 623 798 (le
638 768 861 802 circumstantiis,
885 771 950 796 tunc
973 767 1056 796 habet
1075 766 1179 795 formo-

332 820 438 848 sitatem
461 821 487 847 et
508 817 716 854 speciositatem.
733 832 771 836 »-
785 815 837 844 Sed
851 814 925 843 unde
946 813 1118 843 obedientia?
1138 813 1179 841 Ex

333 866 400 899 hoc,
422 865 496 902 quod
517 864 609 893 anima
632 866 678 891 tua
699 866 740 891 est
754 861 888 890 columba
909 860 1068 897 nidificans
1083 860 1114 889 in
1135 858 1179 897 fo-

332 912 498 941 raminibus
519 915 626 948 petrae.
643 909 757 946 Quando
778 916 915 937 summam
930 907 1112 936 obedientiam
1134 907 1180 935 ha—

331 960 376 989 bet
391 963 402 987 ἱ)
424 960 451 987 111
474 958 605 987 memoria
634 956 767 994 passionis
794 955 904 984 Christi.
934 955 1048 991 Quando
1074 954 1178 991 cogito,

331 1007 404 1044 quod
426 1014 476 1043 pro
499 1005 576 1034 nobis
598 1003 694 1032 habuit
716 1011 815 1031 manus
843 1005 870 1030 et
892 1001 974 1039 pedes
999 1001 1125 1030 confixos
1152 1004 1179 1029 et

332 1054 419 1088 latus,
442 1056 472 1081 ut
495 1051 640 1080 Ecclesiam
663 1050 811 1078 redimeret
832 1049 865 1078 de
888 1049 973 1078 latere
994 1057 1060 1083 su0;
1082 1048 1178 1077 infelix

331 1108 408 1134 sum,
430 1100 451 1128 si
478 1099 540 1127 nolo
568 1101 634 1126 tunc
663 1096 774 1125 obedire
796 1096 860 1125 Deo.
883 1096 970 1133 Agnes
991 1095 1104 1132 reliquit
1132 1102 1179 1131 pa.-

331 1152 400 1176 trem
416 1150 442 1175 et
458 1150 573 1174 matrem
589 1148 616 1173 et
627 1144 717 1172 omnia
733 1151 783 1180 pro
795 1143 912 1171 Christo.
925 1160 963 1163 —
975 1143 1031 1171 Non
1048 1145 1088 1171 est
1103 1150 1179 1184 crea-

332 1197 395 1223 tura
416 1193 453 1221 ita
475 1192 573 1226 hebes,
595 1191 662 1228 quin
679 1191 705 1219 in
722 1190 801 1227 plena
815 1190 970 1218 obedientia
991 1189 1099 1218 obediat
1114 1189 1178 1223 Deo,

331 1244 448 1277 excepta
468 1242 597 1268 creatura
619 1238 755 1271 rationali,
771 1245 842 1274 quae
856 1236 969 1265 deberet
990 1244 1050 1265 esse
1071 1244 1179 1264 summe

331 1291 426 1325 parata
447 1286 479 1315 ad
501 1285 684 1314 obediendum
707 1284 770 1312 Deo.
794 1283 868 1312 Unde
890 1286 966 1311 tanta
993 1283 1124 1320 superbia
1152 1283 1179 1311 in

330 1334 417 1368 nobis,
439 1332 511 1370 quod
535 1331 718 1369 praeferinuls
739 1330 908 1359 voluntatem
937 1333 1060 1359 nostram
1082 1330 1178 1358 volun-

330 1381 377 1410 tati
404 1380 533 1409 divinae?
562 1379 609 1407 Dei
640 1378 737 1411 Filius,
765 1377 832 1415 qui,
858 1385 924 1405 eum
946 1377 977 1405 in
1005 1376 1106 1414 forma
1130 1376 1181 1404 Dei

330 1431 415 1461 esset,
443 1435 499 1455 non
529 1425 670 1462 rapinam
702 1424 868 1452 arbitratus
896 1428 952 1458 esc,
981 1432 1040 1452 esse
1070 1431 1100 1451 se
1131 1431 1177 1451 ae-

330 1475 444 1513 qualem
461 1474 516 1502 Deo
533 1473 554 1506 2,
576 1473 625 1500 sed
645 1472 831 1508 semetipsum
853 1471 1026 1504 escinanivit,
1047 1469 1178 1507 formam

329 1521 407 1550 servi
427 1520 572 1557 accipiens
580 1530 590 1553 ‚·
610 1523 635 1547 et
652 1518 751 1556 frictus
779 1522 821 1547 est
846 1518 977 1547 obediens
995 1517 1067 1546 Patri
1089 1526 1179 1555 usque

330 1569 370 1597 ad
388 1572 524 1600 mortem,
547 1566 657 1594 intravit
680 1566 711 1594 in
732 1574 892 1594 cavernam
907 1565 1060 1593 maceriae.
1077 1581 1113 1585 —
1129 1564 1178 1593 Co-

329 1616 384 1653 gita
406 1615 470 1648 hoc,
492 1617 519 1642 et
540 1613 670 1642 obediens
691 1613 762 1647 eris,
784 1616 811 1641 et
832 1612 871 1641 sic
892 1612 1005 1640 amicus.
1029 1612 1104 1641 Unde
1126 1612 1179 1640 Do-

330 1662 436 1690 minus:
465 1661 518 1689 1763
544 1660 634 1689 amici
654 1659 711 1688 mei
731 1659 815 1693 estis,
837 1659 865 1687 si
884 1658 1012 1696 feceritis
1034 1667 1108 1696 quae
1128 1667 1178 1696 eyo

326 1708 477 1746 praecipio
506 1707 594 1736 vobis.
623 1706 741 1735 Maxime
769 1706 875 1734 amicus
908 1705 954 1734 Dei
983 1709 1024 1734 est
1053 1705 1101 1742 qui
1130 1705 1179 1734 ob-

330 1758 422 1784 servat
452 1754 544 1783 omnia
572 1753 741 1791 beneplacita
770 1753 826 1781 Dei.
854 1753 966 1781 Talibus
994 1752 1059 1781 dicit
1089 1752 1179 1780 Domi-

330 1810 398 1831 nus:
417 1801 572 1835 Comezhte,
587 1800 688 1834 amici,
711 1803 735 1828 et
757 1799 840 1828 bibite
861 1803 886 1828 et
907 1799 1104 1828 inebriamini.
1128 1798 1191 1831 Sed,

331 1852 457 1878 econtra:
481 1848 514 1877 Si
534 1848 599 1886 quis
619 1856 678 1876 non
699 1846 759 1875 vult
781 1846 911 1883 operari,
926 1855 976 1875 nee
991 1846 1146 1874 manducet
1159 1845 1177 1873 ³.

331 1895 425 1924 Omnis
447 1903 541 1924 mensa
563 1894 675 1931 impleta
693 1897 734 1922 est
749 1901 785 1921 ex
800 1900 885 1921 manu
900 1893 1023 1927 Domini;
1041 1893 1178 1922 Psahnus:

333 1942 416 1971 Oculi
437 1942 568 1971 omnium
591 1942 622 1970 in
644 1945 668 1969 te
695 1944 831 1977 sperant,
857 1940 993 1974 Domine,
1016 1944 1041 1968 et
1065 1944 1097 1968 tu
1124 1940 1180 1968 das

329 1997 424 2017 escam
447 1989 564 2017 illorum
587 1989 619 2016 in
641 1991 765 2025 tempore
786 1991 956 2024 opportuno.
974 1986 1116 2023 Quomodo
1130 1995 1179 2015 au-

329 2036 376 2064 des
398 2035 542 2064 comedere
570 2042 667 2072 panem
690 2034 794 2071 patris,
817 2034 837 2062 si
861 2042 914 2062 non
938 2034 979 2062 vis
1000 2034 1022 2062 ei
1046 2033 1179 2062 obedire?

329 2082 366 2111 Ad
388 2082 575 2111 confusionem
598 2085 719 2110 nostram
743 2081 927 2115 comedimus,
949 2081 1015 2117 quia
1036 2084 1179 2109 converte-

330 2134 379 2158 tur
401 2129 479 2158 nobis
502 2129 532 2157 in
553 2128 592 2166 fel
612 2123 759 2165 aspidum.
788 2127 858 2156 Dicit
879 2127 926 2156 Dei
949 2127 1032 2156 Filius
1047 2127 1074 2155 4:
1097 2127 1179 2155 Sicut

329 2177 504 2205 mandatum
520 2175 597 2204 dedit
612 2174 686 2203 mihi
695 2175 795 2208 Pater,
810 2175 853 2203 sic
867 2173 955 2211 facio.
976 2186 990 2199 «
1001 2174 1124 2203 Amicitia
1138 2177 1180 2203 est

330 2223 399 2252 idem
416 2223 485 2252 velle
500 2225 527 2251 et
542 2223 612 2251 idem
628 2222 700 2251 nolle
714 2234 740 2250 ».
764 2222 821 2250 Non
837 2225 878 2250 est
892 2222 1000 2256 decens,
1016 2221 1091 2258 quod
1106 2221 1179 2250 Deus

329 2270 394 2299 velit
416 2270 485 2298 male
507 2273 615 2303 tecum,
644 2272 767 2306 oportet,
796 2269 870 2306 quod
899 2269 1022 2297 solvatur
1044 2268 1178 2302 amicitia,

330 2325 399 2354 quae
421 2320 462 2346 est
483 2317 554 2345 inter
575 2320 602 2345 te
623 2319 649 2345 et
670 2317 774 2350 Deum;
796 2319 844 2344 aut
865 2316 938 2353 quod
960 2318 990 2344 tu
1014 2316 1080 2344 velis
1099 2316 1178 2344 bona.

333 2364 491 2401 Coynoscat
518 2364 665 2398 mundus,
688 2364 759 2402 quia
780 2363 870 2400 ditiqo
892 2363 1031 2397 Patrem,
1058 2367 1082 2391 et
1103 2363 1179 2391 sicut

330 2412 504 2439 mandatum
525 2411 602 2439 dedit
623 2409 698 2439 mihi
719 2411 820 2444 Pater,
847 2410 890 2439 sic
911 2409 1000 2448 facio.
1023 2410 1097 2439 Deus
1124 2413 1179 2438 sta-

331 2458 378 2486 tim
399 2458 464 2486 fecit
486 2458 620 2486 mundum
643 2466 699 2486 uno
721 2458 819 2492 verbo,
842 2457 889 2486 sed
911 2457 1006 2486 refecit
1027 2465 1091 2486 eum
1114 2465 1177 2485 culn

332 2512 430 2541 magna
451 2505 623 2541 fatigatione,
652 2508 684 2533 ut
710 2505 788 2534 daret
817 2505 896 2533 nobis
925 2504 1083 2541 exemplum
1114 2504 1178 2532 obe-

332 2550 456 2579 dientiae.
478 2552 575 2580 Nullus
596 2555 637 2580 est
665 2552 769 2580 amicus
791 2552 853 2585 Dei,
883 2551 933 2580 nisi
963 2551 1028 2579 velit
1057 2551 1178 2579 obedire.

332 2597 423 2625 Genus
443 2598 614 2631 humanum,
637 2599 701 2635 quia
716 2598 805 2627 noluit
826 2598 937 2627 obedire
952 2598 1017 2631 Deo,
1040 2598 1112 2635 quod
1128 2597 1180 2625 suit

332 2644 501 2678 immortale,
523 2645 619 2673 cecidit
640 2645 667 2673 in
690 2648 824 2679 mortem,
846 2649 873 2674 et
894 2645 967 2682 quod
989 2645 1041 2673 suit
1065 2645 1179 2681 opulen—

332 2691 477 2725 tissimum,
501 2691 596 2719 cecidit
619 2692 643 2719 111
667 2695 823 2728 egestatem.

1005 177 1177 207 SERMONES
1197 177 1240 205 DE
1263 176 1404 205 SANCTlS.

1311 253 1403 282 Tertio
1417 253 1469 281 fuit
1484 253 1563 281 beata
1577 253 1664 289 Agnes
1679 252 1779 281 amica
1794 255 1907 289 propter
1920 252 2080 289 sapientiae
2093 259 2162 284 Tertio,
2174 267 2210 290 μη.
2241 254 2243 260 ⁴

1230 299 1465 336 perfruitionem..
1488 299 1567 327 Dices
1589 299 1674 327 forte:
1698 298 1800 335 poteris
1829 303 1859 327 tu
1887 299 1955 328 bene
1984 284 2212 336 5111161-ῗῖἕέἒέἂῖἳῖ
2230 296 2232 325 ἶ

1234 345 1329 374 sedere
1349 345 1382 374 de
1404 346 1464 374 eius
1485 345 1633 382 sapientia,
1653 353 1688 374 ne
1708 345 1776 374 velis
1790 353 1849 374 eam
1865 346 1966 374 vestire
1980 346 2082 382 plumis

1233 392 1337 420 alienis.
1354 408 1391 412 —
1407 392 1477 420 Dicit
1491 392 1651 421 Ambrosius
1663 392 1683 426 ⁵,
1698 392 1772 429 quod
1787 392 1882 421 nullus
1896 396 1937 421 est
1952 392 2081 430 magister

1235 439 1272 467 ita
1292 439 1521 476 contemplativus
1541 442 1568 467 et
1589 439 1803 474 exercitativns,
1832 439 1880 476 qui
1907 439 1993 476 magis
2018 447 2082 476 pro-

1235 485 1295 522 prie
1316 485 1510 522 respondisset.
1533 485 1558 514 Si
1581 485 1678 514 fuisset
1692 485 1827 522 discipula
1850 485 1968 522 Dionysii
1984 488 2012 514 et
2031 494 2081 514 au-

1234 532 1319 561 disset
1339 532 1527 561 hierarchicas
1540 532 1732 569 dispositiones
1746 536 1773 561 et
1788 532 1930 561 habuisset
1951 540 2082 562 excessus

1234 578 1367 607 mentales
1392 578 1464 607 sicut
1485 578 1600 613 Paulus,
1623 579 1688 608 satis
1717 579 1785 607 bene
1810 579 1959 615 respondit.
1985 579 2082 608 Nullus

1235 628 1277 654 est
1298 625 1403 654 amicus
1418 625 1466 654 Dei
1488 625 1547 654 sine
1568 625 1717 662 sapientia;
1738 625 1812 654 unde
1834 626 1860 654 111
1883 626 1954 654 libro
1972 626 2082 663 Sapien-

1236 672 1288 701 tiae
1303 672 1329 700 ⁶:
1354 672 1410 700 Per
1431 672 1563 700 nationes
1579 672 1610 700 in
1624 672 1744 701 animas
1757 675 1877 701 sanetas
1891 680 1920 700 se
1941 671 2083 710 transfert

1235 722 1263 747 et
1284 719 1394 747 anticos
1415 719 1466 747 Dei
1485 722 1510 747 et
1527 718 1688 756 Prophetas
1703 719 1859 748 constituit.
1875 719 2024 748 Neminem
2038 719 2082 748 di-

1236 766 1299 803 tiqit
1322 766 1409 800 Deus,
1430 766 1492 794 nisi
1511 774 1576 794 eum
1598 766 1650 804 qui
1670 774 1737 794 cum
1757 766 1904 803 sapientia
1929 765 2081 795 inhabitat.

1236 813 1268 841 Et
1289 813 1349 841 ideo
1381 813 1460 841 beata
1480 814 1567 850 Agnes
1594 813 1647 841 fuit
1674 813 1763 841 amica
1791 815 1903 850 propter
1934 813 2083 850 sapientiae

1236 860 1456 896 perfruitionem.
1481 859 1593 888 Pulcra
1615 868 1654 894 63,
1676 860 1775 888 amica
1796 868 1875 894 mea,
1889 863 1916 889 et
1936 860 2040 889 suavis
2058 863 2084 889 et

1237 907 1343 935 decora
1371 906 1448 935 sicut
1476 906 1654 941 Ierusalem,
1683 907 1823 936 terribilis
1853 910 1885 935 ut
1916 910 2083 936 castrorum

1236 953 1313 982 acies
1335 953 1484 982 ordinata.
1508 953 1593 982 Dicit:
1616 953 1692 982 sicut
1714 954 1883 982 Ierusalem.
1906 954 1981 990 Quae
2009 954 2084 982 simi-

1237 1001 1323 1029 litudo
1344 1004 1385 1029 est
1407 1001 1470 1029 hic?
1486 1017 1522 1021 —
1539 1001 1677 1029 Dixerunt
1691 1000 1785 1037 aliqui,
1801 1000 1874 1038 quod
1889 1001 1980 1030 anima
1993 1000 2084 1038 dispo-

1236 1047 1354 1076 nebatur
1383 1047 1415 1076 ad
1442 1047 1658 1081 beatitudinem,
1680 1047 1790 1084 quando
1812 1047 1839 1075 in
1867 1047 1926 1084 ipsa
1946 1047 2084 1077 describe-

1236 1094 1319 1123 batur
1334 1095 1495 1123 universum
1511 1103 1578 1123 esse.
1595 1094 1701 1123 Dicitur
1717 1095 1743 1123 in
1759 1094 1933 1131 Apocalypsi:
1950 1094 2084 1123 Scribam

1236 1149 1325 1178 super
1346 1150 1413 1169 eum
1433 1149 1536 1169 nomen
1561 1141 1611 1169 Dei
1630 1141 1688 1169 mei
1714 1145 1740 1169 et>
1759 1149 1863 1170 nomen
1885 1141 2012 1170 civitatis
2036 1141 2087 1169 Dei

1238 1188 1294 1217 mei
1314 1196 1405 1216 novae
1421 1187 1598 1222 Jerusalem,
1619 1187 1646 1216 id
1661 1190 1703 1217 est
1724 1187 1848 1216 caelestis
1863 1187 2045 1222 hierarchiae,
2061 1191 2085 1216 et

1236 1244 1339 1264 nomen
1353 1244 1449 1264 meum
1465 1244 1580 1263 novum.
1603 1234 1713 1263 Nomen
1734 1243 1831 1263 meum
1852 1243 1975 1269 novum,
1997 1235 2024 1264 id
2045 1237 2086 1264 est

1236 1290 1335 1311 nomen
1367 1282 1485 1316 Christi:
1518 1282 1591 1311 unde
1622 1282 1648 1310 in
1680 1282 1818 1310 loanne7:
1847 1282 1926 1311 Haec
1953 1285 1994 1310 est
2023 1282 2086 1310 vita

1237 1333 1372 1363 aeterna,
1395 1332 1426 1357 ut
1454 1333 1629 1366 cognoscant
1657 1332 1697 1363 te,
1726 1329 1820 1357 solum
1843 1329 1934 1357 Deam
1964 1337 2084 1363 verum,

1236 1380 1262 1405 et
1282 1385 1365 1414 quem
1386 1376 1495 1404 misisti
1514 1376 1612 1404 lesuin
1635 1374 1793 1404 Christum.

1319 1423 1487 1460 Impossibile
1509 1426 1566 1457 est,
1595 1423 1712 1451 animam
1735 1430 1794 1451 esse
1816 1422 1939 1457 beatam,
1965 1422 2016 1451 nisi
2038 1423 2086 1451 fiat

1236 1470 1263 1498 in
1285 1478 1317 1499 ea
1338 1470 1390 1499 ista
1411 1470 1514 1506 triplex
1535 1469 1693 1506 descriptio,
1709 1469 1753 1498 1110
1768 1470 1871 1498 50111061
1884 1477 1933 1507 per
1952 1469 2086 1507 qratiam

1236 1520 1263 1546 et
1285 1517 1311 1546 in
1333 1517 1429 1546 futuro
1451 1525 1500 1554 per
1520 1517 1667 1554 9loriam;
1682 1517 1708 1545 in
1731 1516 1819 1553 gratia
1838 1517 2009 1553 sapientiati
2021 1525 2087 1554 pro-

1236 1564 1419 1601 pinquissima
1440 1567 1481 1593 est
1503 1564 1594 1593 anima
1614 1564 1792 1601 descriptioni
1813 1567 1941 1593 aeternae
1962 1572 2011 1601 per
2030 1573 2086 1602 yu-

1235 1615 1322 1640 stum.
1346 1612 1395 1640 Per
1416 1614 1528 1649 gustum
1551 1611 1622 1640 enim
1638 1611 1742 1640 accedit
1763 1611 1797 1639 ad
1816 1611 2043 1640 illuminationem
2060 1614 2087 1641 et

1236 1666 1285 1695 per
1307 1658 1535 1687 illummationem
1558 1658 1663 1687 accedit
1683 1658 1715 1687 ad
1737 1661 1877 1687 aeternam
1900 1658 2085 1687 stabilitatem.

1236 1705 1333 1734 Suavis
1354 1706 1426 1734 enim
1455 1709 1497 1734 est
1523 1705 1632 1742 gustui;
1655 1705 1780 1734 Psalmus
1795 1705 1821 1733 ⁸:
1847 1705 1968 1734 Gustate
1994 1709 2020 1734 et
2043 1705 2086 1734 vi-

1236 1752 1305 1786 dete,
1327 1752 1468 1790 quoniam
1489 1752 1592 1780 sztavis
1614 1755 1653 1780 est
1675 1752 1817 1781 Dominus
1824 1763 1835 1786 ;
1856 1755 1883 1781 et
1904 1752 1931 1780 111
1952 1752 2085 1782 Ecclesia-

1237 1799 1320 1828 stico:
1350 1799 1483 1827 Transite
1498 1799 1539 1827 ad
1559 1808 1613 1833 me,
1626 1807 1732 1833 01111163,
1749 1799 1801 1837 qui
1813 1799 2017 1836 concupiscitis
2032 1808 2084 1828 me.

1236 1846 1332 1881 Anima.
1354 1846 1441 1875 tristis
1462 1849 1489 1875 et
1511 1853 1638 1874 moerens
1660 1854 1714 1874 non
1736 1846 1820 1875 hahet
1840 1846 2033 1886 delectationes
2057 1846 2086 1875 in

1237 1901 1275 1927 se,
1297 1893 1344 1921 sed
1366 1893 1476 1930 quando
1497 1895 1605 1930 gustat,
1627 1901 1717 1931 quam
1738 1893 1841 1921 suavis
1862 1896 1904 1921 est
1925 1893 2084 1928 Dominus,

1237 1940 1355 1969 retrahit
1369 1948 1398 1969 se
1412 1939 1446 1968 ab
1461 1939 1650 1968 exterioribus
1664 1940 1906 1977 occupationibus;
1922 1943 1988 1969 tunc
2002 1940 2087 1969 intrat

1236 1986 1264 2014 in
1286 1994 1333 2015 cor
1348 1994 1429 2015 suum
1452 1989 1479 2015 61
1499 1986 1619 2023 disponit
1640 1994 1669 2015 se
1691 1989 1822 2023 tanquam
1844 1987 1941 2016 oculus
1962 1995 2036 2016 unus
2051 1988 2086 2024 (2)

1236 2034 1269 2062 ad
1291 2037 1418 2062 aeternos
1433 2033 1609 2071 splendores;
1632 2036 1698 2062 tunc
1714 2033 1744 2062 fit
1765 2033 1872 2063 decora
1886 2037 1913 2063 et
1934 2034 2043 2071 rapitur
2057 2034 2085 2063 in

1236 2080 1410 2118 splendorem
1426 2084 1580 2109 aeternum.
1598 2098 1633 2101 -—
1649 2081 1675 2109 Si
1697 2081 1788 2109 anima
1803 2080 1909 2110 videret
1929 2081 2003 2110 istud
2024 2081 2085 2118 pul-

1236 2136 1315 2156 crum
1338 2127 1573 2165 pulcherrimum,
1594 2135 1690 2156 omnes
1711 2127 1831 2156 chordae
1852 2127 1885 2156 de
1907 2128 2010 2157 mundo
2031 2136 2086 2157 non

1236 2175 1412 2204 retraherent
1434 2175 1520 2211 ipsam
1546 2175 1581 2203 ab
1604 2175 1677 2211 ipso;
1699 2178 1726 2203 et
1749 2177 1814 2203 tunc
1835 2175 1974 2204 stabilitur
1995 2175 2086 2204 anima

1236 2224 1263 2250 et
1285 2221 1323 2250 sic
1345 2221 1483 2250 stabilitur
1502 2222 1574 2250 sicut
1590 2221 1752 2256 ierusalem3
1776 2222 1898 2251 Psalmus
1913 2222 1939 2250 ⁹:
1962 2222 2084 2257 Lauda,

1237 2268 1406 2302 Jerusalem,
1424 2268 1580 2297 Dominum
1604 2271 1665 2303 610,
1688 2269 1828 2307 quoniam
1850 2268 2028 2307 confortavit
2044 2278 2086 2298 se-

1236 2323 1289 2343 ras
1306 2319 1465 2352 portarum
1489 2319 1620 2344 tuarum.
1643 2316 1720 2344 Tunc
1745 2318 1786 2344 est
1807 2315 1990 2353 impossibile,
2011 2315 2085 2353 quod

1237 2362 1434 2399 impugnetur3
1457 2363 1617 2399 Apostolus:
1641 2363 1713 2399 Quis
1727 2372 1779 2392 nos
1799 2363 1950 2400 separabit
1971 2371 1990 2392 a
2008 2363 2087 2392 cari-

1237 2412 1293 2437 tate
1307 2408 1433 2438 Christi?
1446 2411 1492 2438 An
1505 2409 1636 2447 ytadius,
1649 2418 1689 2438 an
1701 2410 1872 2447 persecutio,
1885 2418 1926 2438 an
1939 2418 2020 2439 mors
2034 2412 2084 2439 610.

1237 2456 1360 2490 Audite,
1383 2456 1488 2493 inquit,
1515 2457 1664 2485 audientes
1685 2465 1745 2491 me,
1767 2460 1791 2485 et
1813 2457 1948 2485 comedite
1969 2457 2084 2485 bonum.

1237 2502 1338 2532 Omnes
1360 2504 1510 2532 suavitates
1539 2504 1697 2540 corporales
1718 2512 1771 2532 non
1794 2506 1860 2533 sunt
1887 2504 1938 2533 nisi
1960 2504 2085 2533 excoria.-

1237 2550 1324 2579 tiones
1338 2554 1365 2579 et
1376 2551 1569 2587 corrupti0nes
1581 2551 1716 2580 honorum
1732 2551 1927 2588 spiritualium.
1939 2568 1978 2572 —-
1988 2552 2084 2588 Agnes,

1236 2597 1283 2626 ubi
1306 2597 1471 2626 delectaris?
1492 2597 1572 2626 Certe
1587 2598 1613 2626 in
1637 2598 1752 2626 Domino
1770 2600 1864 2627 nostro
1887 2598 1946 2627 lesu
1967 2598 2083 2627 Christo.

1238 2645 1318 2678 Ecce,
1341 2648 1371 2672 tu
1390 2644 1499 2681 pulcra
1521 2653 1558 2678 63,
1575 2645 1674 2673 aniica
1695 2653 1778 2678 mea;
1792 2653 1862 2679 ecce,
1878 2648 1908 2673 tu
1923 2644 2032 2682 pulcra
2046 2653 2083 2673 es.

1236 2692 1290 2720 Nos
1311 2700 1408 2720 sumus
1437 2692 1508 2720 sicut
1538 2692 1683 2721 Ierusalem
1713 2692 1857 2721 combusta
1884 2695 1911 2720 et
1938 2691 2083 2728 dissipata;

397 2815 403 2827 ¹
421 2817 489 2838 Rom.
510 2817 543 2844 l2,
561 2818 588 2845 ⁴23
605 2817 709 2846 sequitur
726 2817 789 2840 Cant.
811 2819 828 2845 l,
847 2819 868 2840 3.

396 2854 405 2867 2
423 2856 477 2877 Phil.
495 2857 516 2883 2,
535 2856 555 2878 (1.
573 2862 650 2885 seqq.;
669 2859 796 2885 sequuntur
814 2858 873 2879 loan.
896 2858 928 2885 15,
948 2858 984 2880 111.
1002 2861 1024 2880 et
1041 2858 1104 2881 Cant.
1119 2859 1141 2886 5,
1161 2859 1180 2881 vl.

398 2893 406 2906 ³
425 2895 493 2922 Epist.
512 2895 535 2917 ll.
553 2895 633 2918 Thess.
652 2896 673 2923 3,
694 2896 732 2923 1ος
756 2900 884 2924 sequuntur
902 2897 937 2919 Ρ5.
957 2897 1013 2926 141,
1042 2898 1073 2920 15.
1098 2901 1120 2920 61
1143 2897 1181 2920 lob

335 2934 372 2961 20,
394 2934 426 2955 11.

396 2972 404 2983 *¹
424 2973 482 2994 loan.
504 2973 540 3000 lli,
559 2974 595 2995 31.
613 2986 643 2990 -
661 2975 769 3003 Sequitur
786 2975 883 3002 enimsi„
901 2975 993 2998 Catilina
1011 2983 1030 2999 c.
1050 2977 1087 2999 20.

1300 2818 1309 2831 ⁵
1327 2818 1370 2841 Cfr.
1388 2820 1403 2841 1.
1421 2819 1450 2841 de
1470 2817 1611 2847 Virginibus,
1629 2824 1648 2840 c.
1667 2819 1688 2840 2.
1707 2824 1729 2840 n.
1753 2818 1774 2839 8.
1792 2821 1813 2840 et
1836 2824 1855 2840 0.
1880 2817 1900 2840 t.
1918 2824 1940 2840 n.
1958 2816 1995 2840 ⁴17.
2011 2823 2084 2846 seqq„

1238 2857 1277 2880 ubi
1295 2858 1396 2886 loquitur
1413 2858 1442 2880 de
1459 2857 1570 2886 sapientia
1588 2857 1656 2880 huius
1674 2856 1784 2884 Virginis.

1301 2895 1311 2908 ⁶
1328 2896 1384 2924 Cap.
1400 2896 1423 2923 7,
1440 2896 1477 2919 27.
1495 2903 1557 2925 seq.;
1575 2898 1703 2925 sequuntur
1720 2895 1784 2918 Cant.
1802 2896 1823 2924 6,
1836 2896 1857 2917 3.
1876 2897 1899 2918 61
1915 2896 1987 2923 Αροο.
2008 2895 2029 2922 3,
2048 2895 2085 2917 12.

1302 2934 1310 2947 ⁷
1328 2935 1383 2963 Cap.
1404 2935 1438 2962 ¹7,
1456 2936 1477 2957 3.
1574 2934 1582 2947 ⁸
1600 2935 1681 2958 Psalm.
1700 2935 1736 2963 33,
1755 2935 1781 2963 83
1798 2934 1902 2963 sequitur
1919 2933 1984 2957 Eccli.
1997 2934 2034 2961 24,
2047 2934 2084 2956 26.

1302 2973 1311 2987 ⁹
1328 2975 1410 2997 psalm.
1432 2975 1481 3002 147,
1498 2975 1515 2997 t.
1529 2981 1591 3003 seq.;
1608 2977 1736 3004 sequuntur
1753 2974 1819 2997 Rom.
1832 2974 1853 3003 8,
1866 2974 1902 2996 35.
1916 2976 1938 2996 et
1949 2974 1999 2996 lsai.
2011 2973 2048 3001 55,
2061 2974 2082 2995 2.

2214 44 2215 47 ¹
2234 0 2238 87 l

2236 89 2243 173 l

2236 179 2243 244 l

2117 330 2190 352 tionem.

2101 1005 2214 1031 Notandum,

2102 1427 2226 1479 {lizia}

2125 1479 2193 1495 anima.

2105 2085 2215 2106 Notandum.

2102 2556 2122 2575 S.
2134 2556 2203 2580 Agnes.

2102 2696 2216 2720 neptun-atio.
