2243 3348
22 1358 66 1381 rtio,
79 1363 103 1378 ne

23 1383 112 1401 sumatur.

12 1434 18 1468 ³}

15 1474 17 1487 ι

15 1521 17 1533 Ι

15 1540 17 1547 .

14 1599 15 1607 i

11 1733 106 1753 vlieolaus.

9 1910 107 1940 fflmonitio.

0 2483 2 2502 Ι
6 2482 24 2501 Π]
27 2487 103 2502 anani-us

0 2504 106 2531 11111οΜ1113-

0 2529 47 2554 ionia
58 2535 110 2549 arca-

0 2558 2 2570 l
26 2558 69 2572 nae.

820 155 862 183 DE
884 155 1010 184 SANCTO
1030 156 1181 185 NlCOLAO.

128 238 192 264 sua,
214 230 295 267 quia,
327 230 461 268 quidquid
492 231 588 266 saciat,
616 232 822 269 comparatione
852 233 970 262 aliorum

127 276 273 305 meliorum
295 276 364 305 nihil
385 285 444 306 esse
465 281 584 314 reputat.
607 278 686 308 Videt
707 279 778 308 enim
800 279 885 308 alium
910 288 972 308 san-

127 323 241 352 ctiorem
263 331 307 357 se,
329 323 497 353 devotiorem
520 332 565 359 se,
587 325 785 361 promptiorem
807 333 849 360 se,
871 329 898 354 et
912 326 972 355 ideo

127 369 199 398 inter
221 370 287 398 tales
308 378 363 398 non
395 373 437 399 est
464 371 619 407 periculum
647 372 792 401 ostendere
813 372 884 401 bona
905 380 971 407 sua,

127 415 192 452 quia
213 424 267 444 nou
289 416 372 445 habet
393 417 563 446 occasionem
594 418 768 455 arrogantiae
799 422 848 447 aut
874 427 972 455 super-

125 461 195 491 biae,
218 462 284 496 Sed,
307 462 417 499 quando
438 466 479 492 est
500 464 571 492 inter
586 464 668 498 alios,
684 464 730 501 qui
747 472 801 493 non
815 468 880 493 sunt
895 465 971 500 tales,

126 509 173 537 sed
195 512 260 537 sunt
282 509 361 543 mali,
382 513 431 538 aut
452 510 620 546 imperfecti,
644 514 709 539 tunc
734 511 889 547 periculum
915 515 970 546 est,

126 555 192 593 quia
212 555 258 584 ille
278 563 348 592 opus
363 556 430 584 illud
446 557 599 593 exstinguit
619 557 805 592 detractione,
819 558 890 586 alius
904 558 972 587 adu-

126 602 241 637 latione3
264 605 291 631 et
313 602 372 631 ideo
393 602 496 631 honum
527 606 568 631 est
600 610 659 632 esse
690 603 762 632 inter
784 604 919 640 perfectos
944 605 971 633 in

105 669 110 676 .
125 649 198 678 bona
218 649 355 678 societate.
371 666 408 669 -
424 649 588 686 Exemplum
605 650 638 678 de
653 650 787 686 quodam,
803 651 849 687 qui
872 659 971 680 consu-

126 696 199 725 lebat
214 696 350 733 quendam
373 699 498 724 sanctum
515 696 617 730 virum,
633 696 655 724 si
671 696 784 733 eligeret
799 697 970 732 coenobium,

126 746 174 772 aut
194 743 277 771 vitam
301 743 466 776 solitariam
489 746 515 771 et
546 743 604 779 ipse
635 743 724 771 noluit
754 744 777 772 ei
805 744 971 780 respondere

126 789 226 824 verba,
248 798 310 818 cum
341 789 515 826 praevideret
543 797 634 818 mores
661 789 737 823 eius,
759 794 786 818 et
807 790 879 827 quod
901 790 972 820 forte

125 837 207 866 vellet
228 836 390 865 calumniari
412 836 497 865 verba
518 844 583 871 sua,
606 840 633 865 et
653 836 724 865 dixit
745 837 785 865 ei:
807 837 889 871 Vade,
904 838 971 866 asser

125 883 192 912 mihi
214 891 262 912 vas
283 884 395 920 plenum
418 883 584 912 carbonibus
606 883 690 916 vivis;
706 886 733 912 et
747 883 818 912 fecit.
835 884 912 912 Tunc
926 883 971 912 ille

126 933 237 959 sanctus
258 930 363 966 accepit
383 930 530 958 carbonem
546 929 654 964 vivum,
668 929 755 967 magis
770 930 971 958 inflammatum

125 980 153 1005 et
173 984 318 1005 accensum
350 979 377 1005 et
408 977 500 1013 posuit
527 977 605 1005 illum
635 984 760 1005 seorsum
782 977 808 1004 in
832 979 922 1010 terra,
945 979 972 1005 et

125 1023 192 1052 alios
212 1023 314 1052 dimisit
334 1024 361 1052 in
383 1031 447 1052 vase
461 1027 488 1052 et
502 1024 673 1060 exspectavit
694 1024 824 1060 primum,
846 1026 873 1052 et
888 1023 971 1052 carbo

125 1070 171 1098 ille
191 1070 346 1099 exstinctus
367 1072 416 1098 est.
449 1070 524 1106 Quae
555 1070 627 1098 enim
649 1073 690 1098 est
712 1078 811 1103 causa,
833 1070 884 1098 nisi
906 1070 971 1106 quia

127 1125 182 1146 non
203 1120 263 1146 erat
284 1125 346 1146 cum
363 1117 442 1146 aliis?
457 1117 483 1145 Si
499 1117 570 1146 enim
594 1125 657 1146 cum
680 1117 740 1146 aliis
754 1117 860 1151 fuisset,
875 1116 972 1146 suisset

125 1163 160 1192 ab
181 1164 220 1192 eis
240 1163 417 1193 fomentatus.
439 1164 482 1192 Sic
503 1167 544 1193 est
565 1164 598 1193 de
619 1164 731 1192 homine
752 1163 889 1196 solitario,
922 1164 969 1200 qui

126 1211 207 1239 citius
228 1211 418 1248 exstinguitur
447 1219 529 1248 quam
559 1211 585 1239 in
617 1210 689 1239 bona
717 1211 862 1245 societate;
884 1214 910 1239 et
932 1210 971 1239 sic

125 1257 267 1294 respondit
287 1258 320 1286 ei.

205 1304 279 1338 Item,
302 1304 352 1333 iste
374 1304 523 1333 thesaurus
545 1304 742 1333 custodiendus
752 1306 794 1332 est
816 1302 970 1340 indefesse,

125 1358 160 1379 ne
181 1354 374 1379 consumatur
390 1358 438 1387 per
456 1350 614 1388 piyritianz
636 1353 662 1379 et
682 1349 880 1386 malignitatem
895 1349 971 1378 acei-

125 1397 202 1431 diae,
223 1406 257 1426 ne
278 1401 458 1426 consumatur
480 1398 536 1426 vita
567 1397 686 1434 Spiritus
712 1397 814 1431 sancti,
837 1405 909 1434 quae
930 1399 972 1426 est

125 1444 151 1473 in
174 1444 284 1473 homine
305 1448 399 1482 grato,
422 1452 471 1481 per
500 1448 640 1481 torporem
671 1444 790 1473 accidiae
818 1448 845 1473 et
866 1444 971 1481 frigus,

123 1491 171 1520 sed
192 1495 372 1520 conservetur
394 1500 444 1528 per
458 1491 589 1528 gaudium
605 1495 632 1520 et
646 1499 767 1520 amorem
790 1491 970 1528 spiritualem.

124 1538 239 1575 Oportet
259 1538 293 1567 ad
315 1538 524 1568 custodiendum
547 1539 711 1567 thesaurum
736 1538 820 1567 istum
846 1538 880 1566 ab
901 1538 972 1566 acci-

123 1585 167 1613 dia
188 1593 301 1619 cavere,
323 1586 402 1623 quia,
425 1585 496 1614 sicut
518 1585 620 1614 vermis
651 1588 731 1613 nocet
759 1585 832 1622 ligno
856 1587 883 1613 et
904 1584 972 1613 illud

123 1632 241 1661 comedit
261 1635 287 1661 et
309 1633 477 1669 corrumpit,
500 1633 538 1661 sic
559 1632 662 1661 accidia
683 1632 742 1660 viro
763 1632 851 1666 iust03
870 1632 973 1660 accidia

123 1679 196 1708 enim
217 1679 287 1707 tollit
309 1681 396 1707 totum
417 1679 520 1707 bonum
544 1679 702 1715 spirituale,
725 1679 799 1716 quod
820 1679 902 1707 estin
920 1679 969 1707 ho-

123 1726 205 1755 mine.
228 1726 285 1754 Non
306 1726 359 1754 fuit
379 1726 456 1763 piger
478 1729 505 1755 et
525 1726 680 1755 accidiosus
701 1726 798 1754 beatus
829 1726 971 1760 Nicolaus,

125 1773 172 1802 sed
193 1781 256 1801 cum
280 1781 388 1802 summo
410 1773 501 1802 studio
522 1776 549 1802 et
570 1773 710 1810 vigilantia
731 1773 890 1802 intendebat
918 1773 972 1810 spi-

124 1819 280 1848 ritualibus.
309 1820 375 1848 Ante
406 1828 501 1848 omnes
532 1820 664 1857 surgebat
695 1820 829 1848 Nicolaus.
863 1820 973 1848 Primus

123 1866 250 1895 veniebat
270 1866 303 1895 ad
325 1866 485 1901 ecclesiam,
507 1870 534 1895 et
554 1866 615 1895 ideo
640 1867 769 1895 omnibus
794 1870 835 1895 est
856 1874 972 1903 praepo—

124 1913 194 1942 situs
214 1916 241 1941 et
262 1913 462 1950 superpositus.
478 1929 516 1933 ——
531 1913 602 1950 Quid
617 1913 680 1942 facit
696 1913 780 1942 miser
799 1913 880 1941 homo
902 1913 972 1942 acci-

123 1959 217 1988 diosus
238 1963 264 1988 et
285 1959 385 1997 piger?
407 1960 514 1989 Excitet
534 1968 563 1989 se
584 1960 617 1989 ad
633 1960 735 1989 bonum
758 1963 785 1989 et
805 1960 922 1997 gaudeat
944 1960 971 1988 in

124 2006 252 2035 laudibus
273 2007 320 2035 Dei
353 2010 380 2035 et
411 2007 438 2035 in
460 2007 503 2036 his
534 2007 702 2042 delectetur,
725 2015 778 2035 non
806 2010 913 2044 torpeat
944 2008 971 2035 in

125 2053 211 2088 lecto,
233 2053 344 2090 quando
364 2053 446 2082 debet
473 2054 580 2083 divinas
602 2054 696 2083 laudes
717 2054 872 2083 decantare.
895 2054 971 2091 Legi-

124 2103 171 2129 ‘tur
183 2101 202 2134 ¹,
224 2100 297 2138 quod
320 2101 441 2129 lsboseth
463 2101 617 2130 dormiebat
638 2101 665 2129 in
698 2101 811 2130 meridie
837 2101 864 2129 in
886 2104 972 2130 strato

124 2155 184 2181 su0,
206 2150 233 2176 et
254 2151 392 2176 venerunt
412 2148 533 2176 latrones
553 2152 580 2176 et
602 2147 763 2177 occiderunt
785 2148 884 2184 ipsum.
900 2148 972 2184 Quid

125 2194 200 2230 (hoc)
215 2194 363 2231 significat,
378 2194 428 2223 nisi
445 2195 517 2231 quod
541 2195 639 2228 homo,
661 2195 708 2231 qui
731 2203 785 2223 non
808 2195 931 2223 exsultat
945 2195 971 2223 in

124 2241 253 2270 laudibus
268 2241 315 2270 Dei
331 2250 382 2278 pro
397 2242 456 2270 1000
470 2245 498 2270 01
513 2245 645 2278 tempore,
661 2242 707 2270 sed
724 2244 814 2278 torpet
829 2245 856 2270 et
870 2241 972 2270 dormit

124 2289 151 2316 in
174 2288 243 2317 lecto
271 2288 398 2325 pigritiae
429 2296 508 2322 suae,
531 2288 712 2325 spiritualiter
743 2288 900 2317 occiditur?
927 2289 972 2317 Est

125 2334 210 2372 igitur
231 2335 380 2364 thesaurus
402 2335 453 2364 iste
474 2335 687 2369 custodiendus,
703 2343 737 2364 ne
759 2343 808 2372 per
830 2338 970 2372 torporem

124 2381 242 2410 accidiae
264 2385 451 2411 consumatur.

203 2429 248 2458 Est
270 2429 369 2458 tertius
390 2429 554 2463 thesaurus,
579 2430 626 2466 qui
656 2433 697 2458 est
725 2429 972 2466 contemplationis

125 2484 272 2510 arcanae;
294 2480 321 2505 et
350 2476 400 2505 iste
429 2480 470 2505 est
500 2476 644 2514 ferventer
673 2476 851 2513 appetendus
879 2480 905 2505 et
926 2476 972 2505 de-

125 2523 302 2558 siderandus;
326 2523 538 2552 Proverbiorum
561 2523 682 2552 secundo
697 2524 724 2550 ²:
754 2523 786 2551 Si
812 2523 973 2560 quaesieris

125 2570 286 2606 sapientiam
315 2571 403 2608 quasi
428 2570 587 2607 pecuniam
608 2573 633 2598 et
654 2570 729 2598 sicut
755 2568 907 2598 thesauros
932 2569 972 2607 ef-

125 2615 236 2653 foderis
257 2616 349 2650 ittam,
366 2620 433 2644 lune
455 2616 592 2653 iutettigyes
608 2616 739 2644 timorem
754 2615 883 2649 Domini,
899 2616 970 2652 quod

125 2665 166 2691 est
198 2671 305 2691 summa
338 2663 478 2700 sapientia.
508 2680 544 2683 -—
574 2663 655 2691 Sicut
688 2661 840 2691 thesauros
872 2661 971 2699 effode-

1815 163 1871 190 477

1029 233 1081 262 ris.
1098 234 1141 263 Isti
1164 238 1328 272 quaerentes
1350 236 1414 265 istas
1434 244 1516 266 venas
1537 240 1643 273 terrae,
1665 239 1738 268 unde
1753 240 1872 268 sumitur

1028 288 1128 309 aurum
1151 285 1178 310 et
1191 285 1352 318 argentum,
1368 291 1430 312 cum
1447 291 1554 313 summo
1569 284 1659 313 studio
1674 289 1813 322 quaerunt
1826 294 1873 315 ve-

1028 335 1078 355 nas
1098 327 1183 357 huius
1204 332 1310 363 terrae,
1332 332 1359 358 et
1380 337 1463 366 quam
1486 331 1603 359 multum
1619 331 1746 360 laborant
1759 335 1786 361 et
1801 333 1873 361 mul-

1029 376 1070 402 tas
1090 382 1226 411 expensas
1246 375 1351 404 faciunt
1371 379 1398 405 et
1418 377 1486 405 nihil
1515 377 1672 406 inveniunt!
1696 379 1739 407 Sic
1760 382 1786 408 et
1807 387 1872 408 cum

1029 428 1138 449 summo
1159 421 1249 450 studio
1271 423 1428 458 quaerenda
1443 426 1485 452 est
1505 424 1648 461 sapientia,
1665 427 1692 453 et
1707 425 1870 455 invenietur.

1028 467 1103 496 Unde
1124 467 1189 496 dicit
1209 468 1334 504 Sapiens:
1357 473 1425 497 tune
1439 470 1577 507 intettiyes
1598 471 1730 500 timorem
1747 472 1870 501 Domini.

1029 513 1154 542 Studium
1177 517 1217 542 est
1239 514 1305 543 illud
1327 516 1401 552 quod
1422 516 1486 545 facit
1507 517 1644 546 hominem
1662 518 1755 547 venire
1775 518 1808 547 ad
1830 527 1872 548 sa-

1028 560 1166 596 pientiam.
1183 561 1214 588 Et
1228 562 1293 598 quid
1310 565 1351 590 est
1365 563 1507 591 studium?
1528 564 1656 593 Tullius-”¹
1677 565 1754 594 dicit:
1782 576 1795 591 «
1809 566 1872 594 Stu-

1029 605 1106 634 dium
1127 610 1168 635 est
1190 608 1338 637 vehemens
1359 609 1504 645 applicatio
1525 610 1608 638 animi
1624 611 1656 639 ad
1672 611 1774 648 aliquid
1790 620 1872 648 agen-

1028 652 1093 680 dum
1107 664 1133 681 ».
1156 653 1223 682 Cum
1245 662 1354 683 summa
1375 656 1516 685 voluntate
1537 657 1617 686 debet
1636 657 1792 687 desiderare
1813 662 1872 687 stu—

1028 698 1104 727 dium
1127 700 1281 729 inveniendi
1304 701 1464 737 sapientiam
1487 703 1533 739 qui
1557 704 1616 731 vult
1636 704 1669 732 ad
1686 704 1758 732 illam
1774 713 1871 741 perve-

1029 745 1097 774 nire.
1120 746 1206 774 Debet
1226 747 1298 775 enim
1321 748 1402 775 homo
1424 749 1526 777 habere
1548 749 1713 778 desiderium
1739 751 1870 786 sublime,

1028 794 1060 819 ut
1077 792 1233 828 magnificet
1248 793 1350 827 Deum;
1366 793 1533 823 desiderium
1549 794 1666 830 humile,
1682 800 1713 825 ut
1727 801 1872 834 cognoscat

1029 844 1057 865 se
1079 837 1186 873 ipsum3
1208 838 1374 867 desiderium
1390 840 1517 874 liberate,
1533 844 1565 869 111
1585 842 1680 870 doceat
1701 843 1870 878 proximum.

1107 884 1145 912 De
1166 885 1257 920 primo
1278 885 1379 914 dicitur
1401 886 1484 915 Isaiae
1506 888 1715 924 quadragesimo
1736 890 1870 926 quinto4:

1028 929 1107 958 Haec
1128 930 1199 959 (licit
1220 932 1361 960 Dominus
1382 931 1489 961 christo
1511 942 1582 968 11100,
1606 934 1691 972 Cyro,
1713 936 1798 964 euius
1820 945 1871 973 ap-

1027 976 1167 1013 prehendi
1187 978 1350 1012 dexteram,
1366 982 1399 1007 ut
1418 979 1575 1008 subiiciunt
1597 984 1662 1009 aute
1683 981 1786 1018 faeiem
1810 983 1872 1011 eius

1026 1027 1123 1060 pentes
1144 1028 1168 1052 et
1190 1024 1280 1052 dorsa
1302 1034 1403 1062 regium
1420 1030 1549 1060 vertanz,·
1570 1030 1596 1055 et
1611 1032 1719 1064 postea:
1744 1030 1777 1057 Et
1798 1029 1871 1058 dabo

1029 1070 1081 1098 tibi
1101 1069 1254 1099 thesauros
1283 1071 1466 1100 absconditos
1496 1077 1522 1101 et
1542 1082 1658 1102 arcana
1678 1079 1871 1110 secretorum,

1028 1121 1061 1145 ut
1074 1117 1163 1151 scias,
1184 1118 1255 1155 quia
1276 1127 1326 1155 eyo
1344 1119 1484 1147 Dominus
1499 1124 1549 1149 etc.
1564 1137 1602 1140 —
1619 1121 1715 1159 Cyrus
1730 1122 1780 1151 iste
1794 1123 1873 1151 Chri-

1028 1168 1100 1193 stum
1123 1164 1262 1201 designat,
1284 1166 1350 1201 quia
1371 1166 1427 1194 sola
1449 1166 1516 1195 fides
1538 1168 1687 1197 christiana
1707 1169 1771 1197 facit
1785 1170 1872 1198 Deum

1028 1211 1180 1248 intelligere
1202 1219 1261 1240 esse
1283 1212 1369 1240 Deum
1402 1220 1499 1241 verum
1532 1218 1558 1242 et
1589 1215 1727 1243 hominem
1759 1224 1871 1251 verum;

1028 1258 1085 1286 sola
1106 1258 1174 1286 fides
1195 1259 1342 1287 christiana
1365 1259 1428 1288 facit
1450 1261 1552 1289 sentire
1574 1269 1639 1289 vere
1659 1261 1693 1290 de
1713 1262 1805 1290 divina
1826 1263 1873 1291 bo—

1028 1305 1112 1333 nitate
1137 1308 1163 1333 et
1188 1305 1376 1334 misericordia
1398 1309 1425 1335 et
1446 1308 1567 1343 potentia
1593 1312 1620 1336 et
1644 1308 1790 1345 sapientia;
1817 1310 1874 1338 sola

1028 1351 1095 1380 fides
1116 1351 1215 1380 Christi
1245 1352 1309 1381 iacit
1340 1353 1492 1390 Intelligere
1514 1357 1540 1382 et
1561 1355 1678 1389 sentire,
1700 1355 1773 1392 quod
1798 1355 1874 1384 Chri-

1028 1402 1087 1427 stus
1109 1398 1155 1427 Dei
1171 1399 1254 1427 Filius
1269 1407 1304 1427 ex
1320 1400 1508 1429 misericordia
1523 1401 1605 1435 venit,
1621 1405 1651 1430 ut
1667 1410 1715 1438 per
1730 1410 1808 1431 suam
1823 1403 1873 1431 mi-

1028 1445 1204 1474 sericordiam
1226 1449 1253 1474 et
1273 1447 1389 1483 gratiam
1415 1447 1545 1476 liberaret
1576 1448 1707 1484 populum
1737 1457 1818 1478 suum
1847 1452 1874 1478 et

1029 1492 1118 1528 ipsum
1141 1492 1219 1521 bonis
1240 1493 1431 1528 spiritualibus
1452 1493 1560 1522 ditaret.
1583 1494 1685 1531 Populo
1700 1495 1784 1531 igitur
1799 1496 1872 1524 chri-

1029 1539 1116 1567 stiano
1138 1538 1188 1567 (lat
1204 1537 1356 1567 thesauros
1377 1539 1567 1569 absconditos.
1590 1540 1638 1569 Ubi
1662 1544 1726 1569 sunt
1748 1541 1791 1570 isti
1813 1542 1872 1570 the-

1029 1585 1125 1614 sauri?
1147 1586 1175 1614 In
1196 1586 1316 1620 Christo;
1339 1587 1412 1615 unde
1432 1588 1576 1623 Apostolus
1596 1588 1629 1616 ad
1644 1588 1816 1617 Colossenses
1830 1597 1873 1618 se-

1029 1632 1119 1661 cundo
1134 1633 1144 1649 5
1172 1633 1237 1661 (11011
1264 1633 1298 1662 (10
1325 1633 1448 1662 Christo:
1471 1634 1505 1662 Iu
1533 1643 1589 1672 quo
1609 1638 1677 1662 sunt
1701 1643 1798 1663 omnes
1819 1634 1873 1664 the-

1028 1679 1119 1707 sauri
1138 1679 1298 1716 sapientiae
1313 1683 1337 1708 et
1351 1680 1487 1709 scientiae
1502 1681 1671 1709 absconditi.
1688 1681 1734 1710 llic
1748 1685 1788 1710 est
1804 1682 1871 1710 liber

1030 1726 1179 1763 sapientiae
1200 1730 1327 1755 aeternae
1358 1727 1385 1755 in
1414 1727 1531 1756 Christ0.
1553 1728 1604 1756 Iste
1626 1728 1694 1756 liber
1715 1728 1810 1757 unitus
1831 1732 1873 1757 est

1029 1773 1115 1807 carni,
1137 1773 1247 1810 quando
1268 1773 1357 1802 factus
1385 1777 1426 1802 est
1457 1774 1554 1808 homo;
1576 1777 1603 1803 01
1630 1774 1690 1802 ideo
1711 1775 1871 1811 sapientiam

1030 1820 1109 1849 istam
1131 1829 1184 1849 non
1207 1820 1252 1849 dat
1274 1821 1348 1849 Deus
1369 1821 1418 1849 nisi
1442 1821 1618 1855 Christianis,
1640 1821 1687 1858 qui
1719 1821 1799 1850 fidem
1823 1822 1872 1850 ha-

1028 1867 1095 1896 bent
1115 1867 1149 1896 de
1170 1868 1358 1896 incarnatione
1386 1868 1460 1902 eius,
1482 1868 1547 1905 quia
1574 1868 1618 1897 alii
1647 1877 1700 1896 non
1725 1868 1870 1905 recipiunt.

1028 1915 1170 1943 Desideret
1190 1914 1274 1951 igitur
1294 1915 1375 1943 homo
1389 1915 1547 1951 sapientiam
1563 1916 1640 1944 istam
1657 1916 1791 1944 desiderio
1804 1915 1871 1944 sub-

1029 1962 1101 1995 limi,
1124 1965 1154 1990 ut
1168 1961 1324 1998 magnificet
1338 1962 1494 1990 Creatorem
1510 1970 1605 1996 suum,
1627 1962 1686 1991 eius
1707 1963 1870 1999 potentiam,

1029 2008 1188 2045 sapientiam
1210 2012 1236 2037 et
1252 2008 1415 2042 bonitatem,
1437 2011 1464 2037 et
1485 2009 1617 2037 Dominus
1637 2009 1711 2037 dabit
1732 2008 1768 2036 illi
1790 2009 1870 2037 istam

1029 2055 1197 2092 sapientiam.
1220 2072 1259 2075 —
1279 2055 1440 2089 Carissime‚
1462 2055 1578 2084 addiscis
1599 2059 1646 2089 tu,
1666 2058 1698 2084 ut
1711 2055 1745 2084 de
1759 2055 1871 2084 scientia

1029 2106 1076 2131 tua
1097 2102 1255 2139 magnifices
1280 2102 1387 2130 Deum?
1409 2102 1513 2130 Bonum
1536 2105 1577 2131 est
1603 2102 1768 2131 desiderium
1792 2105 1870 2130 tuum

1028 2152 1055 2177 et
1077 2149 1209 2183 sublime,
1232 2152 1258 2177 et
1280 2152 1310 2177 tu
1338 2156 1367 2177 es
1396 2149 1476 2177 homo
1504 2149 1659 2186 angelicus,
1680 2149 1744 2185 quia
1772 2152 1798 2177 et
1819 2149 1870 2177 hoc

1028 2195 1132 2224 faciunt
1153 2195 1261 2232 Angeli,
1283 2198 1417 2231 quantum
1441 2199 1564 2231 possunt.
1584 2195 1609 2223 Si
1631 2198 1723 2223 autem
1745 2194 1869 2228 addiscis,

1028 2245 1059 2270 ut
1086 2242 1157 2270 istud
1187 2250 1288 2278 corpus
1315 2242 1456 2270 infirmum
1486 2242 1589 2270 ditetur
1617 2245 1644 2270 et
1671 2242 1822 2270 honoretur
1844 2244 1871 2269 et

1028 2289 1141 2317 delicate
1163 2289 1236 2317 vivat
1257 2292 1283 2317 et
1304 2288 1460 2322 nutriatur3
1483 2297 1536 2316 non
1564 2291 1605 2317 est
1629 2288 1745 2316 sublime
1766 2287 1870 2316 deside—

1029 2336 1117 2369 rium,
1141 2343 1203 2364 cum
1225 2343 1279 2363 non
1301 2335 1412 2371 quaeris
1441 2335 1600 2371 sapientiam
1628 2335 1794 2371 angelicam,
1821 2334 1871 2362 sest

1029 2386 1174 2410 terrenam
1189 2385 1214 2410 et
1228 2381 1399 2415 animalem„
1415 2381 1501 2410 Iacobi
1519 2382 1600 2410 tertio
1614 2382 1638 2415 ⁶3
1661 2381 1798 2409 Psalmus:
1815 2380 1873 2416 Qui

1025 2429 1164 2466 producit
1190 2432 1286 2457 ventos
1313 2429 1346 2457 cle
1375 2427 1520 2456 thesauris
1540 2428 1612 2456 suis.
1635 2445 1671 2448 -—
1700 2428 1777 2456 Venti
1802 2436 1870 2464 pro-

1028 2476 1110 2504 ducti
1137 2476 1170 2504 cte
1197 2474 1342 2503 thesauris
1364 2475 1471 2503 Domini
1500 2478 1564 2504 sunt
1592 2475 1697 2503 animae
1725 2478 1752 2503 et
1779 2474 1871 2511 Angeli

1030 2523 1155 2559 producti
1178 2522 1210 2550 de
1232 2522 1326 2556 nihilo,
1343 2522 1415 2559 quod
1438 2525 1527 2558 potest
1542 2522 1617 2550 solus
1631 2522 1712 2550 Deus.
1728 2522 1785 2550 Non
1807 2524 1872 2549 sunt

1028 2577 1077 2605 per
1100 2569 1298 2597 traductionem
1321 2572 1352 2596 ut
1373 2576 1490 2605 corpora
1502 2568 1521 2602 ⁷,
1543 2571 1570 2597 01
1591 2571 1785 2605 comparantur
1806 2577 1871 2596 ven-

1029 2616 1082 2649 tis,
1105 2615 1170 2651 quia
1191 2618 1255 2643 sunt
1276 2615 1359 2651 agiles
1387 2618 1413 2643 et
1438 2615 1508 2643 fiunt
1539 2615 1674 2651 sapientes
1692 2615 1871 2644 desiderando

1030 2662 1185 2690 Creatorem
1208 2669 1305 2695 suum,
1327 2670 1342 2689 a
1364 2669 1418 2698 quo
1440 2662 1501 2690 sacti
1523 2665 1596 2690 sunt.

188 2827 196 2840 ²
214 2827 275 2850 Libr.
295 2828 319 2849 11.
336 2828 394 2855 Reg.
411 2827 437 2854 4,
455 2827 476 2849 7.
802 2827 811 2840 ²
829 2828 893 2850 Vers.
912 2828 933 2849 1.
950 2828 972 2850 5.

188 2865 197 2878 ³
215 2866 259 2889 Csr.
278 2867 292 2888 Ι.
312 2867 396 2888 invent.
415 2872 435 2888 0.
453 2866 498 2888 ⁴25:
517 2866 622 2888 Studium
641 2869 675 2888 est
695 2866 764 2888 animi
784 2867 875 2889 assidua
893 2869 914 2888 et
932 2872 971 2888 ve-

127 2907 222 2928 hemens
239 2905 268 2927 ad
286 2905 386 2934 aliquam
410 2911 458 2927 rem
474 2905 609 2933 applicatio,
628 2911 711 2932 magna
732 2911 784 2927 cum
803 2906 919 2927 voluntate
936 2911 971 2927 oc-

126 2945 225 2973 cupatio,
243 2947 267 2967 ut
284 2944 457 2972 philosophiae,
475 2944 590 2971 poeticae,
608 2944 761 2971 geometriae,
773 2944 907 2967 litterarum.

1091 2826 1100 2838 4
1118 2827 1182 2849 Vei-s.
1201 2827 1222 2847 11.
1244 2827 1265 2848 3.
1740 2825 1749 2838 ⁵
1766 2827 1831 2849 Vers.
1849 2826 1869 2848 3.

1092 2864 1101 2877 ⁶
1119 2865 1247 2892 Respicitur
1266 2866 1307 2887 lac.
1325 2865 1350 2893 3,
1369 2865 1410 2891 ,153
1428 2864 1561 2887 immediate
1578 2865 1682 2894 sequitur
1698 2865 1733 2887 Ps.
1751 2865 1808 2893 1134,
1824 2865 1847 2887 7.

1092 2903 1099 2916 ⁷
1117 2904 1162 2926 Cir.
1180 2904 1274 2930 Bonan,
1292 2904 1314 2926 11.
1333 2904 1393 2925 Sent.
1411 2904 1434 2926 d.
1454 2904 1490 2926 18.
1509 2910 1530 2926 a.
1547 2904 1569 2926 2.
1586 2910 1608 2932 q.
1626 2904 1646 2926 3.
1665 2904 1693 2926 ad
1712 2905 1738 2931 (ἐς
1756 2904 1778 2927 d.
1796 2904 1833 2926 31.
1851 2910 1872 2926 a.

1028 2944 1049 2965 2.
1067 2950 1089 2972 q.
1110 2944 1128 2965 1.

1888 759 2001 779 Subdivisio.

1885 898 1913 917 De
1921 898 2016 918 desiderio

1911 921 1992 941 sublimi.

1888 2063 1979 2082 Hortatio.
