2243 3348
31 1557 146 1599 Rssttississffl

35 2277 146 2304 'resti-monia

49 2303 131 2325 anuqua.

653 356 1416 422 INTRODUCTIO

429 506 543 555 CUM
587 506 863 554 croscum
907 506 979 553 DE
1023 504 1171 553 ARTE
1217 504 1643 566 snRMofflNANDI.

825 654 1242 679 ww

194 1079 214 1101 1.
232 1078 254 1101 S.
271 1077 433 1101 Beneventum
449 1084 489 1100 sno
505 1083 559 1100 aevo
575 1075 770 1100 celebratissimus
787 1074 834 1099 fuit
850 1081 975 1098 sermonum

350 1123 441 1140 suorum
457 1115 603 1146 praestantia
619 1116 643 1139 et
659 1114 817 1139 multitudine.

233 1207 354 1233 Volumen
366 1207 418 1232 111.
431 1206 566 1232 Vaticanae
584 1206 698 1232 editionis
710 1205 824 1231 Omnium
839 1206 862 1230 S.
876 1205 1006 1231 Bonaven-

163 1251 234 1276 turae
257 1250 365 1282 Operum
383 1257 432 1275 non
451 1250 562 1275 continet
579 1250 629 1274 nisi
650 1250 759 1274 eiusdem
783 1256 901 1280 magnum
921 1256 1008 1273 nnme-

163 1301 219 1319 rum
237 1301 377 1319 sermonum
390 1293 419 1318 de
432 1293 551 1324 Tempore
569 1293 595 1318 et
612 1293 641 1317 de
654 1292 765 1322 Sanctis;
784 1293 886 1323 insuper
905 1292 931 1316 in
951 1291 1008 1323 plu-

162 1337 231 1362 ribus
249 1336 431 1368 antiquioribus
450 1336 599 1361 editionibus
617 1335 698 1360 adhuc
710 1335 753 1360 alii
766 1342 815 1360 non
829 1335 901 1366 pauci
918 1342 1007 1360 sermo—

161 1387 205 1405 nes
222 1379 311 1404 tributi
329 1379 520 1404 Bonaventurae
538 1378 653 1409 impressi
672 1377 739 1402 sunt.
764 1377 882 1402 Libenter
900 1376 1007 1402 concedi-

161 1430 224 1451 mus,
244 1422 337 1447 multos
359 1429 443 1447 eorum
466 1429 519 1446 esse
545 1421 656 1452 spurios3
677 1420 719 1445 sed
737 1420 801 1444 hanc
818 1420 934 1444 lacunam
954 1419 1008 1450 plu-

161 1466 218 1491 rimi
235 1465 279 1490 alii
296 1465 402 1497 legitimi
420 1464 446 1489 et
463 1464 589 1495 hucusque
607 1463 694 1488 inediti
712 1463 879 1494 copiosissime
898 1461 1007 1493 explent.

232 1508 289 1533 Non
308 1508 346 1532 est
368 1507 446 1538 igitur
471 1506 607 1531 audiendus
637 1506 772 1531 Casimirus
798 1503 929 1530 Oudinus¹
952 1511 1008 1529 cum

163 1551 298 1577 editoribus
308 1550 410 1576 Venetis
420 1549 438 1579 ²,
452 1557 496 1581 pro
510 1557 577 1574 more
590 1556 634 1574 suo
647 1549 771 1574 Oudinum
784 1548 952 1579 sequentibus,
967 1547 1009 1578 qui

163 1594 268 1625 probare
285 1593 410 1622 nituntur,
429 1592 581 1624 impossibile
593 1592 677 1621 fuisse,
691 1592 715 1616 S.
728 1591 931 1617 Bonaventuram
945 1590 1009 1615 mul-

163 1636 197 1662 tis
215 1636 369 1667 infinitisque
388 1635 487 1661 Ordinis
505 1635 612 1666 negotiis
630 1634 854 1663 intricatissimnm⁷
876 1633 915 1659 tot
927 1641 940 1658 e
953 1640 1008 1664 sug-

162 1679 236 1711 gestu
255 1686 379 1704 sermones
399 1678 575 1709 pronuntiasse
602 1678 642 1702 vel
670 1677 807 1708 scripsisse,
826 1676 887 1708 quot
905 1676 954 1707 ipsi
972 1675 1009 1700 at-

162 1722 316 1748 tribuantur.
335 1736 370 1739 —
388 1722 460 1746 Hanc
478 1720 652 1746 difficultatem
670 1721 719 1745 iam
739 1720 811 1751 plene
830 1719 907 1745 solvit
928 1719 957 1743 P.
970 1719 1009 1743 Fi-

163 1765 224 1790 delis
243 1772 258 1789 a
276 1765 364 1789 Fauna
382 1764 406 1789 b.
426 1771 458 1788 m.
478 1764 504 1788 in
529 1763 647 1794 opusculo
672 1763 752 1788 Ratio
780 1769 860 1787 novae
885 1761 1008 1787 collectio-

161 1808 204 1833 πίε
223 1807 269 1832 etc.
289 1807 403 1838 (Taurini
422 1814 463 1831 an.
483 1806 566 1835 1874,
586 1814 643 1837 pag.
663 1805 695 1830 81
711 1806 798 1837 seqq).
818 1805 884 1830 Hinc
902 1804 1010 1830 sufficiat

162 1850 227 1875 hanc
245 1850 404 1875 obiectionem
424 1849 524 1874 tantum
543 1849 652 1874 breviter
677 1849 789 1880 tangere.
809 1847 934 1873 Praedicti
952 1848 1007 1877 viri,

163 1894 215 1919 solo
233 1893 360 1919 cuiusdam
373 1892 549 1924 congruentiae
562 1892 709 1924 argumento
722 1891 816 1920 confisi,
833 1891 1009 1922 argumentan-

163 1937 206 1962 tur
224 1937 311 1962 contra
329 1936 428 1966 filetum
448 1935 611 1966 historicum,
631 1935 695 1966 quod
714 1942 763 1960 non
782 1934 882 1959 tantum
902 1934 1010 1958 luculen-

163 1980 197 2005 tis
215 1980 325 2011 plurium
344 1986 488 2004 coaevorum
507 1978 656 2003 testimoniis
681 1977 851 2006 confirmatur,
871 1977 914 2002 sed
933 1977 1008 2001 etiam

164 2022 234 2049 extra
252 2022 443 2048 controversiam
458 2022 560 2053 ponitur
573 2028 664 2053 magno
682 2021 794 2051 ipsorum
813 2027 954 2045 sermonum
967 2027 1010 2044 nu-

164 2072 242 2096 mero,
262 2065 304 2097 qni
322 2065 347 2090 in
367 2064 453 2089 multis
472 2064 582 2095 antiquis
600 2063 723 2089 codicibus
736 2063 830 2094 primae
846 2062 919 2087 notae
932 2062 1010 2087 Bona-

164 2108 284 2134 venturae
296 2108 451 2133 tribuuntur,
463 2107 499 2132 De
512 2107 600 2132 horum
613 2107 660 2131 fide
673 2107 766 2131 nemini
779 2106 896 2137 prudenti
909 2105 1010 2130 dubium

165 2158 218 2176 esse
237 2150 331 2182 potest,
350 2151 392 2181 qui
411 2150 498 2175 nostra
516 2150 541 2174 in
562 2149 627 2175 hunc
645 2150 739 2174 tomum
759 2149 938 2180 Prolegomena
957 2155 1011 2173 exa-

166 2195 260 2219 minare
278 2194 394 2219 voluerit.

236 2237 373 2261 Audiamus
392 2237 475 2261 tamen
494 2243 637 2261 coaevorum
651 2236 794 2261 testimonia
813 2236 837 2260 in
852 2235 969 2266 opusculo
983 2234 1011 2258 P.

164 2279 256 2305 Fidelis
269 2278 382 2304 relata³z
403 2279 478 2310 Apud
488 2279 615 2304 vetustum
635 2279 779 2310 scriptorem
800 2278 936 2303 Martinum
956 2278 1012 2302 Ful-

165 2322 264 2347 densem
275 2322 283 2334 ⁴
302 2322 479 2347 Bonaventura
498 2321 615 2346 laudatur
638 2322 688 2346 «ut
707 2322 745 2346 vir
758 2328 863 2352 magnae
876 2320 1012 2345 devotionis

165 2372 194 2390 ac
211 2364 378 2394 innocentiae,
398 2365 423 2389 in
442 2364 495 2389 vita
508 2364 533 2389 et
545 2364 657 2390 doctrina
672 2364 802 2389 admodum
816 2364 956 2395 gratiosus,
971 2363 1013 2388 sed

166 2408 296 2439 praecipue
314 2408 339 2432 in
359 2414 469 2432 sermone
482 2417 507 2431 >›.
531 2407 605 2438 Apud
623 2408 748 2432 auctorem
767 2407 933 2438 synchronum
952 2406 1013 2431 Lab-

166 2451 271 2476 beanum
283 2449 292 2462 ⁵
311 2450 429 2475 laudatur
448 2450 477 2475 ut
497 2460 508 2472 ιε
520 2451 557 2474 vir
579 2450 709 2475 eminentis
723 2450 839 2475 scientiae
858 2450 883 2475 et
901 2450 1013 2481 eloquen-

166 2493 215 2519 tiae
225 2503 249 2523 »3
265 2494 290 2518 et
303 2493 369 2524 apud
382 2500 498 2518 coaevum
509 2493 678 2518 Ptolomaeum
689 2493 823 2518 Lucensem
835 2493 893 2518 Ord.
904 2493 992 2517 Praed.
1004 2491 1013 2504 ⁶

167 2536 311 2562 nominatur
337 2546 349 2558 ‹<
362 2536 476 2567 egregins
498 2536 689 2567 praedicator».
703 2536 739 2561 De
760 2536 843 2561 eodem
862 2536 891 2560 B.
911 2536 1013 2560 Franci-

230 2723 237 2736 ¹
256 2723 387 2746 Comment.
404 2724 434 2747 de
452 2724 561 2752 scriptor.
579 2724 661 2746 Eccles.
680 2727 694 2746 t.
712 2724 743 2747 ΙΙΙ,
762 2725 804 2747 col.
824 2725 869 2747 399
881 2731 947 2753 seqq.

230 2755 239 2768 ²
256 2756 323 2778 Tom.
341 2756 355 2777 Ι.
374 2755 482 2783 Dialriba,
500 2761 554 2783 pag.
576 2756 624 2777 109.

230 2785 239 2799 ³
257 2787 321 2809 Ratio
339 2790 382 2809 etc.
400 2793 455 2815 pag.
473 2787 501 2808 83
519 2792 584 2815 seqq.

230 2817 239 2829 ⁴
257 2819 279 2840 ln
297 2818 347 2840 eius
363 2818 476 2840 Chronico
493 2818 557 2845 apud
575 2818 620 2840 1011.
638 2818 722 2846 Georg.
739 2819 867 2841 Eccardum
881 2818 901 2840 in
913 2824 1013 2846 corpore

167 2849 275 2872 historico
292 2849 361 2872 medii
379 2849 438 2876 aevi,
456 2852 511 2871 10111.
529 2850 543 2871 Ι.
561 2850 605 2871 col.
623 2849 678 2871 1711
701 2856 765 2878 seqq.

230 2879 239 2892 ⁵
256 2880 409 2903 conciliorum
427 2883 481 2903 tom.
500 2881 559 2903 XlV.
576 2880 619 2903 coi.
637 2880 690 2907 505,
707 2881 744 2903 ed.
763 2880 891 2903 Coletanae.

230 2910 239 2923 Β
256 2912 323 2939 Apud
341 2912 456 2938 Murator„
479 2913 564 2934 Rerum
587 2912 713 2934 italicarum
736 2912 874 2940 Scriptores,
895 2914 952 2934 10111.
975 2912 1012 2934 ΧΙ.

167 2943 209 2965 col.
228 2943 295 2970 ⁴298,
313 2943 430 2965 Mediolani
450 2943 517 2965 1727.

233 2973 241 2986 ⁷
259 2975 282 2996 111
300 2974 351 2997 Mss.
370 2974 484 2997 chronicis
502 2973 694 2997 Fabi-ianonsibns
711 2974 748 2996 sol.
765 2974 787 2997 9.

1064 1082 1120 1100 scus
1139 1075 1168 1100 de
1186 1075 1310 1100 Fabriano
1321 1073 1339 1104 ⁷,
1358 1075 1417 1100 item
1445 1074 1563 1106 aequalis,
1582 1074 1692 1100 testatus
1710 1074 1756 1104 est,
1775 1075 1840 1106 quod
1858 1075 1910 1100 tam

1067 1128 1080 1140 «
1090 1118 1193 1149 pulcher
1212 1117 1267 1142 erat
1285 1117 1462 1143 sermocinator
1480 1117 1512 1142 ad
1536 1117 1629 1143 clerum
1651 1117 1677 1142 et
1700 1117 1855 1148 praedicator
1879 1117 1911 1143 ad

1062 1161 1190 1193 populum,
1209 1161 1239 1186 ut
1256 1161 1282 1186 in
1295 1161 1348 1186 eius
1368 1161 1510 1192 praesentia
1522 1161 1612 1192 ubique
1625 1160 1750 1186 terrarum
1769 1161 1848 1186 omnis
1861 1160 1910 1185 lin-

1063 1212 1114 1236 gua
1127 1204 1212 1229 sileret
1223 1214 1248 1229 >›.
1262 1204 1304 1229 Fr.
1323 1204 1461 1229 Salimbene
1479 1204 1622 1229 Parmensis
1640 1204 1666 1229 in
1686 1204 1813 1229 Chronicis
1837 1204 1888 1229 suis
1899 1203 1908 1216 ¹³

1064 1248 1093 1273 de
1112 1247 1154 1272 Fr.
1173 1247 1256 1272 Marco
1275 1247 1305 1272 de
1323 1246 1494 1276 Montefeltro‚
1519 1247 1596 1272 amico
1621 1254 1665 1272 sno
1687 1246 1713 1272 et
1735 1247 1758 1272 S.
1783 1247 1910 1272 Bonaven-

1064 1291 1136 1316 turae
1155 1291 1227 1320 socio,
1247 1290 1296 1315 ait:
1321 1300 1333 1313 «
1345 1290 1388 1315 Fr.
1407 1290 1506 1315 Marcus
1525 1297 1609 1316 omnes
1628 1297 1752 1315 sermones
1770 1290 1813 1314 Fr.
1831 1289 1910 1315 Bona-

1064 1333 1185 1359 venturae
1203 1333 1327 1358 scribebat
1346 1333 1371 1358 et
1388 1332 1479 1358 habere
1498 1332 1632 1358 volebat».
1656 1332 1691 1357 Et
1717 1332 1807 1357 ibidem
1830 1332 1908 1362 addity

1064 1376 1129 1407 quod
1147 1376 1189 1400 Fr.
1217 1376 1317 1400 Marcus
1345 1385 1357 1397 ‹<
1368 1375 1447 1401 bonus
1471 1375 1578 1400 dictator
1596 1375 1645 1400 fuit
1663 1375 1688 1400 et
1706 1375 1777 1400 velox
1796 1374 1821 1399 et
1839 1374 1911 1400 intel-

1063 1419 1193 1450 ligibilis...
1212 1418 1246 1443 Et
1265 1418 1409 1443 Generalem
1428 1418 1573 1443 Ministrum
1591 1418 1793 1443 Bonaventuram
1811 1418 1838 1442 in
1856 1417 1912 1442 tan-

1065 1461 1119 1486 tum
1138 1461 1237 1491 dilexit,
1257 1461 1321 1492 quod
1339 1461 1397 1492 post
1414 1460 1520 1486 mortem
1539 1461 1604 1490 01115,
1625 1461 1723 1492 quando
1734 1459 1912 1486 recordabatur

1065 1511 1170 1535 magnae
1179 1504 1338 1529 litteraturae
1350 1504 1430 1535 ipsius
1443 1503 1468 1528 et
1481 1504 1589 1528 omnium
1602 1503 1750 1535 gratiarum,
1764 1510 1826 1534 quas
1837 1502 1910 1528 habe-

1065 1547 1121 1577 bat,
1136 1555 1165 1572 ex
1184 1547 1290 1578 quadam
1308 1547 1435 1571 dulcedine
1454 1546 1599 1577 erumpebat
1617 1547 1643 1571 in
1660 1547 1783 1577 lacrymas
1796 1556 1822 1570 ».

1136 1590 1273 1614 Audiamus
1292 1590 1394 1620 insuper
1413 1589 1459 1614 hac
1484 1596 1559 1620 super
1584 1597 1610 1614 re
1634 1589 1769 1614 Henricum
1788 1588 1817 1613 de
1835 1588 1911 1613 Yser-

1065 1634 1107 1658 nia
1117 1632 1126 1645 ⁰
1146 1633 1170 1657 S.
1183 1633 1373 1658 Bonaventurae
1386 1632 1546 1657 scribentem:
1565 1642 1577 1654 ‹<
1589 1632 1649 1657 Viro
1663 1631 1776 1656 virilibus
1788 1631 1910 1656 virtutum

1066 1675 1184 1706 potentiis
1211 1675 1331 1706 insignito
1359 1675 1486 1705 multaque
1511 1674 1623 1705 praedito
1647 1674 1785 1705 probitate,
1811 1674 1908 1698 domino

1065 1718 1107 1742 Fr.
1119 1717 1316 1746 Bonaventurae,
1327 1717 1464 1742 Albanensi
1478 1717 1591 1748 episcopo
1604 1717 1744 1746 reverendo,
1755 1716 1788 1742 H.
1798 1716 1827 1741 de
1838 1716 1910 1741 Yser-

1065 1761 1107 1785 nia
1127 1760 1283 1792 (Hysernia)‚
1302 1760 1421 1791 quidquid
1439 1760 1478 1784 est
1497 1760 1543 1784 sibi
1562 1759 1682 1784 creditum
1701 1767 1716 1784 a
1734 1759 1825 1784 natura
1837 1769 1863 1783 >›.

1139 1813 1151 1825 «
1162 1804 1231 1828 Licet
1243 1810 1271 1828 ex
1285 1803 1445 1828 contubernio
1464 1802 1644 1827 familiaritatis
1657 1802 1803 1827 domesticae
1816 1801 1841 1827 et
1850 1802 1910 1827 assi-

1066 1847 1113 1871 duo
1133 1847 1253 1871 sermonis
1272 1846 1429 1871 intercalaris
1448 1846 1569 1877 alloquio,
1589 1853 1651 1877 quae
1669 1845 1835 1870 humanarum
1854 1852 1911 1870 con-

1067 1890 1202 1915 sueverunt
1226 1889 1346 1914 mentium
1372 1889 1486 1920 detegere
1513 1888 1673 1920 qualitatem,
1694 1888 1723 1913 de
1747 1888 1823 1913 Vobis
1849 1887 1910 1912 mihi

1067 1933 1139 1958 nulla
1157 1933 1248 1958 notitia
1272 1932 1435 1963 praebeatur3
1455 1932 1513 1963 quia
1531 1932 1615 1956 tamen
1634 1939 1663 1956 ex
1681 1931 1795 1956 veridicis
1814 1937 1910 1962 praeco-

1066 1976 1152 2001 nantis
1171 1975 1250 2001 famae
1269 1975 1404 2004 relatibus,
1424 1982 1486 2006 qnae
1504 1975 1578 2006 longe
1596 1974 1694 2005 lateque
1713 1974 1806 1999 serenis
1824 1973 1913 1998 clarifi-

1069 2019 1110 2044 cat
1135 2019 1231 2048 titulis,
1255 2025 1344 2043 nomen
1369 2018 1480 2042 vestrum
1509 2025 1582 2042 nosco
1611 2017 1637 2042 et
1662 2016 1756 2045 sentio,
1781 2016 1862 2047 qualis
1888 2016 1914 2041 et

1068 2062 1177 2094 quantus
1197 2062 1270 2091 estis,
1290 2062 1395 2093 dignum
1415 2061 1466 2086 fore
1484 2061 1593 2086 censui»
1615 2060 1662 2085 etc.

1143 2114 1155 2126 1(
1165 2104 1227 2134 Quia
1246 2104 1296 2128 tria
1316 2104 1376 2128 sunt
1395 2103 1578 2132 tantummodo,
1595 2110 1669 2134 quae⁷
1688 2110 1742 2127 cnm
1762 2102 1786 2126 in
1806 2102 1912 2133 aliquem

1068 2147 1198 2172 transfusa
1216 2147 1321 2176 fuerint,
1342 2147 1425 2177 ipsum
1444 2146 1543 2178 gratum
1565 2145 1682 2170 statuunt
1700 2145 1725 2169 et
1743 2145 1774 2170 ad
1788 2145 1913 2170 cumulum

1068 2190 1225 2222 perfectionis
1244 2190 1383 2218 adducunt,
1403 2189 1567 2214 membrorum
1587 2188 1793 2213 commensuratio
1812 2187 1913 2216 scilicet,

1068 2241 1115 2258 vox
1134 2234 1159 2258 et
1177 2233 1278 2264 gestus,
1297 2240 1359 2263 quae
1378 2232 1499 2263 profecto,
1519 2231 1566 2256 etsi
1586 2238 1642 2256 raro
1656 2231 1752 2262 partem
1766 2229 1914 2255 conveniant

1068 2278 1093 2302 in
1112 2277 1229 2305 eandem,
1249 2276 1291 2301 sed
1310 2276 1409 2300 divisim
1434 2276 1459 2300 in
1478 2275 1535 2299 aliis
1560 2274 1661 2299 valeant
1680 2274 1799 2302 inveniri3
1819 2273 1843 2297 in
1862 2272 1913 2297 Vos

1068 2320 1152 2345 tamen
1172 2319 1275 2350 quodam
1295 2318 1470 2350 germanitatis
1483 2317 1578 2343 foedere
1591 2317 1684 2342 sociata
1697 2324 1722 2341 se
1736 2316 1821 2341 taliter
1833 2315 1914 2340 trans-

1069 2363 1201 2392 fuderunt,
1220 2362 1249 2386 ut
1267 2362 1342 2386 mirer
1361 2361 1491 2386 admodum
1511 2360 1536 2385 et
1560 2360 1700 2391 stupescam
1725 2359 1754 2383 de
1782 2358 1853 2383 tanto
1871 2358 1913 2382 mi-

1070 2406 1154 2431 raculo
1173 2404 1294 2430 novitatis
1307 2414 1332 2428 ».

1145 2448 1247 2477 «Nam,
1267 2455 1321 2472 cum
1340 2447 1424 2471 anima
1448 2446 1518 2471 iuxta
1536 2445 1613 2470 divini
1631 2444 1744 2470 Platonis
1764 2443 1912 2468 sententiam

1070 2491 1165 2522 corpori
1185 2490 1302 2521 copulata
1318 2490 1383 2521 qnod
1396 2489 1469 2514 discit
1485 2489 1555 2514 velut
1572 2489 1698 2514 immemor
1712 2486 1852 2512 recordetur
1870 2493 1915 2510 nec

1071 2535 1177 2560 recolere
1197 2534 1280 2558 valeat
1305 2533 1442 2562 commode,
1462 2533 1508 2557 nisi
1537 2532 1597 2557 hene
1620 2530 1807 2562 proportionato
1830 2529 1914 2554 iuncta

1131 2722 1140 2735 Β
1158 2723 1212 2751 Pag.
1233 2723 1274 2744 136
1292 2722 1344 2745 edit.
1364 2722 1493 2744 Parmensis
1515 2721 1579 2744 1857.
1597 2721 1660 2743 Plura
1680 2720 1733 2742 ride
1751 2719 1771 2741 in
1788 2718 1854 2742 Ratio
1872 2721 1913 2740 etc.

1076 2761 1123 2782 Jag.
1143 2755 1179 2780 88,
1199 2757 1252 2776 nota
1272 2754 1292 2775 1.

1070 2762 1075 2783 ¹
1132 2784 1141 2797 ⁰
1159 2786 1219 2807 Haec
1236 2785 1340 2812 epistola,
1358 2787 1433 2807 sumta
1446 2790 1471 2806 ex
1485 2783 1563 2806 codice
1582 2782 1754 2805 Vindobononsi
1772 2781 1832 2808 sign.
1843 2779 1912 2806 3143,

1069 2823 1127 2839 saec.
1147 2817 1208 2843 xlv,
1225 2816 1301 2844 primo
1319 2816 1429 2843 impressa
1448 2818 1481 2837 est
1499 2815 1519 2836 111
1538 2814 1663 2836 Prodromo
1682 2814 1703 2835 Ρ.
1721 2812 1805 2834 Bonelli
1823 2812 1864 2833 col.
1883 2810 1911 2832 57

1070 2854 1126 2876 seq„
1144 2851 1166 2869 et
1183 2854 1208 2870 ex
1227 2853 1254 2869 eo
1277 2847 1359 2869 iterum
1382 2852 1466 2874 magno
1485 2852 1512 2868 ex
1530 2848 1594 2873 parto
1619 2845 1641 2866 in
1659 2843 1769 2871 opusculo
1787 2842 1852 2865 Ratio
1870 2844 1912 2863 etc.

1070 2886 1123 2907 pag.
1142 2879 1170 2900 86
1189 2885 1253 2907 seqq.
1272 2879 1385 2906 {inpressa
1397 2881 1431 2900 est
1442 2877 1510 2899 cnam
1528 2877 1630 2898 Viennae
1646 2875 1702 2897 1803
1716 2875 1736 2896 in
1749 2874 1820 2896 libro:
1836 2873 1911 2895 Codex

1070 2909 1198 2938 epistolaris
1215 2909 1327 2931 Primislai
1339 2909 1436 2931 Ottocari
1455 2909 1478 2935 ΙΙ,
1496 2907 1618 2930 Boliemiuc
1635 2906 1707 2933 regis,
1725 2912 1736 2927 a
1756 2906 1844 2927 Thoma
1862 2904 1914 2925 Dol-

1070 2942 1143 2969 110ςο1·
1161 2942 1184 2963 S.
1203 2941 1228 2963 U.
1247 2941 1289 2963 iste
1305 2940 1417 2962 ΗΘΜ-10115
1432 2940 1472 2961 suit
1484 2938 1587 2961 notarius
1604 2937 1703 2960 Ottocari
1717 2938 1740 2964 ll,
1757 2936 1796 2965 qni
1818 2935 1859 2958 suit
1875 2941 1913 2957 rex

1071 2972 1194 2995 Boncmiae
1211 2971 1240 2993 ab
1258 2977 1318 2993 anno
1339 2971 1477 2993 1253-1278.

1927 1633 2009 1656 Epistola
2021 1633 2045 1651 ad

1928 1657 2042 1675 noum-entu-

1962 1685 2007 1698 ram.
