2243 3348
51 692 166 713 Notandum.

61 1578 89 1597 De
101 1579 155 1597 stella

65 1602 151 1626 septima.

43 1998 98 2021 Signa
111 1997 167 2016 huius

39 2021 168 2040 excellentiae.

0 3129 10 3199 -5.—

646 187 686 215 DE
708 186 912 216 ASSUMTtONE
934 187 961 215 B.
983 186 1124 215 VlRGlNlS
1145 187 1272 215 MARIAE.
1294 186 1403 216 SERMO
1425 187 1465 215 Vl.

182 263 366 292 adiutorium
388 264 482 293 simile
502 264 567 293 sibi.
590 265 649 301 Ipsa
670 265 742 293 enim
765 265 797 293 ad
823 265 1028 294 similitudinem

181 310 239 338 Filii
254 310 295 338 sui
312 310 364 339 sub
382 318 465 339 cruce
486 313 513 339 et
534 310 614 339 iuxta
635 318 746 339 erucem
770 311 866 339 habuit
887 318 1028 339 summum

180 357 326 394 yaudium
349 361 375 385 et
397 365 536 386 summum
552 357 697 391 dolorem,
719 358 790 386 sicut
805 358 887 386 Filius
902 358 928 386 in
945 365 1029 386 cruce

182 407 210 432 et
225 412 273 440 per
289 411 411 432 crucem.
427 404 572 432 Summum
595 404 692 432 habuit
713 404 840 433 dolorem.
860 404 1028 432 naturalem

182 450 216 479 de
238 454 326 479 morte
355 453 381 479 et
413 458 553 479 summum
580 451 725 487 yaztclium
755 450 899 479 rationale
919 451 953 479 de
978 451 1029 478 hu-

184 498 256 525 mani
288 497 397 533 generis
428 497 625 533 redemptione.
659 498 696 525 De
725 498 829 534 primo,
851 497 1027 525 Threnorum

183 544 273 580 primo
286 545 311 571 ¹:
330 544 352 572 O
373 552 422 571 vos
444 552 557 576 omnes,
580 544 632 582 qui
653 544 787 572 transitis
805 552 858 581 per
878 544 968 572 viam.
991 544 1029 572 De

183 590 303 618 secundo
324 594 520 627 argumentum
543 590 772 623 efficacissimum,
787 591 879 619 sudor
894 591 939 619 ille
959 598 1028 618 san-

181 636 318 673 quineus,
335 637 493 665 decurrens
514 637 545 665 in
567 641 677 665 terram
693 636 718 671 2,
740 637 787 673 qui
804 645 857 665 11011
873 640 927 665 tam
943 644 979 665 ex
995 637 1028 665 ti-

183 691 260 711 more
288 691 371 720 quam
401 692 437 712 ex
465 692 558 712 amore
590 684 730 720 processit.
759 684 852 711 Timor
879 683 951 711 enim
981 691 1028 712 cor

183 730 362 767 constringit,
384 730 545 767 sanguinem
568 733 595 758 et
616 730 744 766 spiritum
763 729 887 761 retrahit,
902 733 1029 758 extrema

183 776 308 813 corporis
329 776 426 813 frigida
447 776 595 813 relinquit,
617 779 765 804 tremorem
788 779 814 804 et
843 776 1029 804 horribilatio-

184 830 245 851 nem
268 822 366 857 efficit;
389 823 519 860 gaudium
541 826 633 851 autem
655 822 743 859 aperit
764 822 892 858 spiritum
915 826 941 850 et
966 830 1028 850 san-

175 866 293 906 ‘guinem
316 878 365 906 per
387 878 489 906 corpus
503 869 645 902 diffundit,
668 877 750 905 poros
771 868 875 905 aperit,
897 868 1029 896 extremi-

183 919 253 945 tates
274 916 403 945 calefacit.
427 917 466 944 Ex
489 916 532 944 his
553 915 717 944 naturaliter
731 915 820 951 colligi
842 917 940 951 potest,
955 914 1029 951 quod

183 962 268 991 sudor
290 963 334 991 1110
355 963 523 999 sanguineus
544 962 688 990 ineffabilis
715 961 807 998 gaudii
832 964 1027 998 argumentum

183 1008 248 1043 suit,
270 1009 344 1045 quod
367 1009 530 1045 Redemptor
552 1011 644 1036 noster
666 1008 763 1036 habuit
784 1015 868 1045 super
889 1015 934 1042 eo,
955 1007 1029 1044 quod

183 1055 404 1084 amicabilissimo
426 1055 514 1088 modo,
536 1055 583 1091 qui
605 1054 757 1091 excogitari
772 1057 888 1091 poterat,
903 1062 953 1083 nos
967 1054 1029 1082 red-

183 1102 258 1131 emit.
275 1102 404 1130 Similiter
419 1105 446 1130 et
461 1102 545 1130 Mater
559 1101 702 1130 benedicta
716 1109 855 1130 summum
871 1101 968 1130 hahuit
981 1101 1029 1129 do-

183 1149 269 1177 lorem
290 1148 458 1177 naturalem
474 1157 510 1177 ex
525 1148 669 1177 dilectione
684 1148 739 1176 Filii
764 1156 813 1184 pro
832 1151 929 1182 morte,
945 1156 1028 1185 quam

183 1202 314 1231 praesens
341 1195 464 1231 aspexit;
493 1202 629 1223 summam
654 1194 826 1223 dilectionem
855 1194 1029 1222 rationalem

183 1249 268 1278 super
289 1249 334 1275 e0,
356 1241 429 1278 quod
451 1242 496 1270 ille
510 1242 557 1278 qui
579 1241 613 1270 de
634 1249 665 1270 ea
687 1244 768 1270 natus
788 1241 849 1274 fuit,
865 1244 939 1270 tanta
960 1241 1030 1270 cari-

183 1288 246 1316 tatis
267 1288 421 1316 ostensione
445 1289 595 1316 humanum
617 1296 705 1324 genus
726 1287 849 1316 redemit.
870 1288 908 1316 De
930 1288 1029 1324 primo,

184 1335 272 1363 Lucae
293 1334 413 1363 secundo
425 1335 451 1362 ³:
474 1335 565 1362 Tuam
583 1334 677 1371 ipsius
692 1335 824 1362 animam
837 1334 1030 1371 pertransibit

181 1380 310 1417 pladius
333 1381 371 1409 De
399 1381 520 1409 secundo
545 1381 706 1409 Ambrosius
727 1380 824 1416 (dicit),
847 1381 919 1417 quod
947 1392 959 1405 a
975 1384 1030 1409 sta-

184 1427 230 1455 bat
251 1428 330 1455 iuxta
352 1435 477 1461 crucem,
499 1435 553 1455 non
575 1430 606 1455 ut
627 1427 748 1455 dolorem
771 1427 844 1461 Filii,
867 1427 913 1456 sed
935 1431 966 1456 ut
987 1436 1029 1456 sa-

185 1474 269 1502 lutem
292 1475 401 1511 generis
422 1475 535 1502 humani
557 1477 773 1510 exspectaret».

263 1521 383 1557 Septima
405 1521 482 1549 stella
504 1524 545 1549 est
559 1529 647 1558 super
663 1529 772 1549 omnem
787 1529 898 1558 puram
914 1526 1029 1549 creatu-

183 1576 252 1596 ram
272 1567 419 1596 exaltatio.
442 1567 517 1596 Unde
538 1568 686 1601 honorem,
709 1575 791 1604 quem
813 1568 945 1596 dehemus
968 1568 1029 1597 aliis

183 1614 288 1642 Sanctis
303 1614 336 1642 de
351 1622 491 1651 congruo,
507 1614 556 1650 ipsi
572 1614 704 1643 debemus
717 1614 751 1642 de
770 1614 920 1651 condiyno.
937 1615 1026 1643 Unde:

184 1660 255 1689 luna
276 1660 329 1688 sub
348 1660 471 1697 pedibus
492 1661 572 1694 eius,
594 1665 626 1689 ut
647 1669 746 1697 supra;
769 1664 796 1689 et
815 1661 965 1689 Cherubim
983 1670 1028 1689 re-

182 1707 313 1744 spiciunt
333 1707 426 1735 versis
446 1707 574 1735 vultibus
595 1707 626 1735 in
644 1707 905 1744 propitiatorium,
927 1710 958 1736 ut
981 1716 1028 1736 su-

182 1762 248 1790 pra;
269 1758 296 1782 et
316 1754 422 1791 viyinti
442 1757 571 1791 quatuor
591 1754 719 1782 seniores
740 1754 858 1782 mittunt
885 1762 1026 1789 coronas,

183 1804 215 1829 111
235 1808 328 1837 supra.
351 1801 378 1829 111
401 1801 481 1829 cuius
502 1801 628 1837 signum,
650 1801 721 1829 sicut
747 1801 820 1829 Deus
848 1801 950 1829 dicitur
974 1802 1028 1829 Do-

182 1847 283 1875 minus
303 1851 400 1875 noster
421 1847 546 1876 absolute
569 1855 617 1884 per
639 1848 840 1881 excellentiam,
856 1848 893 1876 sic
915 1848 974 1884 ipsa
987 1848 1028 1876 di-

183 1894 255 1922 citur
272 1894 397 1922 Domina
411 1898 514 1922 nostra
528 1894 661 1923 absolute.
677 1894 752 1923 Unde
767 1895 806 1922 4...
826 1895 940 1923 Domina
955 1895 1026 1923 enim

183 1948 248 1969 vere
260 1940 330 1968 sacta
341 1943 382 1969 est
393 1941 515 1968 omnium
529 1944 733 1975 creaturarum,
741 1941 894 1970 Conditoris
905 1941 1028 1970 existens

183 1987 276 2015 Mater.
298 2003 337 2006 —
358 1986 421 2015 Inde
442 1987 527 2015 huius
548 1987 727 2015 excellentiae
748 1990 789 2016 est
810 1987 932 2024 signum,
954 1987 1028 2024 quod

183 2033 264 2061 etiam
282 2033 414 2062 Dominus
428 2041 536 2061 omnem
555 2033 688 2062 honorem
706 2041 797 2067 suum,
812 2041 895 2070 quem
911 2034 937 2061 in
953 2037 1028 2062 terra

184 2079 297 2113 habuit,
319 2079 342 2108 ei
364 2080 586 2108 communicavit.
610 2079 684 2108 Unde
705 2083 825 2116 quatuor
839 2080 907 2108 festa
926 2080 985 2108 eius
1000 2080 1027 2108 in

183 2129 304 2162 quatuor
315 2126 379 2154 anni
395 2126 521 2162 partibus
531 2126 659 2154 distincta
670 2126 752 2160 dedit,
764 2127 842 2163 quasi
854 2127 941 2155 dicat:
957 2127 1028 2155 sicut

183 2180 233 2209 per
248 2175 335 2201 totum
352 2173 478 2209 (annum)
491 2173 599 2201 servitis
614 2173 690 2206 mihi,
703 2173 804 2202 servite
818 2181 894 2202 meae
909 2173 1028 2202 dilectis-

183 2213 272 2248 simae
289 2219 376 2247 Matri.
400 2219 432 2247 Et
453 2219 531 2256 quasi
554 2220 606 2248 hoc
626 2228 681 2248 non
700 2220 848 2254 sufficeret,
864 2220 890 2248 in
906 2219 1028 2257 qualibet

183 2266 335 2302 septimana
348 2266 372 2294 ei
387 2274 475 2294 unum
489 2266 561 2295 diem
577 2266 659 2300 dedit,
675 2266 823 2295 Sabbatum
839 2267 927 2300 illum,
943 2274 1025 2303 quem

182 2313 303 2341 maxime
323 2313 436 2347 dilexit3
451 2313 484 2342 de
499 2322 554 2350 quo
569 2313 709 2350 signanter
724 2313 761 2341 ait
776 2313 802 2341 ⁵:
818 2313 971 2347 Memento,
996 2316 1027 2341 ut

182 2359 257 2387 diem
269 2359 391 2388 Sabbati
404 2359 576 2396 sanctifices,
588 2363 615 2388 et
629 2363 790 2396 sequentem
805 2367 855 2388 suo
867 2360 952 2388 cultui
969 2367 1026 2396 spe-

183 2405 287 2434 cialiter
300 2406 472 2443 mancipavit.
485 2406 534 2435 Sed
547 2406 649 2443 (quasi)
661 2414 710 2434 nec
722 2406 812 2434 adhue
823 2407 875 2435 hoe
887 2406 936 2434 sibi
953 2406 1027 2434 suffi-

183 2455 266 2486 ceret,
281 2453 357 2488 quin,
372 2453 444 2481 sicut
458 2460 486 2481 se
501 2453 605 2489 ipsum,
621 2453 659 2481 sic
673 2456 700 2481 et
714 2453 827 2481 Matrem
842 2460 920 2481 suam
935 2453 1026 2489 quoti-

182 2498 263 2527 diano
274 2499 385 2528 servitio
396 2499 574 2536 manciparet,
585 2499 659 2528 horis
669 2499 812 2533 distinctis,
821 2499 929 2528 diurnis
943 2502 970 2528 et
982 2508 1026 2528 no-

183 2545 299 2579 cturnis,
313 2546 393 2574 etiam
410 2546 539 2574 honorari
555 2546 706 2579 ordinavit3
729 2549 755 2574 et
770 2546 808 2574 sic
822 2546 913 2574 omnia
931 2553 1025 2574 secum

1870 190 1925 217 7035

1086 265 1300 294 communicavit
1320 265 1347 293 in
1369 265 1491 302 signum,
1513 265 1587 302 quod
1609 266 1695 302 ipsam
1711 273 1795 302 super
1816 274 1924 295 omnem

1086 314 1241 340 creaturam
1261 312 1439 345 exaltaverit;
1455 312 1528 349 quod
1544 313 1620 348 (non)
1637 316 1742 341 tantuin
1759 313 1925 342 rationabili*

1086 361 1137 392 ter,
1152 358 1198 386 sed
1223 358 1331 387 realiter
1346 358 1373 386 in
1391 359 1558 387 assumtione
1572 359 1659 396 ipsius
1673 359 1774 388 factum
1790 363 1839 395 est,
1855 360 1926 389 sicut

1086 403 1210 442 (dicitur)
1232 404 1329 433 Esther
1346 404 1450 433 decimo
1464 405 1561 441 quinto
1575 406 1602 433 ⁶:
1625 406 1677 434 Die
1697 407 1779 435 tertio
1800 407 1925 436 circum-

1085 450 1156 478 data
1177 455 1218 479 est
1240 451 1336 479 Esther
1356 450 1454 488 gloria
1468 460 1525 479 sua
1546 454 1612 486 etc.;
1635 456 1661 481 et
1679 456 1739 489 post
1760 461 1861 489 pauca:
1878 454 1925 482 In-

1084 504 1187 533 92'essa
1208 496 1301 533 iyitur
1322 501 1427 525 cuncta
1439 505 1492 534 per
1513 498 1644 526 ordinem
1666 499 1750 532 ostia,
1771 499 1845 527 stetit
1860 508 1925 528 con-

1086 546 1134 571 tra
1155 551 1260 580 reveni,
1282 542 1333 571 ubi
1353 543 1398 571 ille
1429 544 1570 572 residebat
1597 553 1686 582 super
1712 546 1818 574 solium
1843 547 1927 583 reyni‘

1084 589 1143 622 sui,
1158 589 1280 617 indutus
1300 589 1425 618 vestibus
1446 591 1534 627 reyiis
1549 599 1681 629 auroque
1694 591 1808 630 fulyens
1823 597 1847 621 et
1858 601 1925 630 pre-

1086 635 1167 663 tiosis
1189 635 1343 673 lapidibus.
1359 653 1396 656 —
1414 636 1496 665 Ostia
1510 638 1629 671 Assueri,
1645 638 1670 667 id
1685 642 1726 667 est
1741 639 1925 673 beatitudinis,

1086 685 1151 711 sunt
1171 683 1249 716 ostia,
1264 691 1334 720 quae
1349 687 1493 712 enumerat
1510 684 1641 713 Dominus
1656 685 1681 713 in
1703 686 1829 714 Matthaei
1845 687 1924 723 quin-

1086 732 1113 757 to
1129 729 1154 757 ⁷:
1180 730 1262 758 Beati
1284 738 1429 767 pauperes
1449 731 1557 768 spiritu
1578 734 1644 765 etc.;
1667 735 1693 760 et
1722 733 1759 761 sic
1781 737 1925 762 enumerat

1086 776 1121 804 ibi
1143 776 1221 809 ostia,
1242 785 1313 813 quae
1328 778 1505 813 pertransivit
1522 778 1600 806 beata
1615 779 1706 815 Virgo,
1722 779 1792 808 sicut
1814 780 1924 816 planum

1085 825 1126 851 est
1146 822 1180 850 de
1200 822 1278 851 factis
1298 823 1366 851 eius.
1382 824 1532 860 Septimum
1544 824 1564 858 3,
1587 825 1726 854 videlicet:
1743 826 1827 855 Beati
1844 827 1925 863 paci-

1085 867 1135 904 fici
1148 871 1209 901 etc„
1232 868 1298 897 haee
1320 877 1373 905 pax
1395 873 1445 903 est,
1460 878 1530 906 quae
1545 878 1599 898 non
1621 871 1674 899 iarn
1690 875 1731 900 est
1748 872 1864 906 ostium,
1880 872 1926 901 sed

1085 914 1164 942 sedes
1185 917 1212 942 et
1234 913 1373 948 thronus,
1395 916 1421 943 in
1444 924 1499 952 qua
1526 917 1679 953 quiescunt.
1708 918 1785 954 Apud
1807 919 1925 955 primum

1085 960 1185 988 ostium
1208 960 1331 989 habitant
1351 961 1539 996 Confessores;
1558 963 1630 999 apud
1652 965 1812 999 seeundum,
1828 966 1926 1002 Marty-

1086 1014 1143 1041 res;
1159 1007 1232 1043 apud
1247 1007 1370 1041 tertium,
1383 1008 1548 1045 Prophetae;
1565 1010 1643 1038 iuxta
1655 1014 1794 1047 quartum,
1810 1012 1926 1040 Patriar-

1086 1054 1169 1087 chae;
1185 1053 1264 1082 iuxta
1277 1054 1415 1090 quintum,
1427 1056 1543 1092 Apostoli
1555 1067 1561 1089 ;
1577 1057 1655 1085 iuxta
1669 1061 1790 1092 sextum,
1803 1059 1927 1096 Virgines

1086 1102 1113 1128 et
1127 1100 1226 1136 Angeli.
1250 1100 1317 1128 Haec
1339 1109 1450 1137 quoque
1470 1102 1606 1138 adaptatio
1621 1111 1670 1139 per
1686 1112 1714 1132 se
1728 1108 1802 1141 patet
1816 1105 1925 1142 cuique.

1087 1147 1243 1176 Beatissima
1258 1147 1353 1184 Virgo,
1369 1148 1479 1176 deliciis
1493 1149 1633 1185 affluenS,
1655 1151 1760 1179 innixa
1774 1160 1862 1188 super
1884 1152 1926 1180 di-

1087 1193 1189 1222 leetum
1217 1203 1305 1222 suum
1320 1195 1346 1228 ⁹,
1367 1195 1515 1224 ascendens
1544 1204 1592 1232 per
1623 1197 1690 1226 haec
1710 1198 1794 1232 ostia,
1820 1199 1925 1235 singula

1083 1248 1137 1276 per
1151 1240 1281 1268 ordinem
1298 1241 1424 1275 intravit,
1446 1242 1537 1270 omnia
1551 1243 1658 1279 agmina
1672 1244 1838 1281 Angelorum
1852 1248 1925 1273 tran-

1086 1287 1202 1320 scendit,
1224 1287 1354 1324 singulis,
1376 1296 1438 1316 cum
1461 1289 1657 1325 pertransiret,
1679 1291 1924 1320 succlamantibus:

1089 1334 1213 1367 Intende,
1233 1343 1371 1371 prospere
1379 1336 1501 1371 procede
1515 1340 1540 1363 et
1554 1344 1663 1373 remia,-
1684 1340 1711 1365 et
1726 1337 1763 1366 sic
1785 1345 1846 1366 cum
1862 1338 1926 1366 Filio

1086 1388 1136 1408 suo
1161 1388 1246 1417 super
1266 1389 1374 1409 0111110111
1398 1382 1578 1417 (creaturam)
1609 1383 1635 1411 in
1668 1383 1768 1412 throno
1799 1385 1841 1412 sui
1869 1384 1925 1412 Filii

1085 1427 1221 1460 consedit3
1244 1430 1270 1455 et
1288 1428 1403 1464 positus
1423 1432 1463 1456 est
1485 1427 1608 1457 tlironus
1627 1430 1718 1458 matri
1737 1431 1831 1467 repis,
1853 1440 1927 1468 quae

1084 1474 1157 1501 sedit
1178 1474 1218 1501 art
1244 1474 1394 1502 dexteram
1415 1475 1485 1503 eius.
1508 1475 1583 1511 Quae
1603 1476 1675 1504 enim
1703 1477 1755 1505 alia
1776 1478 1814 1506 sic
1842 1485 1925 1514 super

1084 1528 1193 1548 omnem
1214 1523 1370 1548 creaturam
1393 1524 1434 1549 est
1455 1522 1595 1550 exaltata?

1163 1565 1265 1594 Octava
1287 1567 1364 1595 stella
1385 1570 1426 1595 est
1447 1568 1651 1604 appropriatio
1668 1569 1838 1606 dignitatis,
1854 1579 1925 1607 quae

1084 1613 1185 1641 dieitur
1204 1617 1291 1649 porta
1313 1613 1401 1646 caeli,·
1422 1617 1449 1642 et
1464 1614 1515 1642 hoc
1529 1618 1585 1648 est,
1607 1615 1680 1652 quod
1701 1616 1752 1644 nisi
1768 1624 1817 1652 per
1838 1617 1924 1653 ipsam

1084 1658 1177 1686 nullus
1198 1659 1282 1687 intrat
1303 1660 1418 1693 caelum,
1435 1660 1482 1688 sed
1502 1668 1551 1689 nec
1567 1669 1688 1698 unquam
1704 1662 1807 1698 aliquid
1821 1663 1925 1699 gratiae

1083 1712 1225 1741 egressum
1246 1708 1287 1734 est
1307 1705 1341 1734 de
1362 1706 1445 1740 caelo,
1467 1707 1532 1743 quia
1553 1707 1610 1736 31110
1632 1708 1683 1736 fide
1704 1709 1760 1736 Filii
1777 1709 1824 1737 Dei
1836 1709 1925 1737 incar—

1084 1753 1138 1780 nati
1160 1760 1195 1781 ex
1218 1752 1302 1780 Maria
1323 1753 1433 1789 Virgine
1455 1762 1596 1790 nunquam
1623 1755 1722 1792 aliquis
1743 1755 1855 1784 intravit
1882 1757 1925 1784 vel

1084 1799 1196 1827 intrabit
1217 1799 1244 1827 in
1271 1800 1372 1832 caelos,
1401 1807 1450 1828 nec
1478 1800 1535 1829 sine
1564 1801 1614 1829 hac
1641 1802 1745 1838 aliquid
1773 1803 1924 1839 gratuitum

1084 1853 1207 1882 unquam
1228 1846 1315 1874 exivit
1336 1846 1369 1874 de
1391 1847 1473 1875 caelo.
1490 1847 1563 1875 Unde
1579 1848 1710 1876 Dominus
1724 1856 1865 1885 nunquam
1882 1856 1924 1877 re-

1084 1892 1149 1928 cipit
1171 1891 1330 1929 (aliquem),
1352 1893 1403 1921 nisi
1426 1893 1484 1929 ipsa
1505 1894 1648 1922 mediante.
1669 1895 1782 1931 Propter
1802 1895 1922 1931 primum

1083 1938 1184 1967 dicitur
1206 1939 1357 1975 Sapientiae
1378 1939 1493 1975 septimo
1505 1940 1542 1967 1⁰:
1573 1940 1712 1968 Venerunt
1732 1939 1806 1969 milii
1825 1941 1924 1969 omnia

1085 1984 1159 2013 bona
1177 1985 1293 2022 pariter
1314 1993 1381 2013 eum
1403 1985 1462 2014 illa.
1487 1986 1598 2022 Propter
1620 1987 1786 2020 secundum,
1808 1987 1922 2015 ibidem:

1084 2032 1279 2069 Iynorabam,
1302 2032 1441 2070 quoniam
1469 2031 1575 2061 storum
1604 2034 1733 2062 omniunt
1755 2038 1848 2062 mater
1875 2037 1922 2061 est.

1084 2094 1121 2098 ——
1136 2079 1204 2107 Haec
1225 2082 1266 2107 est
1287 2087 1352 2116 ergo
1364 2082 1452 2116 porta
1467 2079 1540 2108 caeli
1546 2091 1556 2113 ;
1571 2080 1616 2108 sed
1632 2080 1749 2116 qualiter
1772 2080 1838 2114 hoe,
1860 2088 1922 2108 cum

1084 2126 1217 2154 Dominus
1237 2126 1323 2154 dicat:
1347 2127 1406 2163 Eyo
1426 2135 1493 2155 sum
1514 2127 1643 2155 ostium?
1664 2130 1714 2156 etc.
1737 2127 1787 2155 Sed
1809 2135 1858 2155 nec
1882 2130 1923 2156 est

1083 2173 1270 2206 contradictio,
1292 2173 1357 2209 quia
1375 2177 1464 2209 porta
1484 2176 1525 2201 est
1547 2173 1572 2201 in
1595 2174 1676 2206 ostio,
1697 2174 1767 2202 sicut
1789 2173 1923 2210 significa—

1084 2223 1142 2247 tum
1164 2219 1215 2247 fuit
1236 2220 1262 2247 in
1286 2220 1402 2256 templo,
1423 2219 1469 2247 ubi
1499 2223 1577 2248 erant
1605 2220 1659 2248 duo
1687 2220 1768 2253 ostia,
1790 2228 1860 2256 quae
1888 2220 1924 2248 si-

1083 2266 1141 2294 mul
1161 2266 1356 2302 aperiebantur
1372 2267 1403 2293 ¹¹.
1433 2266 1482 2294 Sed
1514 2267 1632 2303 qualiter
1660 2267 1727 2295 haec
1753 2270 1840 2303 porta
1861 2270 1922 2295 est?

1083 2313 1195 2341 loannes
1226 2312 1251 2340 in
1285 2313 1440 2349 Apocalypsi
1468 2313 1533 2341 vidit
1564 2313 1706 2342 duodecim
1739 2317 1846 2349 portas,
1875 2313 1921 2341 sed

1082 2367 1177 2388 omnes
1198 2359 1259 2387 illae
1282 2363 1376 2395 portae
1392 2359 1563 2388 reducuntur
1578 2360 1610 2388 ad
1626 2360 1703 2388 istam
1727 2363 1842 2396 portam,
1858 2360 1921 2396 quia

1083 2406 1134 2434 ista
1155 2414 1190 2434 ex
1212 2406 1285 2434 omui
1308 2409 1386 2442 parte
1408 2406 1500 2434 mundi
1523 2406 1685 2443 apportabat
1700 2410 1726 2435 et
1741 2406 1921 2443 importabat3

1082 2455 1109 2481 et
1130 2453 1182 2481 hoe
1203 2452 1301 2480 merito
1322 2455 1349 2481 et
1370 2453 1497 2489 exemplo
1525 2456 1551 2481 et
1576 2453 1778 2481 intercessionis
1808 2452 1920 2481 auxilio.

1082 2499 1157 2527 Unde
1178 2499 1236 2535 ipsa
1257 2502 1298 2527 est
1320 2499 1377 2527 veri
1400 2499 1497 2535 templi
1509 2499 1640 2535 speciosa
1653 2502 1740 2535 porta
1755 2499 1836 2533 111013,
1851 2507 1922 2535 quae

1083 2546 1195 2582 respicit
1215 2545 1247 2573 ad
1270 2546 1416 2579 orientem,
1439 2548 1517 2582 porta
1530 2546 1633 2582 pervia
1647 2550 1673 2574 et
1695 2546 1813 2574 invitans
1827 2554 1921 2574 omnes

247 2733 255 2746 ¹
274 2734 340 2756 Vers.
361 2734 394 2756 12.

247 2772 255 2785 2
273 2773 327 2795 Luc.
345 2773 385 2800 22,
404 2772 447 2799 44,
464 2772 503 2794 ubi
520 2773 629 2800 Vulgata:
642 2772 672 2796 Et
682 2773 760 2802 factus
772 2775 806 2796 est
819 2773 894 2796 sudor
905 2773 953 2796 eius
965 2773 1026 2796 sicut

184 2812 264 2841 yuttae
280 2811 406 2840 sanguinis
423 2810 570 2834 demo-rantis
588 2811 612 2834 in
630 2813 727 2834 terram.

247 2850 256 2862 ³
274 2851 339 2872 Vers.
357 2850 394 2872 35.
412 2862 439 2866 —
459 2850 566 2878 Sequitur
578 2849 692 2876 Ambros.,
705 2850 773 2878 Epist.
787 2851 824 2872 63.
836 2851 865 2873 ad
877 2851 959 2873 eccles.
972 2851 1025 2872 Ver-

185 2890 274 2912 cellens.
293 2895 314 2911 n.
334 2889 389 2916 llo,
407 2888 445 2910 ubi
463 2894 505 2916 pro
522 2887 628 2911 dolorem
645 2888 702 2911 Filii
722 2890 794 2911 textus
815 2888 934 2916 originalis
956 2888 1025 2910 habet

180 2927 291 2958 pignoris
307 2928 415 2950 mortem.

247 2966 256 2978 ⁴
274 2967 295 2988 ln
313 2966 393 2988 codice
415 2968 543 2993 sequuntur
560 2965 633 2994 aliqua
657 2965 741 2993 verba,
758 2972 818 2994 quae
841 2973 885 2988 non
906 2966 1025 2994 potuimus

278 3013 304 3036 S.
315 3013 405 3035 Bonae.
421 3024 451 3028 —
468 3013 537 3034 Tom.
553 3012 590 3034 lX.

1080 2734 1204 2761 explicare,
1221 2736 1243 2756 et
1260 2734 1343 2755 deinde
1360 2733 1459 2761 spatium
1477 2739 1591 2759 vacuum,
1609 2739 1656 2761 quo
1674 2732 1820 2760 probabiliter
1838 2733 1920 2755 indica-

1081 2776 1125 2800 tur,
1144 2778 1186 2794 nee
1202 2772 1321 2794 librarium
1339 2772 1432 2800 quidem
1451 2773 1491 2794 ista
1511 2772 1652 2794 intellexisse.

1143 2810 1152 2823 ⁵
1169 2811 1240 2833 Exod.
1257 2812 1296 2838 20,
1315 2812 1336 2832 8.
1750 2810 1759 2822 ‘³
1778 2811 1841 2833 Vers.
1859 2811 1880 2832 4.
1898 2812 1919 2833 9.

1144 2849 1151 2861 ⁷
1169 2850 1234 2871 Vers.
1253 2850 1273 2872 3.
1291 2856 1354 2878 seqq.
1450 2848 1459 2861 Β
1476 2849 1551 2872 Codex
1569 2849 1637 2871 habet
1654 2850 1779 2877 incongrue
1793 2849 1918 2879 Septimus.

1143 2888 1152 2900 ⁹
1169 2888 1231 2911 Cant.
1250 2889 1278 2915 8,
1295 2889 1319 2916 ὅς
1338 2891 1465 2917 sequuntur
1483 2889 1517 2910 Ps.
1536 2888 1577 2915 tt,
1594 2889 1616 2910 5.
1633 2891 1654 2910 et
1671 2889 1703 2910 ΙΙΙ.
1721 2889 1778 2916 Reg.
1796 2889 1822 2915 2,
1840 2889 1876 2910 49.

1143 2925 1162 2939 ²⁰
1180 2927 1244 2948 vers.
1258 2927 1298 2954 111;
1316 2927 1419 2955 sequitur
1434 2933 1456 2948 v.
1472 2927 1512 2953 12;
1530 2926 1582 2948 dein
1599 2927 1720 2954 respicitur
1738 2928 1796 2949 loan.
1810 2927 1846 2955 v10,
1857 2927 1879 2949 7.
1897 2928 1917 2949 9.

1143 2965 1161 2977 ¹¹
1179 2965 1307 2993 Respicitur
1319 2966 1348 2987 lll.
1360 2966 1414 2993 Reg.
1425 2966 1446 2993 6,
1456 2965 1755 2994 343deindeApoc.2t,12.
1765 2968 1786 2988 01
1795 2967 1844 2988 Act.
1853 2966 1918 2994 3,10.

1795 3013 1824 3033 89

1946 646 1974 665 De
1986 649 2058 671 septem

1949 670 2003 689 ostiis
2015 671 2054 689 nive

1942 693 2062 712 beatitudini·

1981 717 2022 735 hun.

1953 1578 1980 1596 De
1993 1578 2046 1597 stella

1965 1603 2036 1620 octava.

1947 2089 2013 2107 Diffieu
2016 2089 2051 2107 llas

1956 2113 2040 2131 solvitur.
