2243 3348
127 247 293 281 conficiunt;
308 247 347 276 sic
360 247 394 275 de
409 247 503 275 multis
517 247 601 275 noxia
616 247 818 283 relinquentes,
833 248 912 276 utilia
926 248 973 276 eli-

127 297 237 331 gentes,
260 294 394 331 quidquid
417 294 542 330 legimus,
564 293 591 321 in
614 293 739 322 veritatis
753 302 836 322 usum
859 302 974 323 conver-

128 343 227 375 tamus,
250 341 302 369 hoc
324 340 405 369 etiam
428 340 614 373 attendentes,
629 347 663 368 ne
685 340 802 368 cicutam
818 348 868 376 pro
884 343 974 376 myrto

127 387 267 424 legamus,
290 387 383 415 lolium
407 395 457 423 pro
480 386 586 419 tritico;
609 386 682 414 unde
704 387 821 422 poeta¹:

192 489 256 517 «Qui
273 488 348 516 legitis
365 488 433 510 flores
451 490 473 510 et
490 487 554 510 humi
572 487 686 509 nascentia
705 488 776 515 fraga,

190 527 303 555 Frigidus,
320 533 334 549 o
352 527 430 555 pueri,
448 527 521 554 fugite
538 526 597 554 binc,
615 527 668 548 latet
684 526 768 554 anguis
785 526 807 548 in
826 525 897 548 liei-ba
910 535 932 548 n.

126 621 229 657 Anguis
240 620 351 654 dicitur,
363 620 437 656 quia,
450 619 602 648 secundum
615 620 764 656 sapientem
774 620 794 653 ²,
806 628 860 648 non
872 619 974 648 dantur

126 675 232 696 venena
246 667 296 696 nisi
313 667 393 696 melle
408 667 572 695 circumlita.
589 667 631 696 Sic
646 667 727 696 etiam
743 666 869 695 videmus
884 674 974 703 saepe,

126 714 192 743 dum
215 722 277 742 rosa
299 714 415 751 legitur,
438 722 536 742 manus
558 714 672 751 legentis
704 714 794 742 urtica
825 713 973 750 pungitur,

127 761 193 798 quia
207 764 283 790 terra
297 761 433 789 salutares
456 761 555 790 herbas
571 761 736 797 easdemque
751 761 862 789 nocivas
876 760 974 793 nutrit,

127 811 154 837 et
174 808 281 836 urticae
303 807 432 844 proxima
454 815 535 844 saepe
557 815 620 836 rosa
651 811 700 836 est.
724 807 749 836 Si
772 815 838 844 ergo
859 807 975 836 doceant

128 854 295 891 Pythagoras
310 855 353 883 vel
369 854 443 882 Plato
464 858 651 891 contemptum
675 854 787 888 mundi,
812 854 975 890 elmund-ur,-

127 901 148 929 si
162 901 383 930 ’conversionem
401 901 557 929 animarum
581 901 606 929 in
629 901 739 929 diversa
760 908 890 937 corpora,
912 909 975 929 con-

124 951 296 977 temnantur.

207 994 332 1023 Secundo
353 994 486 1023 debemus
508 994 609 1023 florere
630 1002 680 1031 per
696 995 929 1031 tempercmtz'am,
945 998 976 1023 ut

17 1047 109 1070 seeundo,
127 1042 280 1070 habeamus
301 1042 391 1070 dotem
408 1041 593 1075 subtz'tz'tatz's;
609 1042 681 1070 unde
699 1042 876 1071 Ecclesiastici
894 1042 977 1079 trige-

14 1073 111 1114 :gutaegpe-
128 1089 197 1118 simo
218 1089 329 1117 non0³:
353 1088 478 1121 Florete,
499 1088 602 1125 flores,
629 1089 717 1126 quasi
748 1089 842 1117 titz‘um
864 1093 889 1117 et
910 1089 977 1117 date

128 1135 242 1164 odorem
269 1139 294 1164 et
314 1135 447 1173 frondete
468 1135 498 1163 in
519 1136 652 1173 yrctti‘am
674 1139 698 1164 et
719 1135 883 1164 collaudate
907 1144 976 1164 ccm-

128 1183 218 1211 ticttm
249 1186 275 1210 et
307 1182 460 1210 benedicite
493 1183 650 1210 Dominum
683 1183 714 1210 in
742 1183 878 1219 operibus
903 1183 975 1211 suis.

126 1230 187 1258 Flos
208 1229 263 1258 lilii
285 1229 356 1257 valet
380 1232 476 1257 contra
503 1229 677 1264 adustiones,
699 1233 727 1258 et
751 1230 860 1258 castitas
882 1233 978 1258 contra

128 1277 368 1313 concupiscentiae
389 1276 526 1305 ardorem.
548 1277 641 1305 Solent
667 1276 820 1305 remedium
842 1284 978 1313 quaerere

128 1324 176 1360 qui
198 1323 313 1352 fuerunt
336 1323 399 1352 laesi
431 1323 466 1352 ab
488 1323 563 1360 igne,
586 1323 740 1352 accedendo
762 1324 795 1352 ad
817 1324 924 1361 ignem,
946 1327 978 1352 ut

128 1378 211 1407 quem
233 1370 345 1407 gravior
366 1370 514 1403 intulerat,
537 1370 624 1398 lenior
646 1373 782 1406 temperet
803 1370 872 1407 ignis
897 1369 978 1398 ardo-

129 1425 203 1452 rem;
226 1418 292 1454 quia
314 1417 466 1446 remedium
489 1417 630 1454 singulare
651 1421 692 1446 est
708 1417 866 1446 tentationis
882 1425 977 1446 carna-

129 1465 162 1494 lis
183 1465 271 1502 ignire
293 1468 319 1493 et
340 1465 440 1493 eiicere
470 1472 517 1493 cor
539 1472 620 1492 suum
650 1464 676 1493 in
707 1464 931 1493 meditationibus
952 1467 979 1493 et

129 1511 321 1541 affectionibus
342 1511 483 1540 castitatis.
507 1511 580 1539 Date
602 1511 736 1544 odorem,
752 1514 784 1539 ut
798 1511 894 1539 dicatis
910 1511 978 1539 illud

131 1559 309 1587 Ecclesiastici
333 1558 465 1595 vigesimo
485 1561 602 1595 quarto:
628 1559 685 1595 Eyo
714 1559 803 1596 quasi
823 1558 890 1587 vitis
911 1557 978 1595 fru-

129 1606 258 1642 ctificavi
277 1606 454 1634 suavitatem
477 1606 592 1640 odoi-28,
614 1609 639 1634 et
669 1605 755 1642 flores
783 1606 840 1634 nzez'
859 1605 979 1642 fructus

130 1652 249 1682 honoris
270 1657 294 1681 et
316 1647 481 1681 honestatis.
503 1652 621 1681 Odorem
646 1652 708 1681 vitis
729 1652 870 1687 florentis,
893 1656 924 1681 ut
938 1653 978 1681 di-

0 1714 7 1871 ?
130 1700 219 1734 citur,
241 1703 384 1736 nequeunt
406 1700 544 1728 sustinere
565 1699 698 1733 bufones,
719 1707 769 1728 nec
793 1700 917 1728 habitum
935 1707 979 1728 ca-

0 1463 2 1468 <
0 1263 10 1450 mum-¹·-

130 1747 229 1775 stitatis
259 1746 353 1775 videre
374 1746 514 1780 carnates;
535 1749 563 1775 et
593 1746 720 1775 additur:
743 1745 901 1774 honestatis
909 1757 919 1779 ,·
938 1749 979 1775 est

130 1797 223 1822 autem
239 1794 369 1822 honestas
381 1793 494 1822 honoris
509 1797 613 1827 status,
629 1793 702 1830 quod
718 1793 837 1830 pertinet
851 1793 884 1821 ad
900 1801 979 1830 prae-

130 1841 216 1869 mium
240 1840 401 1877 VirgInum,
423 1848 455 1869 eo
477 1840 550 1877 quod
574 1840 700 1877 Virgines
722 1840 864 1869 habebunt
884 1849 980 1869 aureo-

130 1888 183 1916 lam
206 1888 232 1916 in
255 1888 358 1924 capite,
380 1887 522 1924 proferent
543 1888 692 1916 canticum
723 1896 829 1916 nouum
853 1896 916 1922 ore,
937 1896 979 1915 se-

0 1928 3 1962 .Ι
131 1939 256 1972 quentin·
278 1936 415 1972 Aynum,
437 1943 618 1972 quocumque
640 1935 738 1969 z'erz't4,
763 1938 883 1971 utroque
898 1934 979 1971 pede,

1 1975 3 1982 Α
130 1982 208 2019 quia,
230 1990 280 2019 per
301 1982 553 2018 appropriationem
570 1982 721 2019 loquendo,
744 1991 796 2010 non
820 1982 981 2010 babuerunt

132 2032 206 2058 serta
229 2028 355 2057 lasciviae
377 2028 403 2056 in
425 2028 578 2065 capitibus,
600 2037 654 2057 non
687 2029 836 2057 cantilenas
858 2028 980 2065 turpitu-

131 2076 203 2105 dinis
224 2083 273 2104 ore
294 2075 444 2110 dixerunt,
466 2083 520 2103 non
543 2076 659 2104 choreas
681 2076 799 2112 pedibus
818 2076 979 2110 duxerunt:

131 2126 158 2152 et
172 2123 233 2152 ideo
247 2122 364 2151 dicitur:
381 2122 491 2151 Florece
506 2126 530 2150 et
544 2122 676 2159 frondete
690 2123 721 2151 in
734 2123 877 2160 qratiam,
893 2131 981 2159 quan-

131 2174 190 2199 tum
213 2170 246 2198 ad
268 2173 355 2204 serta,
378 2178 449 2206 quae
470 2173 536 2198 sunt
566 2170 599 2198 de
630 2169 775 2198 frondibus
800 2174 827 2199 et
848 2170 980 2204 ssoribus;

132 2222 157 2246 et
178 2217 342 2246 collaudate
363 2217 529 2250 cauticum,
552 2220 688 2253 quantum
710 2217 743 2245 ad
765 2217 934 2250 secundum,
957 2220 982 2245 et

133 2264 287 2293 benedicite
311 2265 468 2292 Dominum
490 2265 521 2292 in
542 2264 678 2301 operibus
699 2265 778 2298 suis,
795 2267 930 2301 quantum
948 2264 981 2293 ad

133 2311 255 2340 tertium.
278 2311 321 2339 Sic
342 2311 414 2339 enim
439 2311 573 2340 benedicit
596 2311 742 2340 Dominum
765 2311 812 2348 qui
834 2319 918 2348 opere
941 2319 982 2340 se—

133 2358 230 2395 quitur
251 2366 324 2386 eum.
347 2358 398 2386 Sed
420 2358 525 2386 utinam
548 2358 702 2387 consideret
723 2358 774 2387 flos
795 2362 873 2387 tener
895 2361 922 2387 et
936 2358 983 2387 de-

798 171 890 199 FERlA
913 171 941 199 ΙΙ.
965 172 1046 200 POST
1069 173 1196 201 PASCHA.

133 2405 247 2439 licatus,
269 2405 343 2441 quod
364 2408 469 2434 attactu
491 2413 572 2441 saepe
594 2405 714 2434 efficitur
742 2405 895 2439 marcidus,
918 2405 983 2442 quia

134 2452 278 2489 virginitas
299 2460 379 2488 saepe
401 2452 609 2489 corrumpitur,
625 2452 691 2480 dum
714 2455 804 2481 tactus
818 2452 926 2481 illicitos
941 2460 983 2481 se-

135 2499 250 2536 quitur!
275 2499 320 2527 lob
350 2499 457 2527 decimo
488 2499 601 2535 quinto:
624 2499 768 2527 Laedetur
790 2499 878 2537 quusi
897 2499 983 2528 vinea

135 2546 165 2574 in
184 2546 283 2583 primo
304 2545 375 2583 flore
397 2545 498 2574 botrus
519 2546 599 2580 eius,
621 2550 647 2574 et
676 2546 764 2584 quasi
794 2546 872 2575 oliva
890 2546 984 2583 proii-

135 2593 212 2622 ciens
232 2593 333 2629 florem
354 2602 452 2621 suum.

0 2665 72 2688 aenio,
85 2671 119 2690 per
214 2641 306 2669 Tertio
321 2640 453 2669 debemus
468 2640 569 2669 florere
585 2648 633 2677 per
649 2640 812 2674 institutum
827 2641 900 2669 unde
915 2641 984 2669 Can-

0 2689 111 2736 'iustitiam
136 2688 255 2716 ticoruin
277 2687 435 2716 secundo⁵:
462 2688 520 2724 Eyo
541 2687 595 2724 flos
616 2688 716 2724 campi
742 2692 765 2715 et
794 2688 888 2716 litizmz
918 2696 984 2716 cou-

1815 184 1869 211 285

1030 249 1161 278 vallium.
1177 244 1214 270 —'
1229 251 1296 279 Flos
1317 253 1416 289 campi
1435 254 1563 282 omnibns
1584 256 1748 284 accessibilis
1770 257 1872 286 iustitia

1031 298 1087 329 est,
1109 304 1180 332 quae
1202 300 1242 325 est
1263 298 1392 326 omnibus
1414 300 1585 334 communis,
1601 304 1631 329 ut
1647 303 1750 337 possint
1772 311 1873 340 paupe-

1031 349 1076 369 res
1097 342 1227 371 accedere
1248 344 1281 371 ad
1310 345 1476 380 superiores.
1506 346 1562 374 Non
1589 350 1654 375 sunt
1675 348 1757 376 flores
1785 351 1873 386 campi

1031 387 1142 423 quidam
1165 389 1308 424 pontifices
1329 393 1357 418 et
1378 391 1508 426 praelati,
1531 392 1576 420 sed
1600 393 1694 421 verius
1716 396 1874 431 poinpit‘ices

1031 436 1058 461 et
1079 434 1171 467 Pilati,
1189 438 1227 463 tot
1244 435 1376 464 babentes
1391 438 1522 466 satellites
1537 439 1610 467 circa
1624 448 1653 468 se
1667 448 1729 468 cum
1745 440 1874 478 fias-tibus

1031 485 1055 508 et
1074 480 1201 517 yladz'z'S,
1223 485 1255 509 ut
1277 490 1329 509 non
1347 483 1491 512 videantur
1506 485 1589 514 flores
1610 488 1711 523 campi,
1734 488 1779 516 sed
1802 489 1874 516 horti

1030 526 1237 563 diligentissime
1259 528 1397 557 custoditi.
1420 530 1533 566 Aliquod
1548 532 1650 568 grande
1665 533 1797 569 flagitium
1813 543 1876 571 per-

1031 575 1154 609 petrasse
1170 574 1282 609 putandi
1299 578 1364 603 sunt
1379 576 1424 612 qui
1442 576 1479 604 ita
1499 577 1644 614 diligenter
1659 580 1784 608 custoditi
1801 585 1874 614 sunt,

1031 619 1103 648 sicut
1125 619 1210 648 refert
1232 620 1348 649 Historia
1369 622 1491 658 gentium
1503 624 1523 657 ⁶,
1540 624 1675 653 Platonem
1692 626 1819 663 Dionysio
1835 631 1875 664 ty-

1032 674 1119 694 ranno
1140 666 1247 695 Siciliae
1267 667 1387 696 dixisse:
1415 680 1428 693 «
1443 669 1582 705 Quantum
1608 672 1741 708 flagitium
1763 674 1875 702 commi-

1031 713 1105 747 sisti,
1128 713 1194 749 quia
1221 721 1284 741 cuni
1309 717 1382 743 tanta
1403 715 1543 752 diligentia
1564 719 1710 747 custodiris
1726 723 1755 747 n?
1776 720 1807 748 Et
1833 721 1876 749 isti

1032 768 1085 788 non
1108 764 1173 788 sunt
1195 760 1277 789 flores
1299 762 1403 798 campi,
1425 770 1479 790 non
1503 763 1583 791 horti.
1606 765 1656 793 Sed
1682 767 1807 803 nunquid
1833 768 1875 796 isti

1032 810 1097 835 sunt
1124 807 1187 835 litia
1215 808 1415 836 convallium?
1437 809 1510 843 Non;
1537 811 1582 838 sed
1616 819 1712 848 vepres
1741 814 1875 842 montium

1032 853 1065 882 ad
1087 861 1224 890 pauperes
1245 854 1454 891 impugnandos.
1471 856 1521 884 Sed
1542 857 1643 885 utinam
1660 862 1795 895 quotquot
1810 868 1876 896 pau—

1032 908 1112 937 peres
1134 901 1298 937 impugnant
1318 902 1441 930 recolant
1462 902 1529 931 illud
1551 904 1608 931 Auli
1631 904 1723 937 Gellii,
1752 905 1875 934 Noctium

1033 948 1201 981 Atticarum,
1223 947 1295 984 quod
1318 948 1472 977 Alexander
1498 950 1611 986 Magnus
1642 951 1769 979 ultimum
1802 952 1877 981 littus

1033 994 1132 1023 Oceani
1155 994 1294 1023 devicerat
1315 998 1342 1023 et
1364 999 1477 1023 venerat
1499 1004 1661 1033 expugnare
1682 998 1799 1026 insulam
1816 999 1878 1026 Fra-

1032 1042 1155 1079 gmariae
1168 1041 1186 1069 ⁷.
1210 1041 1261 1077 Qui
1284 1042 1422 1070 miserunt
1444 1043 1466 1070 ei
1497 1043 1614 1071 litteram
1642 1044 1668 1072 in
1691 1045 1757 1073 baec
1779 1045 1877 1074 verba:

1035 1089 1148 1117 Divitias
1169 1097 1223 1117 non
1247 1089 1397 1122 babemus,
1430 1097 1550 1126 quarum
1576 1091 1725 1127 cupiditate
1754 1100 1802 1121 nos
1833 1092 1879 1121 de-

1035 1136 1099 1165 beas
1120 1144 1299 1172 expugnare3
1316 1144 1378 1164 esca
1399 1136 1478 1165 nobis
1493 1140 1534 1165 est
1554 1145 1603 1173 pro
1624 1138 1740 1172 divitiis,
1756 1147 1806 1175 pro
1821 1140 1879 1168 cul-

1035 1183 1109 1212 tibus
1130 1186 1157 1211 et
1177 1191 1247 1211 auro
1270 1183 1330 1211 vilis
1345 1186 1372 1211 et
1388 1191 1451 1211 rara
1466 1186 1493 1211 et
1508 1192 1594 1220 prope
1619 1185 1694 1213 nulla
1715 1186 1813 1219 vestis,
1835 1194 1880 1214 an-

1034 1231 1078 1256 tra
1100 1229 1178 1257 nobis
1199 1229 1336 1265 duplicem
1358 1237 1441 1257 usum
1465 1233 1619 1266 praestant:
1643 1235 1832 1268 tegumentum
1853 1232 1880 1260 in

1036 1275 1105 1309 vita,
1128 1276 1300 1312 sepulturam
1323 1275 1349 1303 in
1373 1279 1469 1304 morte.
1490 1276 1576 1312 Quem
1600 1278 1689 1305 locum
1712 1278 1794 1307 habet
1822 1279 1880 1307 vin-

1034 1322 1122 1356 dicta,
1150 1322 1195 1351 ubi
1226 1323 1302 1351 nulla
1324 1322 1375 1351 fuit
1398 1322 1520 1351 iniuria?
1546 1324 1591 1352 His
1617 1328 1707 1353 motus
1728 1326 1880 1354 Alexander

1035 1370 1139 1398 nullam
1163 1373 1241 1398 ratus
1262 1370 1423 1404 victoriani,
1440 1370 1461 1398 si
1478 1378 1575 1398 eorum
1598 1371 1725 1400 turbaret
1745 1372 1880 1408 quietem,

1035 1423 1081 1444 eos
1104 1416 1130 1444 in
1153 1424 1219 1452 pace
1234 1416 1345 1445 dimisit.
1368 1416 1399 1444 Et
1422 1417 1528 1445 utinam
1550 1417 1587 1445 ita
1609 1418 1729 1447 facerent
1751 1419 1797 1455 qui
1814 1428 1881 1456 pau-

1035 1471 1116 1500 peres
1138 1464 1316 1500 opprimunt!

1115 1511 1219 1547 Quarto
1240 1510 1373 1539 debemus
1395 1510 1496 1539 florere
1518 1519 1567 1548 per
1595 1513 1787 1549 patientiarum
1810 1514 1881 1542 unde
1894 1516 2018 1559 Qssiissssiaw

1035 1557 1212 1586 Canticorum
1243 1557 1362 1586 sextos:
1397 1558 1535 1587 Descemlz'
1565 1559 1596 1587 in
1627 1558 1743 1588 lzortzmz
1772 1545 1910 1589 nuezcmp
1971 1546 2014 1559 ’ω’

1036 1604 1101 1640 (alia
1122 1604 1214 1633 littera
1245 1604 1328 1633 babet
1359 1606 1479 1640 meum),
1503 1609 1534 1633 ut
1556 1606 1680 1634 viderem
1707 1615 1795 1643 poma
1816 1616 1882 1635 cou-

1037 1651 1157 1680 uallz'um
1174 1655 1200 1680 et
1213 1651 1400 1688 inspicerem,
1416 1653 1444 1680 sz'
1457 1652 1605 1689 floruisset
1620 1654 1715 1687 vinca,
1730 1658 1754 1682 et
1774 1655 1883 1691 permi-

1037 1702 1157 1726 nasseut
1176 1698 1258 1726 mala
1279 1699 1400 1735 qnmz'ea.
1424 1699 1464 1727 Tu
1488 1703 1513 1728 te
1535 1699 1652 1728 lim-zum
1673 1709 1782 1729 nucum
1803 1702 1883 1730 exbi-

1036 1745 1100 1777 bes,
1123 1745 1143 1774 si
1166 1745 1251 1774 fuerit
1274 1746 1320 1774 tibi
1344 1746 1465 1774 mundus
1487 1754 1616 1781 amarus,
1638 1755 1739 1784 corpus
1760 1748 1882 1782 aridum,

1037 1801 1114 1822 mens
1135 1793 1248 1827 devota3
1272 1801 1335 1821 nam
1358 1793 1384 1821 in
1407 1802 1478 1822 nuce
1493 1798 1590 1823 cortex
1606 1795 1734 1828 amarior,
1749 1798 1817 1824 testa
1832 1796 1883 1824 du-

1037 1841 1110 1875 rior,
1133 1840 1250 1869 nucleus
1265 1840 1401 1877 sapidior;
1414 1849 1506 1878 poma
1532 1842 1707 1870 eonvattz‘mn
1723 1846 1788 1871 sunt
1802 1850 1883 1871 exer-

1037 1887 1101 1916 citia
1123 1887 1298 1921 humilitatis,
1321 1888 1379 1916 sine
1401 1888 1504 1925 quibus
1526 1897 1579 1917 non
1602 1892 1764 1925 potestesse
1779 1889 1884 1926 patien-

1037 1935 1082 1963 tia.
1105 1935 1252 1971 Sequitur:
1268 1935 1296 1963 sz'
1314 1934 1463 1971 floruisset
1482 1935 1576 1964 vinea.
1598 1936 1657 1964 Flos
1678 1936 1764 1973 magis
1785 1936 1884 1965 confri—

1037 1986 1116 2011 catus
1137 1982 1224 2019 magis
1256 1982 1376 2016 redolet,
1399 1983 1464 2020 quia
1496 1983 1627 2019 patientia
1658 1984 1683 2011 in
1707 1984 1884 2012 tribulatione

1038 2030 1125 2066 viget:
1147 2029 1311 2065 floruisset,
1333 2029 1366 2058 de
1388 2030 1553 2066 praeterito,
1576 2039 1628 2058 non
1652 2030 1732 2059 floret
1752 2031 1785 2059 dc
1806 2038 1885 2067 prae-

1038 2076 1117 2105 senti.
1134 2076 1167 2105 Sc'
1178 2077 1394 2114 yernzz'nasseut
1409 2077 1490 2105 mala
1507 2078 1635 2114 punica,
1657 2078 1760 2106 scilicet
1780 2078 1827 2114 qui
1843 2085 1885 2106 as-

1039 2126 1154 2152 sumunt
1181 2123 1318 2152 fervorem
1353 2124 1487 2160 martyrii.
1512 2124 1542 2152 Et
1573 2132 1626 2152 non
1653 2124 1718 2152 dicit
1737 2124 1885 2161 permina-

1039 2174 1118 2204 rent,
1141 2170 1207 2207 quia
1227 2170 1363 2206 quaedam
1385 2174 1451 2199 sunt
1473 2171 1620 2207 patientiae
1635 2171 1725 2205 initia,
1742 2171 1767 2198 in
1783 2170 1885 2207 quibus

1038 2225 1092 2246 non
1114 2220 1155 2246 est
1176 2217 1266 2245 virtus
1281 2217 1401 2253 perfecte
1424 2217 1558 2251 radicata3
1575 2217 1621 2246 sed
1636 2217 1716 2246 debet
1730 2225 1789 2246 esse
1804 2218 1885 2245 bomo

1039 2265 1180 2301 plantatus
1202 2264 1227 2292 in
1251 2264 1395 2301 patientia,
1418 2265 1483 2301 quia
1504 2265 1530 2292 in
1554 2265 1674 2293 Psalmo:
1700 2264 1835 2292 Plantatz'
1856 2265 1884 2292 in

1039 2311 1123 2340 domo
1147 2312 1264 2340 Domini
1285 2312 1316 2340 in
1337 2312 1427 2340 atrias
1442 2312 1546 2340 domus
1564 2311 1615 2339 Dei
1628 2311 1723 2339 nostri
1733 2310 1884 2347 florebunt.

1040 2376 1077 2379 —
1100 2359 1134 2387 In
1156 2359 1244 2387 atriis
1265 2359 1370 2387 (tonius
1394 2358 1512 2387 Domini
1532 2366 1629 2387 sumus
1660 2359 1686 2386 in
1709 2358 1767 2392 via,
1789 2359 1835 2387 sed
1858 2358 1885 2386 in

1040 2405 1142 2434 sanctis
1163 2408 1322 2434 sanctornm
1353 2406 1460 2434 erimus
1488 2406 1514 2433 in
1537 2405 1633 2442 patria.
1661 2421 1697 2425 -—-
1721 2405 1831 2442 Legitur
1852 2405 1885 2433 de

1040 2452 1159 2489 quodam
1183 2453 1363 2489 philosopho,
1379 2453 1423 2481 cui
1449 2461 1511 2481 cum
1535 2453 1727 2488 irrogarentur
1748 2452 1885 2486 convicia,

1040 2500 1124 2528 dixit:
1153 2511 1166 2524 «
1184 2500 1304 2528 Didicisti
1322 2500 1500 2534 maledicere,
1523 2502 1550 2528 et
1571 2507 1637 2536 ego,
1660 2502 1728 2528 teste
1747 2500 1886 2528 conscien—

1040 2548 1093 2581 tia,
1115 2547 1195 2575 didici
1218 2547 1363 2576 maledicta
1378 2550 1554 2575 contemnere
1566 2557 1593 2580 »;
1608 2546 1690 2580 unde,
1706 2546 1816 2583 quando
1838 2547 1886 2574 bo-

1041 2594 1107 2623 mini
1129 2594 1290 2630 irrogantur
1312 2594 1450 2627 convicia,
1474 2602 1526 2622 non
1556 2597 1645 2630 potest
1675 2596 1771 2622 contra
1792 2601 1886 2621 omnes

1041 2641 1202 2669 reclamare.
1226 2641 1301 2669 Unde
1323 2641 1439 2669 verbum
1463 2640 1646 2674 iniuriosum,
1668 2640 1689 2669 si
1719 2648 1754 2668 ex
1776 2640 1887 2668 levitate

1041 2688 1165 2722 dicatur⁷
1187 2688 1419 2716 contemnendum
1451 2691 1507 2721 est:
1530 2688 1550 2716 si
1574 2695 1609 2716 ex
1631 2686 1717 2725 fieriu>
1748 2687 1885 2723 procedit,

0 2766 2 2782 1

0 2784 1 2800 1

201 2849 208 2861 ¹
228 2849 317 2877 Virgil„
335 2850 413 2872 Bucol.
431 2850 475 2872 Ecl.
494 2851 527 2872 lll.
544 2857 565 2872 v.
585 2851 621 2872 93.

201 2888 210 2902 ²
228 2889 302 2911 Locus
320 2889 401 2910 frustra
419 2889 546 2917 quaesitus.

202 2927 210 2940 ³
230 2928 294 2949 Vers.
313 2928 353 2954 '193
371 2928 475 2956 sequitur
492 2934 512 2950 c.
530 2928 566 2955 24,
585 2929 621 2950 23.

201 2966 210 2978 ⁴¹
228 2969 299 2994 Apoc.
322 2966 355 2993 14,
374 2967 396 2988 3.
414 2973 473 2996 seq.;
492 2967 596 2996 seqnitur
614 2967 652 2990 lob
674 2968 707 2994 15,
726 2968 762 2989 33.
1011 2973 1013 2988 ι

1105 2849 1113 2862 ⁵
1132 2850 1198 2872 Vei-s.
1217 2850 1245 2877 fl:
1264 2850 1319 2871 int'ra
1338 2849 1459 2876 respicitur
1477 2849 1553 2870 Muttb.
1572 2848 1609 2875 26,
1627 2848 1664 2870 55.

1106 2888 1115 2901 Β
1133 2889 1173 2911 Hic
1191 2891 1213 2910 et
1230 2888 1277 2910 duo
1290 2888 1347 2909 infra
1365 2890 1487 2916 sequentes
1505 2887 1547 2909 loci
1566 2893 1610 2909 non
1628 2889 1683 2909 sunt
1699 2886 1792 2908 inventi.

1103 2926 1111 2939 ⁷
1132 2928 1173 2949 Pro
1192 2926 1351 2956 Fraqmariae
1368 2926 1420 2948 cod.
1439 2926 1533 2948 Tndert.
1552 2925 1754 2955 Brafflnanorzim.

1103 2965 1112 2978 Β
1131 2967 1195 2988 Vers.
1215 2966 1256 2992 Ἰ10;
1273 2966 1377 2994 sequitur
1395 2966 1427 2987 ΡΞ.
1447 2965 1483 2992 tlt,
1506 2965 1538 2986 14.
