2243 3348
2 761 3 765 Ἰ
47 777 93 796 Pars
104 776 118 795 Ι,

3 1196 118 1230 4Ξιιῐὶιίἰνίεἰο.

11 1898 84 1921 ‘Pi-imo,
97 1898 121 1917 de

9 1922 84 1948 *catione
90 1926 123 1946 po-

11 1947 66 1964 utrae.

656 179 814 208 DOMlNlCA
835 179 866 207 V.
889 178 971 207 POST
994 178 1193 208 EPIPHANIAM.
1216 178 1325 207 SERMO
1348 178 1364 206 l.

137 257 229 286 Primo
250 265 316 294 ergo
337 256 507 293 exprimitur
528 257 631 285 creatio
652 257 772 286 hominis
792 259 929 293 quantum
950 256 984 285 ad

136 303 318 341 principium
347 302 522 341 effectivum,
552 312 614 332 cum
643 304 723 332 dicit:
754 303 852 332 Simile
879 307 920 332 est
940 312 984 332 rc-

135 359 229 388 gynum
251 350 418 383 caelorum,·
440 350 523 378 homo
544 350 601 384 ille,
622 351 810 387 metaphorice
831 350 983 387 loquendo,

137 397 211 426 Deus
232 399 288 431 est;
311 396 431 425 secundo
452 397 622 433 exprimitur
643 397 744 426 creatio
759 397 879 425 hominis
901 405 985 434 quan-

137 446 196 472 tum
211 443 245 472 ad
259 443 420 472 subiectum
434 444 626 480 receptivum,
649 452 711 472 cum
734 444 842 472 subdit:
864 444 895 472 in
910 452 984 481 ayro

136 499 209 524 suo,·
229 498 294 527 ager
309 490 381 519 enim
397 493 438 519 est
457 490 583 519 machina
602 490 764 524 mundialis;
787 491 868 518 tertio
889 490 984 526 expri-

136 537 223 565 mitur
251 536 353 565 creatio
375 536 495 565 hominis
519 540 655 573 quantum
676 536 710 565 ad
731 540 830 565 actum
851 537 984 565 interme—

137 584 229 617 cltum,
249 591 311 612 cum
334 583 484 612 subinfert:
501 584 657 612 seminavit
671 583 776 612 bonum
790 592 903 616 semem
918 586 984 612 tunc

137 631 210 659 enim
238 630 394 658 seminavit
425 629 531 658 bonum
559 638 669 663 semen,
698 630 809 667 quando
840 629 983 658 hominem

137 677 246 705 creavit
268 677 308 705 act
328 676 485 714 imayinem
508 680 534 705 ct
553 676 773 705 simililiulinem
794 684 891 704 suam.

216 723 233 751 I.
256 723 327 751 Dicit
348 731 429 759 ergo:
449 723 549 752 Simile
563 726 603 751 cst
617 731 742 760 regnum
756 722 919 756 caelorum,
935 723 982 751 ubi

136 770 306 807 exprimitur
327 770 430 798 creatio
451 770 570 798 hominis
591 772 726 806 quantum
748 769 781 797 ad
799 769 983 806 principium

136 816 295 855 effectivum
317 816 344 844 in
366 817 529 853 metaphora
550 816 669 844 hominis
685 819 711 844 et
727 815 914 845 similitudine.
931 817 982 845 Sed

136 863 202 899 quia
217 865 283 891 tunc
297 862 367 891 bene
381 866 408 890 et
424 862 543 899 perfecte
559 862 734 899 cognoscitur
753 863 982 899 unumquodque,

136 917 199 938 cum
221 909 398 945 cognoscitur
419 913 554 945 quantum
576 909 609 937 ad
632 908 692 937 eius
708 908 909 945 princz'pizmz,
925 918 982 937 me-

135 955 219 984 dium
240 958 268 984 et
288 955 443 988 ultimum,-
465 955 534 989 ideo,
563 955 584 983 si
607 955 738 983 volumus
768 955 915 991 perfectam
938 964 982 984 co-

135 1002 285 1039 gnitionem
309 1002 410 1030 habere
431 1001 464 1030 de
487 1002 625 1030 creatione
653 1001 773 1030 hominis
799 1002 878 1030 iuxta
899 1003 982 1038 possi-

135 1048 267 1077 bilitatem
290 1048 485 1085 intelligentiae
507 1050 630 1081 nostrae,
659 1056 770 1076 necesse
791 1051 847 1082 est,
869 1052 900 1077 ut
922 1057 980 1077 eam

136 1102 332 1132 cognoscamus
349 1106 362 1120 «
374 1098 508 1131 quantum
526 1094 559 1123 ad
575 1094 635 1123 eius
647 1095 841 1132 principium,
854 1096 980 1124 medium

136 1144 163 1170 et
185 1141 338 1175 ultimum,
360 1141 387 1169 in
409 1141 512 1178 quibus
533 1141 654 1178 perfecta
682 1142 800 1178 cognitio
827 1143 864 1170 rei
894 1143 981 1171 consi—

136 1188 183 1217 stit
198 1189 208 1205 1
223 1200 249 1216 ».
274 1188 460 1225 Principium
489 1196 610 1225 namque
638 1189 784 1217 creationis
809 1197 863 1217 non
892 1189 979 1218 solum

136 1234 270 1269 hominis,
292 1234 338 1263 sed
360 1235 441 1263 etiarn
458 1234 542 1263 totius
557 1235 680 1263 universi
702 1238 743 1263 est
762 1235 917 1271 productio
930 1244 980 1272 po-

136 1281 240 1310 tentiae
254 1281 504 1318 supernaturaliter
519 1281 674 1317 operantis;
691 1282 816 1309 medium
833 1285 925 1310 autem
941 1286 982 1311 est

134 1328 309 1366 gubernatio
330 1328 492 1364 sapientiae
510 1328 633 1356 suaviter
647 1328 831 1364 disponentis3
853 1329 899 1357 sed
916 1329 981 1357 ulti—

135 1383 217 1403 mum
229 1378 270 1403 est
278 1376 490 1403 consummatio
499 1374 719 1403 misericordiae
727 1379 752 1403 ct
761 1376 890 1404 iustiliae
902 1376 982 1404 iuxta

136 1421 235 1450 merita
254 1421 384 1450 omnibus
399 1421 586 1450 retribuentis.
604 1422 694 1450 Primo
709 1430 774 1458 ergo
793 1423 819 1450 in
842 1423 981 1452 creatione

135 1468 255 1497 hominis
276 1468 421 1505 productio
442 1468 579 1505 potentiae
601 1469 718 1497 tenentis
740 1469 873 1497 rationem
896 1469 980 1505 prin-

135 1515 208 1552 cipii
226 1515 346 1553 effectivi
375 1515 543 1544 assimilatur
571 1514 684 1544 lzomini
705 1515 810 1543 bonum
835 1524 929 1544 semen
950 1516 981 1544 in

135 1570 209 1599 ayro
230 1570 283 1590 suo
304 1562 463 1590 seminanti
470 1572 480 1595 ‚·
501 1562 622 1590 secundo
643 1562 807 1599 gubernatio
832 1563 980 1599 sapientiae

134 1608 290 1637 inducentis
312 1608 445 1637 rationem
467 1608 556 1637 mcclii
576 1609 710 1637 clircctiui
729 1609 897 1637 assimilatur
928 1618 980 1646 pa-

136 1654 311 1692 trifamilias
323 1656 478 1692 operarios
486 1656 517 1684 in
535 1656 650 1684 vineam.
665 1664 752 1684 suam
772 1656 942 1684 conducente?
953 1657 980 1689 2,-

135 1701 217 1730 tertio
238 1702 438 1731 consummatio
456 1702 661 1731 misericordiae
675 1706 702 1731 et
716 1703 836 1731 iustitiae
855 1703 981 1731 habentis

134 1748 268 1777 rationem
284 1748 381 1777 ultimi
398 1749 596 1785 complementi
609 1749 778 1778 assimilatur
793 1748 905 1778 homini
919 1750 982 1786 regii

135 1803 202 1823 cum
222 1795 316 1823 servis
336 1795 400 1824 suis
421 1796 566 1824 rationem
584 1796 711 1833 ponenti.

215 1842 304 1870 Primo
325 1843 434 1871 creatio
446 1842 636 1879 producentis
647 1843 792 1880 potentiae
807 1843 924 1872 tenentis
939 1851 979 1871 ra-

134 1888 237 1917 tionem
254 1888 400 1926 principii
419 1888 540 1927 effectivi
560 1890 747 1918 assimilatur
766 1889 877 1918 liomini
896 1890 980 1918 semi-

133 1936 220 1964 nanti
240 1935 347 1964 bonum
366 1944 461 1964 semen
482 1936 514 1964 in
528 1945 603 1974 ayro
617 1945 688 1970 suo‚·
709 1937 783 1965 unde
797 1937 899 1965 dicitur
914 1938 980 1965 Mat-

133 1982 206 2011 thaei
225 1982 330 2011 decimo
345 1983 427 2011 tertio
438 1983 465 2011 ³:
482 1983 581 2012 Simile
594 1982 708 2021 factam
724 1988 763 2012 est
778 1993 901 2021 regnum
917 1993 979 2012 cac-

134 2029 230 2058 lorum
245 2028 365 2063 homini,
381 2030 433 2068 qui
445 2030 600 2058 seminavit
616 2030 721 2059 bonum
743 2039 838 2059 semen.
859 2031 890 2059 in
905 2039 979 2068 (tyro

133 2084 196 2104 suo.
211 2076 284 2104 Cum
305 2080 402 2104 aulem
417 2076 580 2105 dormirent
598 2076 735 2111 homines,
753 2078 827 2106 venit
842 2078 979 2106 inimicus

133 2123 196 2151 cius
210 2126 237 2151 ct
249 2123 494 2159 superseminavit
509 2124 643 2152 zizania.
658 2141 693 2144 —
705 2124 839 2153 Dominus
853 2125 979 2152 semina-

132 2170 175 2198 vit
185 2169 291 2198 bonum
302 2178 397 2198 semen
408 2170 439 2198 in
450 2178 535 2207 ayro,
548 2171 690 2199 machinae
702 2171 857 2205 mundialis,
870 2171 979 2208 quando

133 2216 276 2245 hominem
290 2216 358 2254 fecit
370 2217 411 2245 cul
424 2217 583 2255 imaginem
599 2222 624 2246 et
637 2218 861 2247 similitudinem
871 2226 959 2246 suam
968 2228 978 2252 ;

133 2263 180 2292 sed
202 2263 340 2292 inimicus
361 2262 455 2297 nomo,
477 2264 504 2292 id
525 2268 566 2293 est
580 2264 715 2299 diabolus,
731 2273 798 2293 cum
817 2265 980 2293 dormirent

132 2308 271 2343 liomineS,
293 2310 397 2339 scilicet
416 2310 499 2338 Adam
521 2313 548 2339 et
563 2311 616 2339 Eva
630 2311 802 2348 negligenter
823 2314 937 2348 agerent
951 2310 979 2338 in

132 2357 256 2385 custodia
277 2357 470 2386 mandatorum
492 2358 557 2392 Dei,
578 2359 825 2395 superseminavit
838 2359 977 2393 zizania,

132 2403 159 2432 id
180 2406 221 2432 est
249 2404 314 2432 vitia
342 2406 369 2432 et
396 2407 523 2440 peccata,
552 2413 588 2433 ex
616 2405 719 2441 quihus
742 2408 895 2434 nascuntur
922 2405 980 2440 filii

131 2450 196 2479 irae
207 2451 226 2478 4.
249 2451 280 2479 Et
302 2451 353 2479 ista
373 2451 509 2487 expositio
531 2455 572 2480 est
593 2460 629 2480 ex
652 2452 743 2480 verbis
766 2452 881 2480 Domini.
903 2452 978 2481 Unde

131 2497 233 2526 ibidem
248 2498 391 2534 sequitur:
408 2498 455 2526 Ast
469 2507 534 2526 eum
549 2503 734 2527 accesserunt
748 2499 887 2536 discipuli
904 2500 977 2534 eius,

132 2544 271 2573 dicentes.-
304 2545 438 2573 Edissere
468 2545 551 2573 nobis
576 2545 755 2582 parabolam
782 2546 978 2575 zizaniorum

132 2591 209 2628 agri.
233 2591 291 2627 Qui
310 2592 486 2628 respondens
507 2592 550 2620 ait
564 2592 639 2621 illis:
657 2593 715 2628 Qui
727 2593 852 2621 seminat
871 2593 978 2622 bonum

131 2646 226 2667 semen
246 2642 287 2667 cst
308 2639 403 2667 Filius
418 2638 552 2667 hominis.
571 2641 590 2667 A
596 2648 649 2677 ger
663 2643 760 2668 autem
775 2644 815 2668 est
829 2641 978 2673 mundus,-

132 2684 238 2713 bonum
259 2694 326 2714 vero
347 2694 452 2719 semen,
473 2685 505 2714 lii
517 2690 587 2715 sunt
599 2686 656 2723 filii
669 2687 761 2724 requi.
777 2687 908 2715 Zizania
923 2695 978 2715 au-

195 2845 202 2858 ¹
221 2846 320 2874 Ariston,
338 2846 362 2868 ll.
378 2847 469 2874 physic.
487 2849 537 2870 text.
558 2848 578 2869 νΙ.

194 2884 203 2897 ²
221 2885 298 2907 Matth.
317 2885 354 2913 20,
372 2885 393 2908 ¹1.
410 2888 432 2908 et
449 2886 502 2908 dein
519 2892 539 2908 c.
558 2887 599 2915 118,
617 2888 654 2909 23.

194 2923 204 2936 ³
221 2924 287 2946 Vers.
304 2924 342 2946 24.
362 2924 400 2946 25.

193 2963 203 2976 ¹¹
221 2964 278 2991 Eph.
295 2964 321 2990 2,
339 2964 365 2992 33
382 2964 486 2992 sequitur
503 2965 579 2988 Matth.
601 2966 639 2994 13,
657 2966 695 2988 36Δ
714 2972 779 2995 seqq.

225 3010 251 3034 S.
270 3010 361 3034 Bonan.
378 3024 408 3027 —
426 3011 494 3034 Tom.
510 3012 549 3034 IX.

1834 180 1886 209 193

1042 259 1096 285 tem
1115 256 1172 293 filii
1191 259 1261 285 sunl
1279 264 1405 294 nequam
1413 267 1423 289 ;
1445 256 1584 285 inimicus
1606 259 1716 290 autem,
1732 258 1784 295 qui
1803 259 1887 287 semi-

1040 303 1122 331 navit
1142 311 1193 337 ca,
1215 307 1257 331 est
1277 303 1419 331 diabolus.

1120 350 1245 378 Secundo
1264 350 1438 387 yubcriuttio
1466 353 1590 389 rcgyentis
1621 354 1781 391 sapientiae
1806 354 1885 383 indu-

1041 396 1127 425 centis
1148 396 1281 425 rationem
1303 397 1392 425 medii
1405 398 1538 427 dz'rcctivi
1555 400 1741 428 assimilatur
1755 400 1885 438 patrifa-

1041 443 1140 471 milias
1161 444 1313 480 operarios
1329 444 1359 472 in
1374 444 1489 473 vineam
1503 454 1589 474 suam
1606 447 1793 481 conclucenti;
1812 448 1885 477 unde

1040 489 1142 518 dicitur
1164 490 1290 518 Matthaei
1313 490 1444 527 vigesimo
1459 491 1485 519 ⁵:
1508 492 1606 521 Simile
1626 497 1666 521 est
1687 502 1810 530 regynum
1826 503 1886 523 cac-

1042 536 1137 564 lorum
1158 535 1270 565 homini
1287 536 1516 574 patrifamilias,
1532 540 1583 577 qui
1603 540 1671 568 caziit
1684 540 1781 577 primo
1800 549 1886 569 manc

1040 583 1199 611 conducere
1220 583 1372 620 operarios
1394 584 1425 612 in
1445 585 1560 613 vineam
1589 594 1685 614 suam.
1715 587 1784 616 Haec
1806 596 1885 624 para-

1040 629 1102 657 bola
1123 630 1332 666 comprehendit
1353 638 1468 667 regnum
1493 631 1538 660 Dei
1555 640 1570 660 a
1591 633 1727 669 principio
1747 642 1837 670 usque
1851 634 1885 663 ad

1040 675 1131 704 finem,
1154 676 1229 704 Unde
1249 676 1351 705 dicitur
1373 677 1497 714 quinque
1513 678 1618 707 vicibus
1639 680 1781 716 operarios
1795 681 1822 709 in
1845 681 1884 709 vi-

1040 730 1119 751 neam
1142 730 1220 751 suam
1243 723 1418 758 conduxisse,
1441 724 1544 753 scilicet
1565 734 1667 760 manc,
1690 727 1758 755 hora
1780 728 1882 763 tertia,

1039 773 1131 803 sexta,
1153 778 1232 797 nona
1253 772 1280 798 et
1302 770 1464 799 umlccima.
1487 772 1591 800 Primo
1616 780 1682 809 ergo
1704 782 1789 802 manc
1810 775 1885 804 misit

1039 816 1195 852 operarios,
1218 816 1327 853 quando
1348 817 1422 845 dedit
1443 818 1530 854 legem
1545 823 1676 854 naturae;
1697 821 1765 849 hora
1787 822 1883 856 tertia,

1039 862 1149 899 quando
1170 863 1244 891 dedit
1266 863 1352 900 legem
1374 864 1519 900 scrIptam3
1552 865 1619 893 hora
1648 871 1744 900 sexta,
1773 869 1883 904 quando

1040 908 1113 936 misit
1135 909 1284 945 Prophetas
1304 909 1338 937 ad
1359 910 1512 939 docendum
1535 913 1685 948 populum;
1709 914 1777 942 hora
1794 923 1882 948 nona,

1039 955 1149 991 quando
1170 956 1244 984 dedit
1264 956 1349 993 legem
1371 965 1480 991 novam,
1506 958 1616 987 mittens
1636 960 1777 996 Apostolos
1796 970 1883 997 prae-

1039 1001 1139 1030 ‹licare
1152 1002 1341 1040 Foanyclium
1353 1004 1434 1032 omni
1448 1009 1621 1038 creaturae,-
1637 1006 1704 1034 hora
1718 1007 1880 1042 undecima,

1038 1048 1148 1084 quando
1169 1052 1230 1085 post
1245 1050 1385 1085 Apostolos
1399 1050 1473 1079 misit
1489 1052 1691 1087 praedicatores
1713 1057 1740 1082 et
1758 1054 1883 1083 doctores

1038 1097 1065 1122 et
1085 1103 1138 1123 non
1161 1099 1248 1124 cessat
1269 1096 1379 1125 mittere
1400 1105 1489 1134 usque
1511 1098 1536 1126 in
1560 1099 1641 1127 finem
1657 1100 1676 1127 ⁰.

1117 1142 1208 1170 Tertio
1233 1144 1444 1172 consummatio
1466 1145 1685 1175 misericordiae
1706 1151 1733 1176 et
1755 1148 1883 1177 iustitiae

1039 1188 1164 1217 habentis
1186 1190 1319 1218 rationem
1348 1190 1446 1219 ultimi
1472 1192 1668 1228 complementi
1695 1194 1882 1223 assimilatur

1038 1233 1149 1263 liomini
1162 1236 1225 1272 reyi
1239 1244 1305 1264 cum
1319 1237 1412 1265 servis
1426 1238 1490 1266 suis
1501 1239 1645 1268 rationem
1658 1242 1777 1276 ponenti
1784 1252 1793 1274 ;
1808 1242 1881 1271 unde

1037 1281 1138 1309 dicitur
1160 1283 1288 1311 Matthaei
1312 1283 1418 1313 decimo
1446 1288 1542 1313 octavo
1558 1286 1584 1313 ⁷:
1608 1287 1812 1316 Assimilatum
1841 1293 1882 1317 est

1037 1336 1159 1365 regnum
1181 1329 1330 1358 caelorum
1344 1329 1456 1359 liomini
1470 1332 1541 1369 reqi,
1563 1333 1616 1370 qui
1628 1333 1720 1362 voluit
1738 1335 1882 1364 rationem

1034 1383 1141 1411 ponere
1162 1384 1228 1404 cum
1249 1377 1341 1405 seruis
1362 1378 1434 1406 suis.
1458 1379 1485 1407 In
1501 1379 1545 1407 illa
1567 1380 1638 1408 enim
1655 1381 1785 1417 parabola
1806 1390 1881 1411 com-

1038 1422 1183 1451 mendatur
1205 1431 1274 1459 opus
1295 1424 1403 1453 divinae
1434 1425 1639 1456 misericordiae
1668 1428 1695 1456 in
1723 1428 1880 1458 dimissione

1037 1468 1124 1497 debiti
1143 1472 1169 1497 ct
1191 1478 1260 1506 opus
1281 1470 1389 1500 divinae
1411 1472 1530 1501 iustitiae
1556 1473 1581 1501 in
1611 1474 1784 1504 damnatione
1804 1477 1883 1504 serui

1037 1525 1170 1554 nequam.
1193 1518 1267 1546 Unde
1293 1518 1355 1546 licet
1377 1519 1531 1548 uniuersae
1561 1521 1627 1549 viae
1657 1522 1774 1550 Domini
1799 1524 1881 1551 mise-

1037 1564 1169 1592 ricordia
1190 1568 1216 1592 ct>
1235 1565 1354 1599 veritas,
1378 1566 1516 1602 potissime
1539 1571 1628 1596 tamen
1658 1569 1684 1597 in
1707 1577 1881 1599 consumma-

1038 1610 1109 1639 tione
1131 1612 1265 1640 relucebit
1284 1612 1472 1641 misericordia
1493 1614 1519 1641 in
1542 1615 1723 1644 retributione
1744 1617 1883 1646 honorum

1037 1660 1064 1685 et
1085 1657 1188 1685 iustitia
1209 1658 1235 1686 ln
1251 1659 1393 1694 punitione
1408 1660 1553 1688 malorum.
1572 1662 1602 1689 Et
1617 1666 1730 1698 propter
1746 1663 1797 1692 hoc
1817 1664 1880 1692 Pro-

1037 1704 1120 1740 pheta
1141 1704 1224 1733 David
1246 1705 1325 1733 dicit:
1349 1706 1412 1734 Duo
1434 1706 1503 1735 llaec
1524 1708 1637 1742 (liutici,
1653 1709 1756 1738 scilicet
1774 1711 1880 1739 miseri-

1037 1751 1156 1779 cordiam
1173 1755 1200 1779 et
1215 1751 1355 1786 iustitiam,
1371 1753 1442 1791 quia
1458 1758 1488 1781 tu
1504 1755 1605 1783 reddes
1620 1756 1776 1794 unicuique
1795 1758 1880 1786 iuxta

1038 1805 1126 1833 opera
1147 1806 1211 1825 sua.
1234 1799 1300 1826 Nam
1322 1799 1401 1828 bonis
1429 1800 1595 1829 habentibus
1617 1803 1747 1831 meritum
1776 1804 1880 1840 gratiae

1037 1844 1129 1872 divina
1151 1845 1338 1873 misericordia
1359 1846 1448 1875 reddit
1463 1848 1616 1883 praemium
1633 1849 1745 1885 gloriae,
1760 1853 1787 1879 et
1802 1851 1880 1880 malis

1039 1891 1202 1920 habentibus
1223 1891 1389 1920 demeritum
1411 1894 1507 1930 culpae
1539 1894 1630 1923 divina
1659 1896 1763 1925 iustitia
1784 1898 1880 1927 reddet

1037 1938 1202 1974 supplicium
1224 1939 1373 1975 gehennae.

1116 1984 1143 2012 ll.
1166 1985 1312 2021 Sequitur:
1334 1986 1365 2013 in
1386 1995 1459 2023 agro
1480 1996 1542 2015 suo.
1559 1988 1605 2016 llic
1620 1990 1788 2025 exprimitur
1803 1998 1879 2019 crea-

1038 2031 1074 2059 tio
1097 2031 1214 2059 hominis
1235 2036 1369 2068 quantum
1398 2033 1431 2061 ad
1459 2034 1620 2063 subiectum
1648 2037 1823 2072 receptivum
1851 2038 1878 2066 in

1037 2077 1106 2114 [ιφ-ί
1125 2078 1243 2106 nominis
1264 2078 1464 2115 designatione;
1487 2081 1559 2109 unde
1587 2082 1739 2111 secundum
1761 2083 1878 2112 verbum

1036 2124 1142 2152 Domini
1165 2132 1213 2161 per
1235 2133 1342 2162 agrum
1365 2126 1391 2154 in
1415 2127 1466 2155 hoc
1481 2127 1540 2155 loco
1555 2128 1718 2165 intelligitur
1738 2131 1878 2164 inunctus,

1036 2171 1063 2199 in
1085 2180 1140 2208 quo
1161 2172 1212 2199 suit
1234 2172 1317 2200 homo
1338 2172 1472 2202 formatus
1497 2178 1631 2210 quantum
1654 2176 1687 2203 ad
1716 2184 1818 2213 corpus
1845 2177 1879 2205 (lc

1036 2218 1104 2246 limo
1120 2218 1141 2252 ³,
1164 2222 1191 2247 et
1212 2222 1321 2247 creatus
1348 2223 1482 2256 quantum
1511 2221 1543 2248 ad
1573 2221 1691 2250 animam
1720 2222 1753 2251 de
1782 2223 1875 2251 nihilo.

1036 2265 1192 2293 Invenimus
1212 2268 1304 2294 autem
1333 2266 1359 2293 in
1389 2274 1467 2294 sacra
1492 2267 1634 2303 Scriptura
1664 2269 1715 2296 tria
1743 2269 1800 2306 agri
1830 2278 1878 2298 no-

1037 2312 1109 2339 mine
1130 2312 1241 2346 censita,
1258 2312 1382 2341 videlicet
1402 2312 1571 2341 mttcliinam
1592 2315 1789 2349 mundialem,
1812 2325 1877 2344 con-

1035 2359 1185 2387 scientiam
1215 2359 1367 2387 menlalem
1398 2363 1424 2388 et
1453 2361 1584 2397 patriam
1615 2362 1769 2390 caelestem.
1803 2363 1878 2392 Unde

1036 2408 1076 2434 est
1098 2406 1186 2442 primo
1207 2414 1271 2442 ager
1292 2406 1454 2434 mundialis
1468 2407 1640 2441 nzacln‘nac:
1655 2409 1784 2443 secundo,
1800 2418 1877 2438 men-

1036 2452 1103 2481 talis
1124 2453 1323 2487 conscientiae,
1345 2456 1372 2481 et
1393 2454 1489 2487 tertio,
1511 2455 1639 2483 caelestis
1658 2456 1786 2492 patriae.
1809 2458 1878 2494 Ager

1036 2499 1181 2528 mundialis
1203 2500 1345 2528 machinae
1367 2504 1407 2529 est
1428 2502 1650 2530 conlenmemlus
1665 2507 1779 2539 propter
1801 2512 1878 2533 occa—

1035 2547 1138 2575 sionem
1160 2547 1264 2575 erroris
1284 2550 1311 2575 et
1339 2547 1425 2581 devii;
1447 2556 1512 2585 ager
1541 2550 1667 2578 mentalis
1695 2550 1876 2580 conscientiae

1035 2596 1076 2622 est
1090 2593 1260 2621 ercolenclus
1275 2596 1387 2630 propter
1402 2595 1603 2631 susceptionem
1620 2596 1733 2625 seminis
1749 2597 1811 2631 θεὶς
1831 2598 1877 2627 sed

1034 2649 1099 2677 ager
1120 2640 1243 2668 caelestis
1265 2640 1369 2677 patriae
1389 2644 1430 2669 est
1451 2641 1664 2671 (tesz'dercmctus
1678 2647 1791 2680 propter
1812 2645 1877 2673 odo-

1035 2695 1092 2715 rem
1114 2687 1171 2715 sive
1192 2687 1406 2723 pulcritudinem
1429 2689 1514 2717 Floris
1534 2689 1627 2718 divini.

1096 2848 1105 2861 ⁵
1123 2849 1188 2871 Vcrs.
1209 2850 1231 2875 i;
1249 2849 1353 2877 sequitur
1371 2850 1438 2872 Marc.
1459 2851 1492 2877 16,
1515 2850 1546 2872 15.

1096 2887 1105 2900 ⁶
1122 2888 1166 2910 Csr.
1183 2888 1300 2911 Collation.
1317 2889 1340 2910 in
1359 2888 1473 2915 llcxaem„
1490 2889 1562 2911 collat.
1585 2890 1618 2912 iti.
1636 2897 1656 2912 u.
1677 2890 1712 2912 19.

1096 2926 1104 2939 ⁷
1123 2928 1187 2949 Vers.
1206 2928 1246 2955 23;
1264 2930 1391 2956 sequuntur
1409 2928 1443 2950 Ps.
1461 2928 1503 2954 24,
1522 2929 1557 2950 r10.
1576 2931 1597 2950 et
1615 2929 1651 2957 Gt,
1671 2929 1705 2951 12.
1724 2935 1772 2958 seq.

1096 2966 1104 2978 Β
1122 2967 1178 2988 Gen.
1196 2968 1222 2994 2,
1240 2967 1262 2988 7.

1754 3015 1782 3036 οὔ

1900 356 1994 379 Secundo.
2008 358 2031 377 de

1905 380 2025 403 gubernatio-

1910 408 1933 422 ne
1946 405 2019 428 sapien-

1943 428 1987 446 tiae.

1903 685 2016 704 Notandum.

1908 1152 1977 1173 Tertio.
1992 1153 2015 1171 de

1901 1181 2016 1194 cousumma-

1900 1199 1951 1218 tione
1965 1200 2019 1218 mise-

1906 1222 2006 1242 ricordiae.

1897 1993 1942 2012 Pars
1954 1993 1976 2012 11.

1893 2273 1936 2300 Tria
1949 2274 2024 2292 nomine

1895 2302 1934 2320 agri
1948 2302 2025 2316 6811581]-

1895 2322 1932 2339 tur.
