2243 3348
2 1006 20 1024 5.
33 1004 84 1022 ’3061-

27 1033 55 1047 ns.

2 1939 72 1963 flendo,

0 1968 11 1983 ι
17 1963 62 1982 ditio
73 1968 84 1981 a

0 1987 51 2011 {illua
59 1992 89 2005 oc-

0 2010 74 2029 unione.

0 2500 75 2519 11113061-

604 124 645 151 DE
667 124 692 152 S.
716 124 818 152 PATRE
840 123 972 153 NOSTRO
993 124 1179 154 FRANClSCO.
1201 126 1312 155 SERMO
1333 127 1363 155 V.
1800 131 1851 159 591

109 205 210 230 statum
232 200 429 229 conversionis
443 201 495 229 fuit
511 209 593 230 verus
608 201 781 238 discipulus,
803 202 850 231 sed
865 210 952 238 quan-

110 251 167 277 tum
190 247 224 275 ad
244 250 346 276 statum
368 248 630 276 consummationis
650 248 703 276 tuit
723 248 823 276 doctor
844 248 941 277 bonus.

188 294 204 321 1.
217 294 356 330 Quantum
373 294 458 330 igitur
468 294 501 322 ad
514 294 635 330 primum
647 298 748 323 statum
761 298 851 331 potest
861 295 953 324 dicere

109 342 206 370 beatus
226 340 403 369 Franciscus:
428 341 533 369 Discite
554 350 573 369 a
594 349 654 375 me,
677 341 703 369 id
725 344 775 375 est,
789 349 805 370 a
826 350 869 370 me
890 341 952 379 for-

93 396 188 416 .mam
209 386 349 423 discipali
373 387 529 421 assumite,
545 388 611 424 quia
631 387 669 415 fui
686 388 839 424 discipulus
858 396 950 417 verus.

109 435 204 463 Forma
225 436 317 462 autem
340 433 396 462 veri
418 433 545 470 discipuli
570 435 628 463 lesu
653 434 770 468 Christi,
792 443 863 471 quae
892 443 952 471 spe-

108 481 212 510 cialiter
234 480 334 508 claruit
355 483 382 508 et
402 480 532 517 apparuit
546 481 573 508 in
589 481 668 509 beato
683 481 843 515 Francisco,
858 481 885 509 in
901 482 953 510 hoc

108 527 245 559 consistit:
267 527 364 564 primo,
387 530 418 555 ut
439 527 474 556 sit
495 528 577 556 homo
594 531 764 565 seyregyatus
779 535 798 556 a
810 536 952 564 perversa

84 593 91 597 -
107 575 239 603 societate
259 577 395 611 quantum
411 574 443 602 ad
466 574 638 608 convictum;
661 575 777 602 amicus
794 575 865 603 enim
880 575 952 603 stul-

108 625 204 650 torum
224 620 331 649 similis
358 620 540 658 efficietnr¹;
568 621 640 657 quod
669 621 840 657 significatur
868 621 950 650 Marci

106 671 221 705 quarto,
243 668 289 696 ubi
311 667 413 696 dicitur
434 667 468 696 de
488 667 612 696 Christo:
636 667 773 695 Seorsum
797 667 951 704 discipulis

105 715 167 743 suis
189 715 348 743 disserebat
373 715 490 747 omnia;
518 723 667 748 seorsum,
690 714 715 742 id
737 718 778 742 est
802 722 817 742 a
845 714 949 748 malis,

106 769 230 790 seorsum
253 761 334 790 etiam
356 769 372 789 a
394 761 496 789 turbis.
514 761 539 789 ln
562 769 618 797 quo
638 761 803 794 ostenditur,
822 761 895 798 quod
909 761 950 789 di-

105 808 228 845 scipulus
249 808 348 836 Christi
372 816 496 836 seorsum
519 808 600 836 debet
621 815 695 841 esse,
718 811 748 835 ut
767 808 802 836 sit
823 815 949 847 segrega-

84 873 89 876 ·
107 859 150 884 tus
171 863 187 883 a.
203 855 330 883 societate
350 858 526 891 pervertente
547 858 573 882 et
595 854 792 882 conturbante.
815 870 852 874 —
871 854 949 890 Quod

104 901 258 936 attendens,
275 902 371 930 beatus
386 901 546 929 Franciscus
568 901 658 929 statim
680 901 714 929 ad
735 901 842 929 Domini
865 901 949 937 inspi-

104 948 237 977 rationem
260 947 371 984 reliquit
392 947 549 976 societatem
573 947 720 981 iuvenum,
736 947 783 984 qui
805 950 884 976 erant
905 955 948 976 so-

103 996 135 1025 cii
151 995 182 1024 in
196 995 332 1032 peccatis,
348 995 477 1031 quoniam
500 995 566 1023 11366
588 994 703 1023 societas
718 1002 860 1031 perversa
879 997 946 1022 erat.

104 1041 222 1078 Reliquit
242 1041 323 1070 etiam
346 1041 502 1069 societatem
522 1043 717 1074 mercatorum,
740 1048 811 1076 quae
825 1043 885 1069 erat
905 1048 948 1068 so—

103 1088 186 1117 cietas
200 1088 372 1121 munda-nm
387 1090 414 1116 et
428 1087 503 1115 solus
518 1087 574 1115 ibat
588 1087 621 1115 ad
643 1087 701 1115 loca
715 1090 833 1121 secreta,
849 1087 947 1121 sciens,

103 1135 175 1173 quod
201 1135 328 1163 Christus
354 1143 487 1162 seorsum
515 1134 632 1162 disserit
659 1134 767 1163 omnia.
794 1134 844 1163 Per
872 1135 947 1163 hunc

102 1182 213 1211 modum
228 1185 352 1218 oportet,
374 1189 438 1209 eum
454 1181 501 1218 qui
523 1181 583 1209 vult
598 1181 750 1217 discipulus
770 1181 829 1210 fieri
846 1181 946 1210 Christi

103 1228 254 1266 perfectus,
276 1228 435 1265 relinquere
457 1229 614 1268 societatem
635 1228 822 1256 munda-nam
836 1232 864 1257 et
882 1237 948 1265 per-

103 1283 227 1304 versam.
256 1275 357 1311 Quodsi
390 1283 443 1303 non
472 1275 532 1304 vult
561 1275 719 1312 relinquere
745 1276 948 1309 mundanam,

103 1322 177 1360 quod
204 1322 379 1359 perfectionis
399 1325 456 1356 est,
478 1323 574 1351 saltem
602 1323 740 1359 relinquat
758 1331 946 1359 perversam,

103 1370 176 1407 quod
207 1370 377 1399 necessitatis
407 1373 456 1398 est.
490 1370 626 1398 scribitur
658 1370 730 1398 enim
762 1370 788 1397 in
823 1370 946 1398 Psalmo:

104 1417 259 1446 Commioeti
285 1420 353 1445 sunt
381 1417 456 1445 inter
481 1420 578 1452 centes
605 1420 631 1444 ct
661 1416 826 1445 didicerunt
858 1425 947 1453 opera

100 1472 201 1492 eoram
222 1467 246 1492 et
266 1463 431 1492 servierunt
450 1463 632 1500 sculptilibus
646 1472 766 1497 eorum;
787 1467 812 1492 et
832 1462 946 1500 factum

100 1515 141 1539 est
161 1510 220 1539 iltis
233 1510 264 1539 in
279 1510 463 1538 scandalum.
483 1510 583 1538 Gentes
598 1510 730 1538 dicuntur
746 1510 790 1539 hic
808 1511 946 1547 gentiliter

103 1558 239 1592 viventes3
261 1557 300 1586 eis
321 1557 503 1586 commisceri
523 1560 564 1586 est
584 1558 624 1586 eis
651 1558 796 1591 associari,
825 1566 860 1586 ex
890 1566 946 1594 quo

100 1607 223 1641 oportet,
238 1604 312 1641 quod
327 1604 447 1633 addiscat
459 1604 521 1640 quis
535 1612 620 1641 opera
634 1604 720 1638 mala;
735 1604 801 1641 quia
816 1604 946 1633 Ecclesia-

100 1651 158 1681 stici
174 1651 280 1680 decimo
293 1651 373 1679 tertio
385 1651 411 1678 ²:
426 1651 483 1686 Qui
497 1651 620 1688 teti'yerit
633 1651 725 1687 picem
740 1651 946 1688 inquinabitur

100 1698 137 1727 ab
158 1706 208 1732 ea,
230 1701 255 1726 el
275 1697 327 1735 qui
346 1697 605 1726 communicaverit
625 1697 750 1734 superbo
777 1697 875 1725 induet
896 1706 945 1726 su-

97 1745 247 1783 perbiam;
270 1745 482 1773 Proverbiorum
499 1744 629 1781 vigesimo
651 1744 787 1773 secundo:
803 1744 870 1773 Noli
887 1753 945 1773 6886

101 1792 216 1821 amicus
238 1791 349 1820 bomini
363 1791 523 1825 iracundo,
544 1800 635 1829 neque
655 1791 785 1819 ambules
799 1799 866 1819 cum
881 1791 944 1820 viro

101 1838 232 1877 furioso,
263 1847 298 1866 ne
327 1837 402 1874 forte
433 1838 532 1866 discas
563 1838 682 1866 semitas
712 1838 775 1866 eius
797 1842 821 1866 et
842 1846 945 1866 sumas·

101 1885 275 1914 scandalum
297 1885 416 1913 animae
444 1888 529 1918 tuae,-
550 1888 576 1913 et
605 1885 631 1913 in
662 1885 782 1913 Psalmo:
817 1886 851 1913 Et
877 1894 944 1913 cum

98 1941 234 1970 perverso
252 1932 437 1969 perverteris
459 1949 497 1952 —
519 1931 644 1960 Secundo
664 1932 746 1960 debet
776 1940 835 1961 esse
862 1940 944 1969 expe-

100 1980 178 2009 ditus
199 1988 218 2008 a
238 1978 392 2016 superflua
414 1979 618 2015 occupatione,·
639 1982 665 2007 et
687 1979 739 2007 1106
753 1983 887 2016 quantum
910 1979 943 2008 ad

100 2030 208 2061 actum;
230 2034 292 2055 nam
315 2026 361 2063 qui
378 2026 542 2054 sollicitatur
563 2026 636 2054 circa
651 2026 793 2062 superflua
807 2034 862 2054 non
884 2029 943 2063 pot-

99 2076 140 2103 est
161 2081 257 2102 vacare
279 2073 322 2101 liis
343 2080 413 2110 quae
428 2076 493 2101 sunt
508 2072 594 2101 utilia.
610 2072 778 2101 Sollicitudo
792 2073 864 2102 enim
880 2081 943 2101 sae-

99 2120 158 2149 culi
178 2120 264 2149 istius
284 2124 310 2148 et
329 2119 454 2157 fallacia
471 2119 647 2148 divitiarum
667 2118 791 2156 suffocat
812 2119 942 2154 verbum,

99 2171 124 2196 ct
147 2167 209 2195 sine
235 2166 338 2204 fructu
366 2166 501 2204 efficitur,
529 2166 656 2195 Matthaei
684 2166 791 2194 decimo
819 2166 941 2200 tertio-³,

100 2214 160 2243 ideo
181 2214 312 2243 scribitur
333 2214 422 2242 Lucae
452 2213 557 2241 decimo
578 2216 693 2250 quarto:
717 2213 818 2241 Omnis
839 2221 874 2241 ex
894 2221 942 2241 vo-

100 2260 151 2295 bis,
174 2261 226 2298 qui
245 2269 303 2288 non
317 2260 468 2288 renuntiat
482 2259 626 2293 omnibu&
642 2268 717 2298 quae
728 2260 865 2296 possidet,
884 2268 942 2288 non

96 2311 188 2344 polest
208 2316 289 2335 meus
309 2315 368 2335 6886
395 2306 576 2343 discipulus,·
597 2315 650 2335 non
677 2306 742 2343 quia
769 2307 872 2335 malum
901 2309 943 2335 est

99 2354 254 2391 possidere,
279 2354 326 2383 sed
354 2354 420 2391 quia
450 2354 553 2382 1113100]
585 2356 626 2381 est
656 2353 730 2381 circa
758 2353 942 2389 possessiones

100 2400 222 2429 animum
238 2400 379 2437 superflue
393 2407 539 2436 occupare,
554 2402 582 2428 et
594 2399 759 2435 impossibile
775 2399 817 2427 vel
832 2399 942 2428 difficile

99 2448 217 2476 multum
239 2451 281 2476 est
303 2446 442 2484 possidere
456 2449 483 2475 et
504 2454 557 2474 non
573 2453 688 2480 curare;
711 2446 770 2474 ideo
791 2446 870 2474 dicit:
891 2446 943 2484 qui

98 2502 156 2522 non
170 2494 321 2522 renuntiat
335 2496 386 2522 etc.
399 2509 436 2513 —-
448 2493 524 2529 Quod
537 2500 661 2526 6610606,
673 2492 770 2521 beatus
781 2493 942 2521 Franciscus

99 2541 206 2575 statim,
227 2544 259 2569 ut
280 2540 384 2569 audivit
399 2547 492 2568 vocem
509 2539 572 2573 Dei,
594 2542 693 2567 cuncta
706 2539 825 2573 dimisit,
840 2539 866 2567 in
884 2542 941 2567 tan-

99 2590 173 2621 11101,
196 2590 227 2616 ut
248 2595 298 2616 nec
318 2587 395 2615 filum
418 2586 572 2615 vestimenti
587 2586 620 2614 ad
636 2586 843 2622 cooperiendam
861 2586 941 2614 nudi—

100 2637 181 2662 tatem
193 2634 242 2662 sibi
257 2633 451 2666 reservaverit;
465 2632 556 2666 immo,
568 2632 639 2661 sicut
650 2632 742 2661 omnia
754 2632 870 2661 interius
881 2640 942 2661 600-

162 2801 169 2814 ¹
189 2803 255 2824 l'rov.
277 2803 310 2829 13,
328 2803 370 2828 20,
388 2805 515 2830 sequuntur
534 2803 600 2824 Marc.
613 2801 633 2828 4,
647 2802 685 2824 34.
698 2805 720 2824 61
733 2803 766 2824 l's.
783 2802 832 2830 105,
844 2802 881 2824 34.
893 2809 940 2831 seq.

161 2840 169 2853 ²
188 2842 252 2864 Vers.
275 2843 297 2868 l;
314 2844 443 2870 sequuntur
461 2842 526 2863 Prov.
545 2842 582 2869 2-2,
600 2841 636 2863 24.
654 2845 675 2863 et
694 2842 726 2864 l‘s.
749 2842 781 2869 17,
799 2843 836 2864 26.

161 2880 169 2892 ³
188 2881 253 2903 Vers.
271 2881 311 2908 224
329 2885 455 2910 sequuntur
474 2882 528 2903 Luc.
549 2880 582 2907 tt,
601 2881 638 2902 33.
655 2883 676 2902 et
694 2881 769 2902 Matth.
791 2881 824 2908 19,
842 2882 878 2903 21.

162 2919 171 2931 ‘¹
189 2920 265 2942 11131111.
283 2920 304 2947 6,
322 2919 363 2945 24:
381 2922 510 2947 sequnntur
528 2919 541 2940 l.
560 2919 619 2941 Tim.
638 2919 659 2945 6,
679 2920 700 2941 9.
717 2923 738 2941 61
756 2920 834 2941 lizi-ch.
853 2920 888 2947 119,
907 2920 928 2942 3.

1011 206 1169 239 tempserat,
1184 204 1223 232 sic
1237 204 1329 232 omnia
1343 205 1468 233 exterius
1482 205 1645 234 dimittebat.
1664 224 1703 227 —
1718 207 1768 236 Per
1783 208 1857 236 bunc

1010 249 1091 278 etiam
1114 250 1225 279 modum
1241 250 1288 287 qui
1311 251 1370 279 vult
1384 259 1443 280 esse
1458 251 1597 289 perfectus
1611 252 1764 289 discipulus
1778 254 1856 282 Chri-

1011 297 1043 325 sti
1066 296 1158 325 vadat
1178 301 1204 325 et
1223 297 1330 326 vendat
1349 298 1448 332 omnia,
1471 306 1546 336 quae
1566 298 1658 333 babet,
1671 303 1696 328 et
1716 300 1762 329 det
1778 309 1856 338 pau-

1008 342 1147 379 peribus;
1167 343 1241 380 quod
1263 344 1285 372 si
1301 344 1364 381 quis
1383 352 1437 373 non
1454 345 1513 374 vult
1534 345 1638 380 facere,
1661 347 1757 375 saltem
1773 355 1788 375 a
1803 348 1856 376 sol-

1010 389 1151 418 licitudine
1172 393 1200 418 et
1224 391 1404 427 occupatione
1432 395 1459 420 et
1487 393 1606 421 vanitate
1633 401 1744 422 necesse
1774 394 1854 423 habet

1009 436 1131 464 animum
1145 444 1289 470 revocare,
1305 438 1425 474 alioquin
1442 447 1495 467 non
1510 439 1562 467 erit
1576 439 1729 476 discipulus
1743 440 1854 475 Christi,

1009 483 1055 511 sed
1077 483 1231 520 discipulus
1261 484 1370 513 diaboli.
1402 485 1459 513 Non
1482 486 1554 514 enim
1583 495 1741 523 possumus
1772 488 1852 516 simul

1010 530 1066 557 Deo
1080 529 1190 558 seruire
1211 533 1235 558 et
1249 539 1434 560 mammonae
1448 534 1478 565 4;
1493 533 1644 561 secundum
1661 534 1735 570 quod
1752 534 1854 563 dicitur

1008 576 1113 612 primae
1134 576 1168 605 ad
1189 577 1363 606 Timotheum
1396 578 1509 607 ultimo:
1535 579 1654 613 Omnes,
1683 581 1735 618 qni
1755 581 1855 609 volunt

1008 623 1111 651 divites
1123 623 1198 660 sieri,
1215 624 1347 653 incidunt
1368 626 1400 653 in
1421 626 1602 654 tentationem
1621 631 1645 655 et
1666 628 1697 655 in
1717 628 1853 665 laqueum

1007 670 1118 698 diaboli
1125 681 1135 703 ;
1156 679 1210 699 non
1232 671 1304 699 enim
1330 679 1426 700 omnes
1453 672 1598 701 addiscunt
1625 674 1725 702 Christi
1753 674 1854 703 doctri-

1008 725 1086 750 nam,
1109 717 1155 745 sed
1183 725 1281 754 capere
1311 718 1456 754 praedam,
1485 720 1557 748 sicut
1584 720 1685 748 dicitur
1707 721 1853 750 Ezechielis

1007 763 1113 791 decimo
1141 771 1229 791 nono:
1254 764 1362 792 Eauaez‘t
1390 773 1484 793 unum
1512 766 1546 794 de
1566 766 1707 795 leunculis
1728 768 1807 801 suis,
1829 771 1854 795 et

1007 809 1046 837 leo
1061 808 1161 846 factus
1181 813 1222 838 est
1235 814 1259 838 et
1273 810 1375 839 didicit
1390 819 1492 847 capere
1506 813 1649 848 praedam
1671 812 1853 851 hominesque

1006 856 1159 884 comedere.

1084 902 1176 930 Tertio
1191 902 1272 931 debet
1287 910 1346 931 esse
1361 903 1529 932 abstractus
1544 904 1580 932 ab
1596 905 1769 934 inordinata
1784 905 1852 943 affe-

1006 948 1097 976 ctione
1105 959 1115 981 ‚·
1136 952 1163 977 et
1183 949 1236 977 hoc
1257 952 1392 986 quantum
1414 950 1447 978 ad
1476 951 1621 985 affectum,
1643 952 1708 988 quia
1735 953 1852 981 carnalis

1005 998 1033 1024 et
1054 995 1195 1024 animalis
1216 994 1300 1024 bomo
1321 1005 1379 1025 non
1397 997 1522 1034 percipit
1543 1006 1617 1035 quae
1631 1002 1700 1026 sunt
1722 999 1852 1035 Spiritus

1008 1042 1074 1075 Dei,
1097 1043 1202 1078 primae
1223 1042 1256 1071 ad
1278 1043 1434 1072 Corinthios
1449 1044 1570 1072 secundo
1585 1045 1611 1078 5;
1634 1049 1661 1073 61
1676 1045 1735 1074 11160
1749 1046 1851 1074 dicitur

1006 1089 1094 1118 Lucae
1114 1089 1220 1118 decimo
1242 1093 1357 1126 quarto:
1382 1090 1440 1126 Qui
1458 1099 1517 1119 non
1542 1092 1602 1120 odit
1625 1096 1741 1128 patrem
1762 1101 1850 1121 suum.

1004 1140 1029 1164 et
1050 1140 1175 1164 matrem
1196 1140 1222 1164 et
1243 1145 1365 1165 uxorem
1379 1141 1406 1165 et
1418 1137 1495 1174 filios
1516 1143 1540 1166 et
1554 1137 1665 1175 fratres
1683 1142 1707 1167 ct
1725 1148 1850 1173 sorores,

1874 215 1965 235 1101131111.

1865 916 1935 938 Tertio,
1948 917 1990 935 ahs·

1878 940 1943 958 tractio
1955 940 1979 958 ab

1873 962 1979 981 inordinata

1874 986 1979 1005 affectione.

1004 1181 1102 1211 adbuc
1124 1186 1220 1211 autem.
1242 1186 1266 1211 et
1287 1183 1421 1212 animam
1442 1192 1547 1219 suam,
1569 1193 1628 1213 non
1654 1189 1743 1222 potest
1770 1194 1851 1215 meus
1876 1186 1881 1188 “

1004 1237 1063 1257 esse
1084 1229 1255 1266 discipulus.
1278 1230 1334 1258 Non
1358 1231 1495 1267 prohibet,
1508 1235 1613 1267 patrem
1636 1236 1663 1260 et
1684 1236 1799 1261 matrem
1814 1241 1850 1261 ex

1004 1276 1118 1305 caritate
1138 1277 1242 1311 amari,
1264 1284 1326 1305 cum
1344 1277 1370 1305 in
1388 1278 1456 1314 Lege
1470 1278 1621 1315 praecipiat
1635 1278 1788 1313 honorari,
1803 1280 1849 1308 sed

1004 1323 1110 1351 inhibet
1124 1323 1157 1351 ad
1173 1327 1300 1360 parentes
1315 1325 1439 1353 carnales
1454 1325 1601 1354 carnaliter
1615 1325 1696 1360 affici,
1712 1326 1777 1362 quia
1791 1334 1851 1355 car-

1004 1370 1074 1398 nalis
1088 1370 1194 1399 affectio
1209 1370 1317 1407 repellit
1331 1371 1483 1399 doctrinam
1498 1371 1608 1400 Christi.
1624 1389 1662 1393 —-
1678 1373 1731 1401 Hoc
1746 1373 1848 1408 videns,

1003 1417 1100 1445 beatus
1121 1417 1283 1445 Franciscus
1304 1421 1410 1453 patrem
1436 1421 1463 1446 et
1492 1420 1607 1446 matrem
1635 1419 1735 1453 odivit,
1765 1419 1848 1454 dum,

1003 1464 1153 1492 affectionis
1174 1464 1292 1492 carnalis
1313 1464 1423 1493 vinculo
1445 1465 1546 1499 fracto,
1568 1473 1615 1494 eos
1637 1466 1746 1502 penitus
1770 1467 1849 1495 dere-

1004 1511 1092 1547 liquit.
1107 1527 1144 1530 -
1160 1511 1210 1539 Per
1233 1511 1306 1539 hunc
1328 1511 1440 1540 modum
1456 1512 1503 1549 qui
1520 1513 1579 1540 vnlt
1593 1513 1625 1541 ad
1642 1513 1793 1549 perfectum
1809 1514 1850 1542 di-

1004 1557 1170 1593 scipulatum
1202 1557 1303 1586 Christi
1325 1558 1473 1587 ascendere
1498 1558 1579 1587 debet
1606 1560 1725 1587 domum
1750 1560 1848 1596 patris

1002 1604 1052 1632 sui
1070 1603 1201 1632 oblivisci
1215 1604 1225 1620 ⁶
1247 1607 1274 1632 et
1289 1604 1429 1641 propriam
1444 1605 1574 1639 animam,
1594 1606 1618 1634 id
1634 1609 1675 1634 est
1690 1606 1773 1634 vitam
1789 1614 1848 1635 car-

1003 1651 1102 1684 nalem,
1117 1650 1203 1684 odire,
1219 1654 1250 1679 ut
1261 1650 1361 1679 Christi
1379 1651 1498 1679 imitator
1514 1652 1630 1687 existat,
1646 1653 1693 1689 qui
1709 1653 1740 1681 in
1756 1662 1847 1681 manu

1003 1697 1190 1725 inimicorum
1216 1697 1340 1726 tradidit
1361 1698 1494 1726 animam
1514 1707 1601 1727 suam
1628 1700 1846 1736 praedilectam.

1003 1744 1103 1780 Quodsi
1126 1744 1189 1781 quis
1210 1752 1262 1772 non
1287 1744 1346 1772 vult
1373 1745 1510 1774 carnalem
1539 1746 1708 1775 affectionem
1737 1747 1847 1775 omnino

1002 1791 1079 1819 odire
1101 1791 1142 1819 vel
1164 1791 1319 1827 deponere,
1340 1799 1422 1828 quam
1446 1792 1528 1821 habet
1549 1793 1581 1821 ad
1604 1797 1747 1829 parentes,
1767 1793 1847 1822 debet

1002 1841 1094 1866 tamen
1116 1845 1174 1866 eam
1197 1837 1347 1874 deponere,
1363 1846 1446 1875 quam
1463 1839 1544 1867 habet
1558 1840 1591 1868 ad
1614 1840 1758 1874 mulieres,
1780 1840 1846 1868 3110-

1002 1884 1068 1920 quin
1098 1892 1152 1912 000
1173 1884 1274 1920 poterit
1304 1885 1449 1921 pervenire
1476 1885 1508 1914 ad
1538 1886 1678 1914 scientiam
1708 1886 1845 1920 veritatis,

1001 1931 1072 1959 sicut
1093 1931 1195 1959 dicitur
1216 1931 1353 1960 secundae
1374 1931 1407 1960 ad
1430 1932 1603 1961 Timotheum
1627 1933 1706 1961 tertio
1727 1933 1761 1961 de
1786 1933 1846 1961 tali-

1001 1978 1069 2007 bus:
1093 1979 1136 2006 Ex
1158 1977 1203 2006 liis
1231 1978 1307 2006 enini
1334 1982 1420 2012 sunt,
1448 1980 1500 2017 qui
1523 1984 1676 2016 penetrant
1701 1980 1800 2008 domos
1821 1984 1846 2009 ct

1000 2025 1133 2062 captiuas
1165 2025 1276 2053 ducunt
1305 2026 1498 2054 mulierculas
1532 2030 1669 2055 oneratas
1701 2027 1845 2063 peccatis,

1000 2080 1075 2109 quae
1096 2072 1248 2100 ducuntur
1269 2072 1364 2100 variis
1385 2072 1545 2101 desideriis.
1569 2073 1686 2110 Semper
1707 2074 1845 2102 discentes

1000 2122 1025 2147 et
1046 2126 1200 2156 nunquam
1222 2118 1428 2147 adscientiam
1448 2120 1580 2148 veritatis
1592 2120 1794 2156 pervenientes.
1807 2137 1845 2141 —

1000 2165 1104 2201 Quarto
1125 2165 1207 2193 debet
1227 2172 1287 2193 esse
1305 2165 1487 2202 purificatus
1508 2174 1527 2194 a
1548 2167 1703 2195 contraria
1721 2167 1845 2204 disposi—

999 2212 1091 2245 tione,-
1111 2216 1138 2241 et
1160 2213 1212 2241 1106
1233 2215 1368 2249 quantum
1383 2212 1416 2241 ad
1433 2213 1567 2247 habitum,
1582 2214 1712 2250 quoniam
1734 2214 1764 2242 in
1782 2223 1844 2242 ma-

998 2259 1117 2287 levolam
1140 2259 1274 2287 animam
1295 2268 1354 2287 non
1375 2260 1506 2288 introibit
1525 2260 1672 2297 sapientia
1695 2269 1745 2289 nec
1766 2260 1845 2289 liabi-

999 2305 1070 2334 tabit
1091 2306 1123 2334 in
1147 2314 1267 2342 corpore
1294 2305 1409 2334 subdito
1436 2307 1579 2343 peccatis,
1608 2307 1760 2344 Sapientiae
1788 2308 1844 2344 pri-

999 2361 1043 2381 mo
1059 2353 1085 2386 ⁷;
1107 2356 1134 2382 et
1149 2353 1209 2381 ideo
1224 2353 1306 2381 Isaiae
1321 2353 1427 2390 primo:
1445 2354 1585 2389 Quiescite
1599 2363 1685 2391 apere
1699 2363 1843 2391 perverse,

998 2399 1099 2428 discite
1113 2399 1179 2428 bene
1189 2398 1304 2437 facere‚·
1319 2400 1396 2436 quasi
1412 2400 1499 2429 dicat:
1516 2409 1568 2429 non
1585 2401 1697 2437 potestis
1713 2401 1844 2430 iustitiam

998 2454 1014 2474 a
1028 2446 1137 2474 Christo
1158 2446 1307 2480 addiscere,
1324 2447 1374 2475 nisi
1396 2447 1563 2476 contrariam
1577 2448 1781 2484 dispositionem
1798 2457 1844 2477 vo-

998 2493 1106 2521 lueritis
1120 2493 1292 2530 exstirpare,
1307 2494 1379 2522 sicut
1394 2501 1446 2522 000
1462 2496 1551 2530 potest
1566 2494 1702 2523 introduci
1718 2495 1843 2530 scientia,

998 2540 1049 2568 nisi
1072 2540 1226 2576 ignorantia
1246 2540 1430 2577 dispositionis
1444 2541 1598 2570 contrariae
1613 2541 1696 2570 106111
1717 2542 1842 2578 expulsa.

1000 2603 1035 2607 -—
1058 2587 1111 2615 Hoc
1132 2587 1291 2621 attendens,
1312 2587 1410 2616 beatus
1430 2588 1591 2616 Franciscus
1612 2588 1645 2617 de
1666 2596 1732 2625 agro
1753 2588 1843 2617 cordis

998 2641 1051 2670 per
1066 2630 1232 2662 ‘continuum
1254 2634 1387 2670 gemitum
1410 2634 1516 2662 studuit
1538 2634 1633 2663 vitium
1657 2638 1683 2663 et
1698 2639 1841 2671 peccatum

1060 2801 1069 2813 ⁵
1089 2803 1152 2823 Vers.
1173 2801 1211 2828 143
1224 2801 1328 2830 sequitur
1340 2802 1393 2824 Luc.
1411 2801 1443 2829 it,
1456 2802 1493 2823 26.
1505 2805 1527 2824 et
1538 2802 1659 2829 respicitur
1671 2802 1741 2825 Exod.
1754 2803 1790 2830 20,
1807 2803 1839 2824 1-2.

1061 2839 1070 2852 ὓ
1088 2840 1168 2862 Psalni.
1187 2839 1224 2866 44,
1246 2840 1283 2866 1();
1301 2843 1429 2868 sequuntur
1441 2841 1481 2862 ler.
1498 2842 1531 2867 l-2,
1544 2841 1568 2864 7.
1579 2844 1600 2862 et
1613 2841 1636 2863 ll.
1649 2841 1710 2863 Tim.
1722 2842 1743 2867 3,
1757 2842 1777 2863 6.
1791 2848 1840 2870 seq.

1060 2878 1069 2892 ⁷
1088 2879 1152 2901 Vei-s.
1176 2879 1202 2905 43
1224 2879 1328 2907 sequitur
1351 2879 1398 2901 lsai.
1427 2879 1448 2907 1,
1473 2880 1506 2901 16.
1528 2886 1576 2908 seq.
1599 2883 1621 2902 et
1643 2880 1764 2908 respicitur
1786 2882 1839 2903 Luc.

999 2920 1026 2946 7,
1045 2919 1081 2940 47.

1873 1382 1892 1401 S.
1906 1383 1981 1402 Franci-

1901 1411 1949 1424 scus.

1867 1522 1958 1541 floriano.

1859 2176 1935 2199 Quarto.
1950 2183 1982 2201 pu·

1871 2200 1949 2219 rifieatiu
1962 2206 1973 2219 a

1877 2225 1970 2243 contraria

1860 2246 1989 2271 dispositione.

1863 2598 1882 2616 Ξ.
1896 2599 1970 2617 Franci-

1891 2627 1938 2640 scus⁴
