2243 3348
215 1119 285 1141 Tertio,
299 1120 328 1138 lau
333 1128 338 1133 ·

242 1143 306 1161 tifieat.

231 1449 337 1467 Conclusio.

218 1966 340 1985 Additamen-

232 1992 270 2008 tum
283 1992 335 2009 nota-

354 193 410 221 5⁹24

353 271 471 300 tertio¹:
501 269 664 306 Tripliciter
682 268 724 296 sot
744 275 870 296 enai-ens
891 269 1016 294 montes:
1039 265 1128 302 primo
1150 272 1199 301 per

353 317 478 346 dolorem
495 315 677 344 contritionis
698 318 725 342 et
746 313 939 350 indignationis
953 312 987 340 de
1002 312 1081 340 malis
1095 314 1122 340 et
1138 319 1200 347 pec-

353 364 428 392 catis.
450 370 521 400 quae
543 363 625 390 1101110
645 361 716 389 fecit.
739 359 873 392 Secundo,
895 367 944 395 per
966 358 1104 386 ardorem
1123 366 1198 386 com-

351 410 516 447 passionz's,
539 408 648 445 quando
669 407 761 435 anima
782 409 875 435 sancta
897 405 998 442 cogitat
1021 404 1200 433 acerbitatem

354 456 486 493 passionis
508 455 617 487 Christi,
641 453 829 490 Redemptoris
850 453 906 486 sui,
929 455 995 480 tunc
1017 455 1072 480 tota
1094 450 1200 488 liquefit

354 504 380 532 in
402 502 545 538 lacryinis;
568 501 641 529 unde
663 501 689 528 in
711 500 867 528 Cauticis2:
892 499 1001 527 Anima
1022 506 1087 526 mea
1113 497 1200 535 itque-

352 550 433 587 faeia
455 553 506 583 est,
529 552 561 577 ut
582 548 702 576 dilectus
724 547 837 575 locutus
858 550 905 574 est.
922 546 1008 574 Debet
1022 545 1094 574 enim
1110 546 1201 573 anima.

353 601 416 625 tunc
440 595 573 632 liquefieri
604 595 675 623 sicut
707 594 863 627 metallum,
896 593 1007 630 quando
1038 592 1151 629 ponitur
1174 591 1199 620 in

352 644 469 672 fornace.
492 642 550 675 Sic,
572 642 683 678 quando
704 641 786 669 ardor
816 640 948 677 passionis
978 639 1035 668 veri
1064 639 1133 667 Solis
1154 638 1201 667 de-

352 689 456 719 scendit
477 697 561 725 super
584 696 631 716 cor
655 691 794 721 nostrum,
816 688 949 716 debemus
978 687 1024 715 toti
1055 686 1199 723 liquefieri.

354 737 384 765 Et
405 737 456 765 hoc
478 736 546 764 bene
567 735 751 772 significatum
773 734 825 763 suit
846 734 879 763 de
899 742 1023 767 manna,
1039 734 1072 762 de
1087 741 1142 770 qua
1164 733 1201 761 le-

352 784 440 821 gitur,
462 783 535 820 quod
565 782 675 820 quando
697 782 791 810 radius
819 782 883 810 solis
907 780 1089 809 descendebat
1117 788 1201 817 super

354 839 462 864 manna,
484 830 574 859 statim
598 829 776 867 liquefiebat,-
795 829 833 857 sic
849 831 899 857 etc.
916 828 1016 861 Tertio,
1032 828 1105 864 (per)
1120 836 1201 855 amo-

354 887 415 906 rem
430 877 556 914 fervoris
571 880 598 904 et
612 876 755 909 desiderii;
773 876 894 904 Psalmus
906 875 932 902 ³:
949 874 1201 910 Quemadmodum

355 925 501 954 desiderat
522 932 625 952 cervus
647 924 686 951 ad
707 922 800 960 fontes
821 930 983 960 aqnm'um,
999 922 1041 950 ila
1055 921 1203 949 desiderat

353 972 456 1000 anima
478 980 542 999 mea
564 971 604 999 ad
625 974 664 1004 te,
689 971 772 998 Dens.
807 969 903 998 Sitint't
935 969 1039 997 anima
1070 977 1134 996 mea
1163 968 1203 996 ad

357 1020 446 1047 Deum
467 1018 573 1055 fortem
595 1018 695 1046 vinnm
716 1021 766 1046 etc.

431 1065 540 1098 Tertio,
563 1065 601 1093 sol
624 1064 778 1100 laetificam
800 1064 838 1093 sic
860 1064 951 1092 anima
979 1067 1073 1092 sancta
1101 1064 1203 1092 illumi-

354 1117 417 1142 nata
439 1120 488 1149 per
510 1112 670 1148 sapientiam
693 1115 720 1140 et
741 1111 870 1140 calefacta
893 1119 941 1148 per
968 1114 1089 1139 sanctam
1119 1110 1202 1139 medi-

355 1161 483 1189 tationem
507 1159 671 1188 laetificatur
692 1162 719 1187 et
740 1158 775 1187 ibi
792 1166 820 1187 se
835 1158 967 1191 ‹lelectat;
987 1158 1098 1186 unde4:
1117 1158 1203 1186 Dulce

355 1207 468 1240 lamen,
490 1210 515 1234 et
536 1205 697 1234 (lelectabi'te
718 1209 759 1233 est
789 1205 881 1233 oculis
914 1204 1009 1232 nidere
1038 1204 1143 1238 solem,
1165 1205 1203 1233 sic

355 1254 492 1290 respicere
515 1260 611 1281 verum
634 1252 722 1280 Solem
746 1252 880 1285 iustitiae,
905 1251 1049 1279 Dominum
1076 1254 1203 1279 nostrum

356 1301 442 1330 lesum
465 1300 623 1333 Christum,
646 1303 686 1327 est
709 1299 786 1327 valde
814 1298 992 1331 delectabile‚·
1013 1298 1059 1326 sed
1092 1301 1204 1327 econtra

354 1347 482 1377 delectari
506 1347 532 1375 in
556 1346 713 1375 huiusmodi
737 1346 821 1374 rebus
837 1345 983 1374 mundanis
997 1348 1024 1373 et
1040 1345 1117 1373 vanis
1132 1345 1204 1374 [lele-

356 1394 521 1424 ctationibus
540 1394 606 1422 nihil
623 1393 696 1421 aliud
713 1397 753 1421 est
768 1400 850 1429 quam
868 1392 956 1420 lutum
972 1392 1115 1428 amplecti;
1131 1392 1204 1421 unde

356 1442 382 1470 in
404 1441 560 1470 'threnis-“n
583 1440 753 1476 Amptexati
773 1443 842 1467 sant
862 1443 1002 1467 stercora.
1019 1455 1055 1459 —
1074 1439 1117 1467 Sic
1139 1447 1205 1476 ergo

356 1489 502 1521 babemus,
518 1487 590 1524 quod
606 1487 697 1515 anima
719 1487 888 1514 illuminata
912 1494 960 1523 per
978 1487 1138 1523 sapientiam
1156 1495 1206 1514 ca-

355 1535 412 1572 lefit
432 1539 459 1563 et
481 1534 673 1570 laen'fieattn·;
695 1537 721 1562 et
742 1534 780 1562 sic
804 1534 937 1562 babemus
958 1534 991 1562 de
1014 1534 1157 1562 sanctitate
1179 1537 1206 1562 et

356 1582 488 1619 sapientia
511 1582 590 1610 istius
615 1581 749 1610 benedicti
773 1581 976 1618 Evangelistae,
1005 1581 1076 1609 beati
1106 1581 1205 1614 Marci,

355 1633 382 1659 et
405 1631 469 1658 baec
492 1629 622 1658 sanctitas
643 1632 670 1657 et
692 1628 825 1665 sapientia
847 1628 914 1656 nihil
936 1628 1010 1657 aliud
1036 1632 1092 1662 est,
1121 1637 1204 1665 quam

356 1676 491 1713 quoddam
516 1676 623 1704 initium
646 1668 798 1704 sanctitatis
819 1679 846 1703 et
867 1675 1032 1712 sapientiae,
1054 1683 1126 1712 quae
1154 1675 1206 1704 erit

356 1724 461 1752 Sanctis
483 1724 508 1751 in
532 1723 671 1760 paradiso,
693 1723 759 1760 quia
777 1725 844 1751 tunc
859 1722 948 1751 Sancti
964 1721 1117 1760 fzdyebant
1131 1723 1207 1751 sicat

356 1771 399 1799 sot
419 1771 450 1799 111
472 1779 560 1808 regyno
586 1770 686 1798 Patris
707 1770 779 1803 mei,
813 1773 844 1798 ut
874 1770 939 1798 dicit
972 1770 1056 1798 Filius
1086 1770 1150 1803 Dei,
1172 1770 1204 1798 ad

357 1818 428 1846 istud
453 1825 568 1854 regnum
592 1825 641 1845 nos
663 1817 796 1854 perducat
819 1817 862 1845 ille
894 1817 940 1854 qui
974 1819 1016 1845 est
1046 1817 1207 1845 benedictus

358 1866 383 1893 in
406 1866 514 1894 saecula
537 1865 721 1893 saeculorum.
744 1865 835 1893 Amen.
1093 1888 1103 1891 -

436 1912 554 1941 Oremus
577 1920 627 1948 pro
648 1915 721 1940 statu
745 1911 888 1945 Ecclesiae,
911 1911 1059 1948 praecipue
1081 1919 1131 1947 pro
1152 1914 1208 1940 stu-

357 1960 401 1988 dio
423 1959 584 1993 Parisiensi,
617 1958 691 1995 quod
724 1958 804 1986 modo
837 1958 956 1992 cessatss,
979 1962 1005 1987 et
1028 1961 1111 1995 puto,
1133 1958 1207 1995 quod

357 2007 483 2035 diabolus
504 2006 568 2035 fecit
589 2006 669 2034 modo
692 2006 841 2034 maximam
866 2008 971 2042 partem
994 2013 1060 2034 suae
1081 2006 1207 2034 volunta-

359 2055 408 2087 tis,
430 2054 540 2091 quando
563 2053 724 2090 procuravit
753 2053 778 2081 in
808 2053 953 2087 cordibus,
975 2053 1050 2090 quod
1072 2056 1206 2087 cessaret,

358 2102 423 2138 quia
444 2102 495 2129 hoc
517 2104 559 2129 est
581 2108 667 2129 uuum
689 2100 723 2129 de
745 2100 896 2129 maioribus
917 2101 1033 2135 damnis,
1055 2100 1129 2137 quod
1150 2101 1207 2137 ipse

359 2149 443 2185 possit
464 2148 555 2177 facere
578 2151 687 2177 sanctae
709 2148 853 2182 Ecclesiae,
869 2148 935 2184 quia
950 2147 1072 2176 studium
1089 2148 1209 2176 Parisius

358 2199 399 2225 est
420 2196 492 2229 fons,
515 2204 530 2224 a
552 2204 608 2232 quo
629 2195 710 2223 rivuli
734 2198 839 2223 exeunt
861 2203 910 2231 per
926 2198 1014 2223 totum
1030 2195 1166 2223 mundum
1182 2198 1209 2223 et

360 2243 478 2280 episcopi
502 2246 529 2271 et
550 2242 749 2279 archiepiscopi
772 2245 797 2270 et
814 2241 857 2270 alii
874 2241 1054 2270 ecclesiarum
1071 2245 1208 2275 rectores;

358 2293 385 2318 et
408 2298 456 2325 pro
479 2298 523 2318 me
545 2293 571 2318 et
594 2298 643 2326 pro
674 2289 804 2318 omnibus
836 2289 894 2317 istis
926 2289 1022 2317 dicatis
1054 2292 1095 2317 ter
1120 2289 1209 2317 Pater

359 2341 454 2365 noster
476 2340 502 2365 et
526 2338 585 2365 Ave
607 2337 714 2365 Maria.
729 2353 767 2356 —
783 2337 843 2365 Duo
865 2344 909 2365 me
931 2339 1078 2364 moverunt
1099 2335 1132 2364 ad
1154 2336 1210 2364 hue

360 2383 542 2417 veniendum,
567 2384 655 2420 primo
677 2383 742 2421 quia
758 2383 892 2412 habebam
908 2383 1023 2411 multam
1039 2382 1209 2411 affectionem

360 2430 392 2458 ad
414 2439 478 2464 vos,
501 2431 566 2467 quia
587 2431 764 2465 audiveram,
787 2431 874 2459 multa
895 2430 967 2459 bona
987 2430 1039 2458 dici
1062 2430 1095 2458 de
1123 2429 1209 2458 vobis.

360 2478 437 2506 Aliud
459 2481 513 2512 est,
536 2478 601 2515 quia
623 2478 760 2512 volebam,
783 2477 856 2514 quod
879 2477 1014 2505 mediante
1035 2477 1127 2505 divina
1148 2484 1210 2513 gra-

362 2525 397 2552 tia
419 2533 525 2561 possem
550 2525 627 2553 vobis
648 2525 750 2562 aliquid
777 2525 885 2559 dicere,
912 2524 985 2552 unde
1013 2524 1112 2552 melius
1139 2526 1211 2552 esset

1027 187 1200 216 SERMONES
1221 187 1264 215 DE
1287 187 1427 215 SANCTlS.

1258 264 1336 293 vobis
1356 264 1390 292 de
1412 271 1529 300 persona
1550 271 1610 292 mea
1631 267 1658 292 et
1680 272 1740 293 meo
1761 264 1890 299 adventu,
1911 267 1939 293 et
1952 265 2036 293 oretis
2051 272 2102 301 pro

1257 311 1351 345 nobis;
1374 313 1401 339 et
1422 318 1471 339 nos
1493 310 1643 347 recipimus
1664 318 1775 345 omnes,
1798 313 1935 348 quotquot
1956 311 2000 340 hic
2021 311 2102 345 estis,

1257 357 1283 385 in
1305 357 1435 386 omnibus
1456 357 1534 386 bonis
1553 357 1631 386 factis
1646 357 1672 386 in
1688 361 1781 386 nostra
1798 357 1943 394 Religione,
1959 361 2104 395 postquam

1257 412 1306 432 nos
1328 404 1390 433 inde
1411 404 1515 432 fuimus
1537 404 1667 438 ministri,
1689 407 1716 433 et
1737 404 1866 433 volumus
1881 404 1983 433 habere
1998 408 2103 441 partem

1258 451 1284 479 in
1309 451 1406 479 vestris
1427 451 1607 480 orationibus.

1600 554 1691 581 Sanno
1714 553 1732 581 ll
1744 553 1763 580 ⁷.

1329 646 1412 672 Sermo
1431 646 1462 671 fr.
1482 647 1673 672 Bonaventurae
1691 647 1815 672 Minorum
1834 648 1865 672 ad
1884 648 1992 679 Begiuas
2004 648 2030 673 in
2043 648 2106 674 festo

1258 690 1338 715 sancti
1358 690 1435 715 Marci
1454 690 1640 722 Evangelistae.

1339 779 1520 816 Sapientiam
1541 780 1604 808 sine
1623 779 1737 816 fictione
1758 780 1851 809 (lictici
1871 784 1896 808 et
1916 781 1978 809 sine
1993 780 2107 809 invidia

1259 827 1442 855 communico
1454 826 1465 843 ⁸
1487 829 1538 855 etc.

1339 873 1516 909 tl'rotliema).
1540 874 1575 902 In
1596 874 1821 902 mansuetudine
1834 875 1972 912 suscipite
1986 875 2108 903 insitum
2124 879 2227 899 Prothoum-

1260 920 1389 954 verbum,
1412 921 1489 959 qnod
1506 924 1598 957 potest
1618 920 1737 948 salvare
1758 920 1877 949 animas
1898 925 2020 956 vestrati,
2037 922 2108 950 laco-

1260 968 1312 996 bus
1334 968 1359 996 in
1383 976 1434 996 sua
1454 968 1582 1005 Epistola.

1339 1015 1416 1043 Utilis
1437 1018 1478 1043 est
1500 1015 1550 1043 ista
1572 1015 1699 1050 monitio;
1733 1015 1805 1044 unde
1838 1016 1926 1052 primo
1957 1016 2110 1053 praemittit

1259 1062 1459 1096 n‘zonz'tionem,
1474 1062 1572 1091 deinde
1591 1062 1733 1099 subiungit
1754 1062 1915 1091 rationem:
1931 1064 2008 1101 quod
2019 1066 2111 1100 potest

1259 1108 1378 1137 salvare
1399 1109 1517 1137 animas
1539 1112 1659 1137 vestras
1683 1110 1781 1137 Totum
1804 1110 1846 1138 vel
1868 1113 1925 1138 tota
1945 1118 2050 1139 merces
2065 1110 2110 1140 hic

1261 1156 1411 1191 (innuitur)
1423 1156 1442 1184 ⁰.
1465 1156 1515 1185 Sed
1538 1158 1604 1184 sunt
1625 1156 1720 1189 multi,
1743 1156 1790 1193 qui
1812 1165 1866 1185 non
1896 1157 2015 1186 1110110111
2045 1158 2110 1187 mite

1260 1202 1377 1231 audiunt
1399 1203 1532 1237 verbuni;
1555 1203 1598 1231 alii
1622 1203 1672 1237 ita,
1694 1207 1725 1232 ut
1746 1204 1820 1240 quod
1843 1212 1891 1240 per
1914 1213 1996 1233 unam
2012 1212 2110 1233 aurem

1261 1249 1346 1277 intrat
1367 1258 1416 1286 per
1438 1250 1519 1278 aliam
1542 1253 1671 1279 transeat.
1695 1250 1756 1279 ideo
1781 1251 1808 1279 in
1838 1251 1974 1288 principio
2002 1252 2110 1289 rogabi-

1262 1304 1324 1325 mus
1347 1297 1504 1331 Dominum,
1527 1300 1558 1325 ut
1580 1305 1632 1325 non
1657 1298 1785 1334 respiciat
1805 1298 1929 1327 defectus
1950 1301 2068 1333 nostros,
2084 1301 2111 1328 et

1261 1343 1386 1371 dicamus
1409 1345 1467 1371 Ave
1488 1343 1597 1372 Maria.

1342 1390 1524 1426 Sapientiam
1545 1390 1607 1418 sine
1627 1390 1741 1427 fictione
1762 1391 1854 1420 didici
1874 1394 1924 1421 etc.

1341 1437 1418 1465 Sicut
1438 1437 1522 1470 scitis,
1544 1445 1594 1465 nos
1615 1437 1731 1466 facimus
1746 1438 1846 1467 festum
1861 1438 1894 1467 de
1910 1439 1989 1467 beato
2004 1440 2109 1474 Marem

1262 1486 1290 1512 et
1311 1483 1363 1512 fuit
1383 1492 1457 1513 unus
1478 1484 1511 1513 de
1533 1484 1727 1521 Evangelistis‚
1748 1485 1782 1514 de
1803 1494 1859 1523 quo
1880 1486 2013 1515 debemus
2040 1487 2112 1515 mul-

1263 1533 1321 1559 tum
1344 1531 1539 1566 soleinnizare;
1569 1532 1622 1560 fuit
1648 1532 1720 1560 enim
1752 1532 1905 1570 discipulus
1937 1533 2008 1562 beati
2040 1534 2112 1562 Petri

1263 1578 1380 1614 Apostoli
1404 1582 1431 1606 et
1452 1579 1570 1607 clericus
1592 1579 1732 1616 specialis,
1754 1582 1781 1608 et
1802 1580 1894 1617 posuit
1915 1580 1941 1609 in
1964 1589 2020 1609 uno
2042 1581 2113 1609 libro

1263 1625 1349 1659 facta,
1371 1634 1442 1662 quae
1464 1626 1593 1655 audiebat
1616 1627 1724 1655 recitari
1748 1635 1797 1664 per
1820 1627 1931 1656 beatum
1953 1628 2064 1657 Petrum
2086 1630 2113 1656 et

1263 1680 1335 1708 quae
1357 1672 1464 1701 viderat
1484 1677 1511 1701 et
1525 1673 1670 1702 audiverat
1684 1674 1717 1702 de
1733 1674 1857 1708 Domino,
1872 1678 1899 1703 et
1915 1678 2008 1712 postea
2022 1678 2113 1704 osten—

1263 1718 1303 1748 dit
1324 1720 1402 1748 illum
1425 1720 1526 1749 librum
1549 1721 1629 1749 beato
1652 1721 1744 1755 Petro,
1765 1722 1812 1758 qui
1828 1730 1898 1758 opus
1913 1722 2113 1751 commendavit

1264 1772 1291 1797 et
1312 1768 1417 1801 statuit,
1441 1771 1471 1796 ut
1492 1768 1518 1796 in
1541 1768 1659 1797 Ecclesia
1682 1768 1829 1806 legeretur.
1845 1769 1921 1798 Unde
1935 1769 1995 1798 eius
2010 1769 2114 1806 sapien-

1264 1817 1302 1845 tia
1323 1815 1372 1844 sibi
1395 1823 1411 1843 a
1434 1815 1548 1844 Domino
1569 1815 1632 1844 data
1655 1816 1774 1844 inultum
1796 1816 1848 1845 fuit
1875 1817 1951 1845 utilis
1980 1816 2114 1846 Ecclesiae

1266 1862 1321 1890 Dei.
1346 1862 1406 1890 ldeo
1427 1862 1464 1891 de
1483 1862 1542 1899 ipso
1564 1866 1654 1899 potest
1676 1871 1740 1892 vere
1761 1863 1813 1892 dici
1836 1864 1888 1892 boc
1903 1864 2036 1893 verbum:
2051 1863 2114 1893 sine

1263 1909 1378 1946 fictione
1409 1909 1501 1938 didici
1527 1913 1553 1938 et
1583 1910 1645 1938 sine
1676 1910 1789 1939 invidia
1820 1911 2010 1939 communico.
2034 1911 2066 1940 Et
2085 1911 2114 1940 in

1266 1956 1358 1985 verbis
1380 1956 1438 1985 istis
1460 1957 1668 1985 commendatur
1690 1965 1705 1985 a
1726 1958 1850 1986 duobus:
1874 1958 1976 1995 primo,
1998 1958 2026 1986 in
2048 1957 2114 1987 dili-

1263 2003 1363 2041 9entia
1383 2003 1556 2041 disciplinae
1577 2007 1712 2041 quantum
1734 2004 1768 2033 ad
1790 2007 1892 2033 statum
1914 2005 2057 2042 discipuli;
2073 2013 2114 2034 se-

1265 2051 1372 2085 cundo,
1395 2051 1421 2079 in
1443 2051 1704 2080 communicatione
1735 2052 1886 2081 doetrinae
1917 2056 2051 2089 quantum
2081 2052 2115 2081 ad

1266 2102 1367 2129 statum
1389 2098 1518 2127 doctoris.
1541 2098 1601 2127 Fuit
1622 2099 1694 2127 enim
1716 2099 1830 2128 humilis
1850 2099 2003 2136 discipulus
2023 2102 2051 2129 et
2071 2108 2115 2129 re-

1266 2150 1309 2176 cta
1330 2146 1480 2175 intentione
1502 2146 1655 2174 addiscens
1677 2149 1703 2175 et
1724 2146 1777 2175 fuit
1798 2154 1864 2176 suae
1889 2147 2018 2176 scientiae
2039 2156 2115 2176 com-

1265 2193 1476 2227 municativns,
1491 2201 1545 2221 non
1569 2193 1694 2227 invidus,
1716 2202 1766 2222 nec
1787 2202 1896 2223 avarus.
1913 2194 1968 2223 Non
1985 2197 2026 2223 est
2042 2198 2116 2224 tanta

1266 2241 1398 2273 avaritia,
1421 2240 1491 2269 sicut
1512 2240 1546 2269 de
1568 2248 1600 2269 eo
1621 2241 1695 2277 quod
1726 2241 1815 2269 dando
1847 2249 1899 2269 non
1932 2241 2114 2277 diminuitur3

1267 2288 1332 2325 quid
1355 2295 1421 2324 ergo
1443 2287 1528 2324 (quis)
1543 2287 1651 2316 'amittit
1672 2288 1698 2315 111
1714 2287 1825 2316 dando?
1841 2288 1912 2317 Hanc
1928 2296 1994 2325 ergo
2009 2289 2116 2326 sapien-

1267 2334 1331 2362 tIam
1355 2334 1448 2363 didicit
1469 2337 1496 2362 et
1518 2334 1692 2371 postmodum
1718 2334 1827 2368 docuit,
1856 2343 1910 2363 non
1938 2336 2116 2372 sapientiam

1267 2381 1450 2415 mundanam,
1473 2389 1544 2418 quae
1565 2381 1690 2409 stultitia
1710 2385 1751 2409 est
1771 2382 1854 2418 (tpnd
1871 2382 1961 2410 Deam.
1974 2382 1997 2399 ¹⁰
2005 2393 2015 2416 ;
2036 2382 2116 2411 multi

1267 2428 1340 2456 enim
1362 2431 1427 2457 sunt
1449 2428 1586 2465 sapientes
1608 2429 1659 2457 hac
1681 2429 1814 2465 sapientia
1834 2432 1862 2457 et
1877 2432 2052 2466 reputantur,
2068 2429 2116 2466 qui

1268 2478 1358 2504 tamen
1382 2476 1408 2504 in
1433 2476 1547 2504 veritate
1570 2479 1635 2504 sunt
1656 2476 1683 2504 in
1706 2475 1760 2504 fine
1788 2476 1920 2505 stultitiae
1947 2476 2115 2513 insipientes.

1269 2523 1341 2551 Hanc
1363 2531 1415 2551 non
1438 2523 1532 2551 didicit
1554 2523 1603 2551 iste
1625 2531 1675 2551 nec
1697 2523 1804 2555 docuit,
1826 2523 1891 2560 quia
1913 2531 1967 2551 non
1989 2526 2031 2552 est
2052 2531 2117 2552 vera

425 2722 432 2734 ¹
453 2722 517 2744 Vers.
537 2722 557 2744 li.

424 2760 433 2773 2
451 2762 506 2789 Cap.
525 2762 550 2789 5,
568 2762 594 2789 ὃς
613 2762 668 2784 infra
687 2762 809 2790 respicitur
827 2762 896 2784 Exod.
918 2762 955 2790 16,
974 2762 1012 2784 21.

424 2800 433 2813 3
452 2802 532 2824 Psalin.
552 2801 588 2829 41,
607 2802 628 2823 2.

425 2839 434 2852 ⁴
451 2841 522 2863 Eccle.
545 2842 578 2869 lly
595 2841 618 2863 7.

426 2879 434 2891 ⁵
452 2880 507 2908 Cap.
526 2880 551 2907 4,
570 2881 595 2908 ὃς
614 2881 717 2909 sequitur
735 2881 811 2903 lllatth.
833 2881 870 2908 13,
889 2880 925 2902 43.

425 2918 434 2930 ⁶
452 2919 508 2941 Hinc
527 2922 630 2947 apparet,
648 2926 766 2942 sermones
784 2921 826 2942 lios
850 2920 1009 2947 pronuntiatos
1034 2926 1085 2942 esse
1107 2922 1212 2948 tempore

364 2957 501 2987 turbulento,
520 2959 615 2987 quando
632 2959 758 2981 Gulielmus
776 2959 805 2981 de
822 2960 906 2981 Sancto
926 2959 1009 2981 Amore
1026 2965 1079 2981 cum
1097 2959 1212 2981 6131111116-

363 2996 465 3019 rentibus
483 2998 504 3018 S.
524 2998 625 3019 Pontifici
643 2998 681 3019 die
698 2999 711 3019 2
730 2998 779 3020 Oct.
800 2998 857 3021 1255
875 2998 1024 3026 scripserunt,
1042 3004 1067 3020 se
1084 2998 1211 3020 dissolutio-

1269 2728 1321 2744 nem
1339 2721 1497 2744 Universitatis
1515 2722 1559 2743 iam
1578 2721 1693 2749 inceptam
1717 2721 1809 2749 penitus
1831 2722 1974 2749 perrecturos
1996 2727 2053 2743 esse.
2071 2720 2116 2743 Cfr.

1268 2760 1475 2789 Kirchenleoez'con,
1494 2761 1590 2787 Herder,
1607 2760 1644 2783 ed.
1662 2761 1683 2782 2.
1701 2764 1756 2783 tom.
1774 2761 1828 2783 Xlll.
1846 2761 1888 2783 col.
1907 2760 1974 2782 4583,

1332 2799 1340 2812 ⁷
1359 2801 1389 2823 Ex
1406 2801 1489 2823 eodem
1507 2800 1587 2823 codice
1604 2800 1724 2822 Parisiensi
1743 2800 1781 2822 sol.
1797 2800 1841 2822 239
1860 2806 1889 2828 r.;
1908 2799 1962 2822 vide
1979 2805 2049 2827 supra
2062 2805 2117 2827 pag.

1268 2839 1327 2867 519,
1344 2844 1421 2862 notam
1440 2840 1461 2863 4,

1331 2877 1340 2891 ⁸
1358 2879 1411 2907 Sap,
1429 2879 1452 2906 7,
1472 2880 1507 2901 13.
1524 2891 1556 2896 -
1573 2880 1694 2901 Prothema
1712 2878 1810 2901 nabetur
1828 2879 1870 2900 lac.
1889 2879 1909 2906 l,
1927 2879 1964 2900 21,

1330 2916 1340 2929 ⁹
1356 2918 1431 2940 Locus
1449 2918 1472 2940 111
1489 2918 1595 2946 originali
1612 2921 1743 2946 corruptus,
1760 2920 1783 2940 et
1799 2917 1944 2946 aliquatenus
1961 2923 1973 2939 a
1991 2916 2057 2939 nobis
2070 2922 2118 2939 cor-

1268 2960 1352 2980 rectus.

1331 2996 1350 3009 ¹⁰
1368 2998 1437 3025 Epist.
1456 2998 1470 3019 l.
1488 2997 1539 3019 Cor.
1557 2998 1583 3024 3,
1601 2997 1637 3018 49.

2127 1442 2199 1462 Sermo.

2131 1960 2202 1980 Divisio
2215 1964 2234 1983 gt

2130 1983 2235 2003 nnraltssim

2135 2008 2232 2032 explicatus
