2243 3348
4 500 12 600 ,1

0 677 8 793 it

0 802 12 1034 l

9 975 11 990 1

0 1467 14 1630 l

40 675 129 695 Boi-latio.

34 1236 79 1255 Pars
91 1236 112 1254 ll.

9 1259 132 1281 uneucribitur

32 1283 115 1302 ascensio

15 1306 72 1331 quoad
79 1306 137 1325 inter-

5 1330 88 1349 'wenieus
97 1334 135 1349 me-

9 1350 65 1372 ¹ulium
76 1353 135 1377 tripli-

47 1376 100 1396 citer.

17 1563 62 1582 lenit
73 1563 97 1582 ad
109 1563 131 1582 il·

17 1587 132 1606 uminandum

15 1610 120 1629 credentes.

736 174 769 203 IN
789 175 986 204 ASCENSIONE
1007 176 1133 206 DOMINI.
1155 179 1263 207 SERMO
1285 180 1302 207 Ι,

149 253 175 278 et
194 250 283 284 mali,
304 254 395 278 morte
415 251 560 279 morieris.
582 251 639 280 Non
663 254 776 288 propter
791 260 902 288 pomum
918 261 991 281 mor-

149 299 215 325 tuus
236 299 292 330 est,
314 304 345 325 eo
367 297 440 333 quod
462 305 574 333 pomum
596 298 710 326 haberet
731 298 861 327 virtutem
887 299 991 327 infecti-

148 351 223 377 vam,
246 343 291 372 sed
314 343 379 380 quia
400 344 513 372 recessit
534 352 549 372 a
569 344 644 372 sonte
666 344 755 378 lucis,
777 344 838 373 ideo
853 345 949 373 cecidit
964 345 991 373 in

146 389 292 424 tenebras;
314 390 379 426 quia
400 390 513 418 recessit
533 398 548 418 a
562 390 685 424 virtute,
706 390 767 419 ideo
788 390 885 419 cecidit
905 391 932 419 in
953 391 992 419 in-

148 436 322 471 firmitatem;
345 440 372 464 et
399 436 464 473 quia
492 436 604 465 recessit
625 445 641 465 a
661 437 738 470 vita,
760 437 820 465 ideo
842 437 938 465 cecidit
964 437 989 465 in

149 487 275 512 mortem.
298 483 373 512 Unde
404 483 470 512 dicit
491 483 624 512 Dominus
649 491 698 520 per
720 484 861 512 Ieremiam
879 485 903 511 ¹:
928 484 990 512 Duo

147 529 229 558 mala
248 529 316 566 feeit
333 530 462 566 populus
483 538 581 558 meus:
603 539 647 558 me
673 530 904 568 dereliquerunt,
926 529 990 567 fon-

148 580 202 605 tem
223 585 318 614 aquae
345 577 443 611 vivae,
465 581 491 605 et
520 576 658 614 foderunt
685 577 743 605 sibi
770 578 928 611 cisternae,
951 578 990 606 ci-

146 626 262 651 sternas
276 623 446 660 disszpatcts,
459 632 533 662 quae
547 624 690 652 continere
704 633 760 653 non
776 624 870 652 valent
885 633 989 662 aquas.

147 684 186 688 —
206 669 231 697 Si
253 669 388 706 fulgorem
409 670 546 698 scientiae
560 671 686 706 quaeris,
708 678 762 698 non
777 671 804 698 in
819 670 928 706 ingenio
942 673 991 699 tuo

148 715 283 749 confidas,
299 715 344 744 sed
360 716 393 744 ad
414 715 517 744 fontem
539 716 687 753 sapientiae
702 724 846 749 recurras,
862 716 927 753 quia
942 717 990 753 qui

148 762 210 790 alibi
233 762 361 791 fiduciam
383 770 461 791 suam
494 763 714 796 collocaverunt,
737 763 877 792 scientiam
900 763 990 799 perdi-

147 808 257 837 derunt.
280 809 305 837 Si
328 809 475 837 efficaciam
491 809 610 838 virtutis
630 810 754 846 quaeris,
769 809 803 838 ad
818 809 919 838 sontem
935 810 990 838 vir-

148 855 215 884 tutis
236 863 373 884 recurras.
393 855 418 883 Si
440 855 578 884 solatium
593 856 719 893 quaeris,
741 856 774 885 ad
796 856 897 885 sontem
919 856 990 885 vitae

148 910 286 931 recurras.
309 902 360 931 Sed
381 903 447 939 quia
467 906 595 932 creatura
616 904 730 932 recessit
751 911 766 932 a
788 904 849 932 luce
864 906 891 932 et
904 911 920 931 a
935 904 991 932 vir-

148 953 207 978 tute
228 952 255 978 et
276 957 291 977 a
314 949 380 983 vila,
402 950 540 986 oportuit,
562 950 635 987 quod
664 950 691 978 in
713 954 879 987 perpetuum
902 950 928 978 in
951 953 991 979 te-

148 995 256 1029 nebris,
278 995 305 1023 in
327 995 485 1024 infirmitate
516 999 543 1024 et
574 996 601 1024 in
633 999 721 1025 morte
747 999 916 1030 remaneret,
938 996 990 1025 nisi

148 1041 222 1070 Deus
243 1041 394 1070 remedium
413 1042 565 1071 adhiberet.
583 1042 643 1071 ldeo
657 1042 737 1071 dicit:
754 1043 842 1071 Exivi
855 1051 874 1071 a
889 1043 989 1077 Patre,

149 1088 251 1117 scilicet
272 1089 318 1125 qui
335 1096 395 1117 sum
418 1089 468 1117 lux
483 1088 677 1123 fontalissima,
698 1089 787 1118 virtus
811 1090 990 1118 fontalissima

148 1138 175 1163 et
197 1134 251 1163 vita
272 1134 459 1164 fontalissima.

227 1182 255 1210 ll.
278 1183 424 1219 Sequitur:
446 1186 471 1210 et
492 1182 557 1210 veni
577 1183 608 1211 in
635 1183 797 1216 munclum;
819 1183 865 1211 ubi
888 1183 991 1212 descri-

147 1228 223 1257 bitur
255 1229 377 1257 ascensio
407 1229 543 1258 dominica
570 1233 705 1266 quantum
734 1230 767 1258 ad
799 1230 991 1258 interveniens

147 1275 292 1308 meduan,-
314 1279 341 1304 et
362 1275 527 1309 notandum,
549 1275 623 1312 quod
638 1276 765 1305 Christus
780 1276 854 1305 venit
867 1276 895 1304 in
911 1284 990 1304 mun-

147 1321 214 1350 dum
235 1322 269 1350 ad
289 1322 500 1350 illustrandum
522 1323 666 1350 eredentes
691 1330 740 1359 per
769 1323 924 1351 testimonia
945 1331 991 1351 ve-

147 1368 252 1403 ritatis,
274 1369 307 1397 ad
328 1369 525 1406 viqoranclum
546 1373 696 1406 sperantes
721 1378 770 1406 per
792 1370 926 1406 promissa
947 1378 991 1399 ae-

147 1415 283 1444 ternitatis
304 1419 331 1444 et
351 1415 385 1444 ad
407 1415 655 1452 inflammandum
677 1421 810 1445 amantes
824 1425 873 1453 per
895 1417 990 1445 incita-

147 1466 239 1491 menta
259 1462 419 1491 dilectionis.

226 1509 330 1543 Primo,
352 1509 427 1542 dico,
451 1509 524 1537 venit
545 1509 672 1538 Christus
697 1510 724 1538 in
746 1510 881 1539 mundum
903 1510 936 1539 ad
958 1511 991 1539 il-

147 1555 336 1584 lustrandum
357 1556 499 1584 credentes
521 1564 570 1593 per
591 1556 747 1585 testimonia
766 1557 903 1591 veritatis;
918 1557 991 1585 unde

147 1602 174 1630 in
196 1602 357 1639 Evangelio:
381 1603 439 1638 Qui
468 1603 559 1631 credit
589 1603 621 1631 in
651 1612 695 1631 me
720 1604 750 1632 in
781 1603 903 1632 tenebris
934 1612 991 1632 non

146 1651 257 1682 manet,
279 1649 356 1685 quasi
379 1648 497 1677 diceret:
530 1657 605 1678 eram
635 1650 685 1678 lux
717 1650 911 1679 inaccessibilis
942 1648 997 1687 per'

147 1697 306 1731 peccatum,
328 1695 393 1732 quia
415 1704 468 1724 non
490 1699 550 1724 erat
570 1704 697 1725 accessus
718 1696 751 1725 ad
773 1705 831 1731 me;
847 1697 908 1725 ideo
929 1697 993 1725 veni

148 1743 179 1770 in
198 1743 357 1776 mundum,
373 1750 422 1779 per
437 1743 528 1771 carnis
542 1744 739 1772 assumtionem
755 1744 867 1778 scilicet,
889 1748 921 1772 ut
935 1752 992 1773 cre-

147 1788 214 1817 dens
235 1792 263 1817 et
283 1789 378 1818 videns
399 1789 430 1817 in
452 1789 573 1818 tenebris
594 1799 652 1818 non
670 1794 794 1819 maneat.
811 1791 881 1820 Dicit
895 1792 993 1820 beatus

149 1835 261 1864 Petrus:
292 1835 325 1864 Ut
355 1836 477 1865 virtutes
504 1837 683 1866 annuntietis
711 1838 774 1866 eius
794 1839 847 1875 qui
866 1839 900 1867 cle
921 1842 993 1867 tene-

149 1882 211 1911 bris
231 1891 281 1911 vos
302 1883 415 1911 vocavit
436 1883 467 1911 in
489 1883 664 1912 admirabile
685 1884 778 1913 lamen
795 1893 892 1913 suum.
909 1885 993 1914 Pilato

148 1929 220 1957 dixit
240 1929 390 1958 Dominus:
413 1930 448 1958 In
469 1928 520 1958 hoc
540 1935 630 1958 natus
656 1939 723 1959 sum
744 1934 769 1959 et
796 1931 836 1959 acl
857 1930 909 1960 hoc
930 1932 994 1960 veni

149 1976 180 2004 in
200 1976 361 2010 mundum,
391 1980 422 2005 ut
451 1977 645 2005 testimonium
670 1976 839 2014 perhibeam
866 1979 991 2007 veritati.

151 2022 269 2056 Omnis,
284 2023 335 2061 qui
348 2028 389 2052 est
409 2032 443 2052 ex
457 2024 591 2058 veritate,
606 2025 692 2053 audit
705 2033 801 2053 vocem
815 2034 918 2054 meam.
936 2026 995 2061 Qui

148 2077 183 2097 ex
206 2070 261 2098 Deo
282 2073 321 2098 est
342 2070 430 2099 verba
452 2071 505 2099 Dei
524 2071 641 2099 audit2.
664 2072 695 2100 Et
716 2072 843 2108 quisunt
863 2072 927 2101 isti?
948 2072 993 2100 Di-

149 2116 186 2145 cit
207 2116 334 2145 loannes:
358 2117 416 2152 Qui
435 2126 494 2145 non
515 2126 549 2146 ex
569 2118 767 2155 sanguinibus
787 2127 877 2158 neque
890 2127 925 2147 ecc
945 2128 993 2147 vo-

150 2162 258 2191 luntate
279 2163 380 2191 carnis
400 2172 490 2201 neque
503 2173 538 2192 ecc
552 2164 698 2193 voluntate
718 2165 794 2199 viri,
815 2166 865 2194 secl
885 2175 920 2194 ex
938 2167 993 2194 Deo

149 2210 215 2238 nati
234 2213 310 2238 sunt.
332 2210 478 2238 Generatio
499 2211 688 2247 corruptibilis
709 2215 801 2241 estex
816 2213 919 2242 semine
933 2221 994 2241 cor-

150 2257 284 2293 ruptibili.
306 2257 405 2286 Beatus
429 2257 524 2286 Petrus
545 2258 625 2286 dicit:
648 2259 752 2287 Renati
766 2267 824 2287 non
838 2268 873 2287 ea:
887 2260 994 2288 semine

150 2302 352 2340 corruptibili,
384 2303 433 2331 sed
464 2304 682 2341 incorruptibili
709 2313 763 2341 per
791 2305 908 2334 verbum
944 2307 994 2334 Dei

149 2350 227 2383 vivi;
249 2350 296 2379 ubi
317 2350 433 2379 verbum
449 2351 497 2379 Dei
513 2351 689 2388 suscipiatur,
703 2360 757 2380 non
772 2356 812 2381 est
827 2353 994 2390 principium

152 2397 339 2433 corruptionis
350 2397 370 2431 ³,
392 2401 419 2426 et
434 2405 487 2426 non
504 2398 668 2434 suscipitur,
689 2398 740 2427 nisi
763 2399 901 2428 credatur.
924 2400 995 2428 Dici-

151 2446 198 2471 tur
228 2443 256 2471 in
287 2443 422 2473 Canonica
450 2444 536 2473 Iacchi
553 2445 579 2472 4:
615 2444 782 2473 Voluntarie
810 2446 913 2482 genuit
942 2454 994 2474 nos

150 2489 236 2518 verbo
256 2491 404 2525 veritatis,
421 2495 452 2519 ut
466 2491 560 2519 simus
575 2491 690 2520 initium
707 2492 826 2530 aliquod
840 2497 995 2522 creaturae

151 2536 221 2565 eius.
244 2537 271 2565 ln
288 2537 386 2566 Ioanne
406 2538 523 2566 dicitur:
542 2538 617 2566 Dum
635 2538 726 2567 lacem
748 2538 868 2573 habetis,
890 2540 995 2568 credite

151 2583 183 2611 in
203 2583 311 2617 lucem,·
332 2584 396 2613 item
418 2585 445 2612 in
468 2585 580 2613 Ioanne:
603 2586 667 2613 Laoc
688 2585 810 2614 venitin
831 2587 993 2620 munaum,

152 2633 177 2658 et
197 2630 360 2659 dilexerunt
380 2630 509 2659 homines
530 2632 626 2669 mayis
641 2631 772 2660 tenebras
785 2641 872 2670 qnam
894 2632 993 2661 lucem.

1831 190 1886 218 317

1049 254 1171 283 Salvator
1192 256 1237 284 dat
1265 256 1369 285 lumina
1400 262 1427 287 et
1457 260 1566 297 eloquia
1587 262 1724 297 veritatis,
1746 272 1795 300 per
1816 273 1887 301 quae

1048 300 1204 329 illustratur
1225 302 1328 336 anima,
1350 304 1397 332 sed
1418 305 1582 334 dilexerunt
1600 306 1727 336 homines
1740 311 1836 346 magiis
1851 314 1887 339 te-

1047 346 1154 374 nebras
1174 355 1264 384 quam
1286 347 1393 383 lucem,
1416 350 1442 377 id
1458 353 1498 379 est
1514 351 1734 389 investigationes
1749 362 1820 383 suas.
1837 357 1887 385 Sed

1048 390 1095 426 qui
1117 392 1308 428 conceptiones
1329 401 1392 422 suas
1414 398 1439 423 et
1462 397 1581 426 rationes
1603 399 1723 434 praefert
1738 400 1888 430 luminibus

1048 437 1172 465 veritatis
1193 441 1233 466 est
1254 438 1325 467 sicut
1346 441 1392 476 qui
1426 441 1455 469 in
1488 443 1610 472 tenebris
1632 445 1778 479 ambulat,
1800 450 1826 475 et
1848 451 1888 476 est

1047 482 1121 511 filius
1141 483 1257 518 diaboli,
1279 493 1425 522 quousque
1448 488 1542 517 radius
1564 490 1624 518 fidei
1648 491 1730 519 intret
1746 492 1771 520 iu
1788 493 1886 529 ipsum.

1048 529 1108 557 Fuit
1128 529 1212 566 igitur
1233 530 1360 560 Christus
1380 533 1500 561 medium
1523 535 1614 564 oriens
1635 544 1719 573 super
1746 538 1841 567 faciem
1854 541 1888 575 (ἲ)

1048 583 1142 609 suam,
1164 584 1310 613 quousque
1333 578 1359 605 in
1380 580 1513 616 originem
1536 589 1612 609 suam
1636 583 1786 612 reintretur
1808 589 1835 613 et
1850 594 1889 614 re-

1047 621 1166 650 ducatur
1188 622 1214 650 in
1237 623 1327 659 ipsum
1350 627 1376 652 et
1397 632 1447 653 nos
1469 626 1495 653 in
1517 626 1607 662 ipsum
1624 628 1745 657 reducat.
1760 630 1834 659 Unde
1849 631 1889 659 di-

1047 668 1120 696 citur
1141 668 1168 696 iu
1190 668 1257 696 isaia
1268 669 1294 697 5:
1311 670 1453 698 Reuersus
1468 675 1508 699 est
1521 672 1565 700 sol
1579 673 1609 700 in
1624 672 1769 711 horoloyio
1785 676 1888 704 Achaz

1047 714 1078 742 in
1099 714 1156 742 sole
1177 719 1340 743 retrorsum
1361 717 1455 745 decem
1477 717 1575 752 lineis,
1594 728 1648 755 per
1667 721 1795 756 yraclus,
1818 731 1888 760 quos
1932 725 1934 727 ’

1047 760 1239 789 descenderat.
1264 761 1390 790 Ezechias
1411 763 1506 792 debuit
1526 766 1610 799 mori,
1631 769 1658 794 et
1673 767 1804 796 Dominus
1826 777 1888 805 pro-

1048 808 1167 844 longavit
1189 808 1238 836 sihi
1262 808 1361 842 vitam,
1383 813 1410 837 et
1431 810 1509 846 petiit
1540 811 1664 847 siguum,
1686 816 1713 841 et
1733 813 1827 842 datum
1847 819 1889 844 est

1047 854 1070 883 ei
1092 854 1218 891 signum,
1240 855 1313 891 quod
1330 856 1376 895 sol
1397 857 1556 885 retrocessit
1570 865 1620 894 per
1641 859 1733 887 decem
1749 860 1846 895 horas;
1862 865 1889 890 et

1047 904 1141 937 postea
1161 902 1295 937 processit
1315 910 1365 938 per
1386 902 1530 931 duodecim
1559 904 1657 939 horas,
1680 906 1716 933 ita
1737 907 1810 943 quod
1832 907 1889 936 dies

1048 948 1145 976 habuit
1159 948 1272 985 triginta
1285 948 1354 977 duas
1370 949 1460 977 horas.
1477 949 1504 977 In
1521 950 1573 979 hoc
1594 952 1809 988 praefiguratum
1824 953 1888 988 fuit,

1047 995 1120 1032 quod
1142 996 1181 1024 sol
1202 996 1341 1025 descendit
1362 1004 1411 1033 per
1426 997 1519 1025 decem
1543 998 1639 1033 horas,
1655 998 1680 1027 id
1695 1002 1736 1027 est
1750 999 1888 1034 Christus,

1047 1042 1094 1079 qui
1117 1045 1158 1071 est
1179 1043 1219 1071 sol
1240 1050 1333 1077 verus,
1355 1043 1495 1072 descendit
1515 1052 1613 1073 novem
1634 1045 1780 1081 gradihus,
1802 1047 1827 1074 id
1849 1050 1890 1075 est

1047 1097 1096 1125 per
1117 1097 1215 1118 novem
1247 1090 1358 1118 ordines
1388 1091 1568 1127 Angelorum,
1591 1094 1617 1119 et
1637 1091 1776 1121 descendit
1800 1101 1888 1130 usque

1047 1135 1080 1164 ad
1101 1135 1234 1164 decimam
1255 1136 1370 1170 lineam,
1392 1144 1463 1173 quae
1494 1140 1535 1165 est
1566 1137 1687 1166 humana
1718 1139 1888 1174 hierarchia,

1047 1183 1150 1211 scilicet
1171 1183 1281 1219 quando
1302 1183 1430 1212 Christus
1457 1184 1596 1212 descendit
1617 1185 1650 1213 ad
1672 1185 1818 1214 humanam
1842 1195 1889 1214 na-

1048 1233 1148 1257 turam.
1173 1230 1203 1257 Et
1224 1234 1289 1258 tunc
1311 1230 1392 1259 nimis
1412 1230 1553 1259 descendit
1573 1231 1628 1265 sol;
1650 1240 1795 1269 nusquam
1814 1233 1889 1260 Deus

1048 1276 1172 1313 Anyetos
1192 1276 1392 1313 apprehendit,
1414 1277 1463 1305 sed
1477 1286 1572 1305 semen
1588 1277 1725 1306 Abrahae
1736 1279 1764 1311 ⁶,·
1778 1283 1804 1307 et
1818 1279 1889 1308 sicut

1047 1322 1200 1357 descendit,
1222 1323 1259 1351 ita
1280 1323 1411 1352 ascendit.

1126 1370 1251 1399 Secundo
1273 1371 1347 1399 venit
1372 1371 1499 1399 Christus
1530 1371 1557 1399 in
1589 1371 1723 1399 mundum
1749 1372 1781 1400 ad
1812 1372 1889 1409 vipo-

1047 1417 1177 1445 ranclum
1200 1421 1350 1454 sperantes
1371 1425 1420 1454 per
1449 1418 1586 1454 promissa
1612 1418 1788 1447 aeternitatis.
1814 1419 1888 1447 Unde

1048 1463 1074 1491 iu
1098 1463 1234 1491 loanne⁷z
1257 1464 1397 1493 Descencli
1426 1465 1460 1492 cle
1491 1465 1585 1498 eaelo,
1608 1469 1640 1492 at
1659 1464 1771 1501 faciam
1793 1465 1891 1493 volun-

1049 1512 1134 1538 tatem
1155 1510 1218 1538 eius
1239 1511 1290 1548 qui
1309 1511 1391 1539 misit
1409 1520 1472 1545 me‚·
1490 1511 1632 1548 sequitur:
1650 1512 1726 1539 Haec
1740 1515 1781 1540 est
1794 1516 1890 1540 aulem

1048 1556 1183 1585 voluntas
1198 1557 1302 1585 Patris
1320 1557 1391 1592 mei,
1412 1558 1464 1596 qui
1484 1558 1565 1586 misit
1586 1566 1643 1592 me,
1665 1561 1697 1586 ut
1718 1558 1820 1592 omnis,
1841 1559 1893 1596 qui

1048 1604 1124 1632 videt
1138 1603 1248 1632 Filium
1263 1608 1289 1632 et
1303 1604 1393 1633 credit
1407 1605 1438 1633 in
1453 1613 1535 1639 eum,
1558 1613 1615 1633 non
1633 1608 1749 1642 pereat,
1771 1605 1819 1634 sed
1840 1605 1891 1633 ha—

1049 1650 1112 1678 beat
1132 1650 1221 1678 vitam
1245 1654 1403 1679 aeternam.
1426 1651 1564 1679 Promittit
1585 1651 1668 1679 vitam
1691 1654 1837 1679 aeternam.
1860 1652 1891 1680 Et

1049 1696 1207 1733 quomodo?
1230 1697 1322 1731 Certe,
1338 1698 1456 1726 credam.
1473 1698 1550 1726 Dixit
1563 1698 1697 1726 Dominus
1709 1698 1735 1726 ⁸:
1752 1699 1811 1735 Eyo
1825 1707 1891 1726 sum

1046 1744 1136 1781 panis
1156 1744 1260 1778 vivus;
1280 1745 1309 1773 si
1328 1746 1394 1783 quis
1421 1746 1647 1774 manducaverit
1667 1755 1700 1774 ex
1729 1745 1779 1774 hoc
1799 1754 1890 1783 pane,

1049 1791 1123 1820 vivet
1143 1792 1174 1820 in
1195 1796 1355 1820 aeternum.

1128 1839 1220 1868 Tertio
1241 1840 1316 1868 venit
1336 1840 1463 1868 Christus
1477 1840 1509 1868 ad
1526 1840 1774 1877 inflammandum
1789 1849 1891 1868 aman-

1051 1890 1089 1914 tes
1111 1894 1159 1922 per
1181 1886 1357 1915 incitamenta
1377 1886 1538 1915 dilectionis.
1554 1887 1638 1915 Homo
1653 1887 1770 1924 perdidit
1792 1888 1891 1921 lucem⁷

1050 1932 1110 1961 ideo
1130 1932 1208 1961 venit
1229 1932 1280 1961 lux
1295 1933 1326 1961 in
1341 1933 1502 1967 mundum,
1525 1936 1556 1962 ut
1577 1934 1645 1962 alios
1665 1934 1697 1962 ad
1713 1942 1833 1962 amorem
1855 1933 1892 1961 in-

1050 1979 1219 2013 ssammaret;
1241 1980 1314 2008 unde
1336 1980 1362 2008 in
1385 1980 1495 2008 Luca⁹:
1518 1981 1616 2018 Iynem
1641 1981 1707 2009 veni
1732 1981 1841 2009 mittere
1861 1980 1893 2008 in

1050 2029 1178 2059 terram,
1200 2029 1225 2054 et
1246 2027 1317 2064 quid
1337 2027 1416 2061 volo,
1438 2027 1498 2055 nisi
1512 2031 1545 2055 ut
1558 2027 1757 2056 accendatur?
1781 2027 1811 2055 Et
1825 2035 1893 2063 quo-

1050 2072 1146 2107 modo,
1168 2072 1270 2101 dicitur
1301 2074 1328 2101 in
1356 2074 1469 2102 Ioanne:
1502 2074 1550 2102 Sic
1582 2075 1658 2102 Deus
1685 2073 1785 2102 dilexit
1811 2082 1893 2101 mun·

1050 2119 1138 2153 (lum,
1160 2122 1192 2147 ut
1213 2119 1323 2148 Filium
1344 2128 1433 2148 suum
1450 2120 1632 2157 unigenitum
1647 2120 1739 2149 daret.
1759 2120 1831 2149 Deus
1852 2119 1892 2147 Fi-

1050 2166 1117 2194 lium
1140 2173 1221 2194 suum
1244 2166 1317 2195 misit
1331 2167 1358 2195 in
1375 2166 1526 2200 mundum,
1542 2167 1626 2195 immo
1640 2166 1714 2195 dedit
1729 2166 1892 2202 Prophetas,

1051 2213 1223 2242 Patriarchas
1237 2216 1265 2242 et
1279 2214 1390 2250 Legem,
1405 2216 1438 2242 ut
1452 2221 1502 2242 nos
1520 2216 1644 2242 moveret
1658 2214 1690 2241 ad
1705 2213 1892 2245 dilectionem3

1050 2262 1077 2288 et
1098 2260 1158 2288 ideo
1173 2259 1248 2288 venit
1268 2260 1296 2288 in
1318 2260 1452 2288 mundum
1468 2263 1495 2289 et
1509 2260 1664 2289 reaccendit
1678 2260 1783 2296 ignem,
1799 2262 1830 2287 ut
1844 2266 1893 2286 nos

1050 2306 1085 2334 ab
1106 2314 1200 2334 amore
1221 2306 1373 2334 carnalium
1399 2309 1542 2335 revocaret
1563 2309 1590 2335 et
1610 2306 1643 2335 ad
1665 2313 1787 2334 amorem
1808 2305 1893 2333 caele—

1051 2353 1134 2382 stium
1156 2353 1348 2382 inflammaret.
1371 2354 1446 2383 Unde
1467 2354 1533 2382 dicit
1554 2354 1580 2382 in
1604 2354 1762 2390 Evangelio:
1785 2353 1816 2381 Si
1836 2360 1894 2380 non

1050 2399 1160 2434 abiero,
1174 2400 1347 2428 Paracletus
1360 2408 1418 2428 non
1433 2400 1531 2428 veniet.
1546 2400 1576 2428 Et
1589 2400 1655 2429 dicit
1669 2400 1763 2428 Glossa
1773 2399 1805 2433 ¹⁰,
1821 2398 1894 2435 quod

1050 2446 1182 2483 quamdiu
1205 2446 1322 2483 Apostoli
1345 2446 1505 2475 hahuerunt
1526 2446 1736 2475 consolationem
1752 2445 1851 2474 Christi
1867 2444 1894 2472 in

1051 2501 1147 2527 carne,
1163 2501 1216 2522 non
1232 2496 1399 2530 receperunt
1413 2493 1545 2530 Spiritum
1560 2493 1671 2522 amoris.
1687 2493 1793 2521 Dicitur
1814 2492 1840 2520 in
1863 2491 1895 2520 li-

1051 2540 1102 2568 bro
1124 2540 1227 2576 Regum
1240 2540 1273 2573 11,
1294 2540 1369 2577 quod
1385 2540 1455 2569 Elias
1473 2543 1570 2577 raptus
1591 2543 1632 2569 est
1653 2540 1680 2568 in
1699 2547 1785 2568 curru
1807 2539 1893 2575 igneo.

1052 2587 1082 2615 Et
1097 2587 1227 2615 viderunt
1242 2587 1439 2623 (ascensionem
1461 2587 1574 2619 Christi)
1596 2587 1736 2620 homines,
1758 2585 1804 2614 ubi
1826 2585 1895 2613 facta

1051 2636 1092 2662 est
1123 2633 1258 2670 apparitio
1285 2633 1407 2670 angelica
1423 2634 1445 2650 12
1476 2633 1509 2661 ad
1537 2633 1745 2670 significandum
1773 2639 1893 2660 amorem

216 2762 223 2775 ¹
241 2763 296 2791 Cap.
313 2764 340 2792 2,
360 2764 399 2790 133
418 2767 546 2793 sequuntur
568 2765 629 2787 ioan.
648 2766 689 2794 12,
709 2765 751 2794 46;
769 2767 783 2788 l.
801 2766 860 2788 Petr.
881 2767 906 2794 2,
930 2767 953 2789 9.
975 2769 997 2789 et

153 2802 213 2824 loan.
232 2803 273 2829 18,
291 2803 328 2824 37.

215 2841 225 2855 ’Ζ
243 2842 304 2863 loon.
321 2842 347 2868 8,
365 2842 406 2869 473
425 2845 553 2871 sequuntur
570 2849 590 2865 c.
612 2844 629 2870 1,
648 2844 684 2866 113.
702 2846 724 2866 et
740 2845 754 2866 1.
772 2844 831 2866 Petr.
852 2845 871 2872 1,
890 2845 927 2867 23.

217 2878 226 2892 Β
244 2880 265 2901 111
283 2880 425 2908 apographo
442 2882 501 2903 male
518 2882 601 2910 legitur
617 2883 783 2912 qenerutiom's.

217 2917 226 2930 4
243 2918 299 2947 Cap.
317 2919 338 2945 1,
356 2919 398 2946 18;
415 2923 545 2948 sequuntur
561 2921 622 2943 loan.
644 2922 677 2948 ¹2,
695 2922 731 2944 36.
750 2924 772 2944 et
789 2928 809 2945 c.
829 2923 850 2949 3,
869 2923 905 2944 19.

218 2957 227 2970 ⁵
244 2957 298 2986 Cap.
312 2958 347 2986 38,
361 2959 382 2980 8.
394 2964 459 2987 seqq.
472 2958 519 2987 (lV.
531 2960 586 2987 fleg.
599 2960 636 2986 20,
649 2960 669 2982 ’1,
682 2961 768 2989 seqq).
817 2960 826 2973 '³
843 2961 912 2983 Hebr.
925 2962 946 2989 2,
962 2962 997 2983 16.

1115 2767 1125 2782 7
1142 2766 1197 2795 Cap.
1215 2767 1242 2795 6,
1260 2767 1297 2788 38.
1315 2766 1352 2793 40,
1369 2769 1391 2788 et
1408 2766 1461 2788 dein
1479 2772 1499 2788 c.
1517 2766 1543 2793 3,
1562 2766 1598 2788 15.

1116 2805 1126 2818 ‘³
1144 2808 1203 2829 loan.
1221 2806 1242 2834 6,
1260 2806 1298 2828 51.
1315 2812 1364 2834 seq.

1116 2846 1126 2860 ⁹
1143 2845 1198 2873 Cap.
1217 2845 1257 2872 12,
1275 2845 1317 2873 49;
1334 2847 1463 2873 sequuntur
1481 2845 1541 2866 loan.
1554 2844 1575 2872 3,
1590 2844 1625 2866 16.
1640 2850 1667 2866 ac
1685 2844 1722 2866 19.
1738 2845 1761 2865 et
1777 2849 1797 2865 c.
1817 2843 1856 2868 16,
1873 2841 1896 2863 7.

1118 2883 1137 2898 ¹⁰
1154 2883 1319 2906 Interttneuris
1336 2882 1357 2905 iu
1376 2884 1436 2905 loan.
1459 2883 1497 2909 16,
1514 2882 1538 2905 7.

1118 2921 1136 2934 ¹¹
1154 2922 1283 2950 Respieitur
1300 2922 1337 2944 lV.
1354 2922 1411 2949 Reg.
1429 2923 1450 2948 2,
1470 2922 1506 2943 11.
1523 2928 1587 2950 seqq.

1118 2959 1136 2973 ¹²
1154 2960 1284 2988 Respicitur
1300 2961 1348 2983 Act.
1368 2961 1388 2989 1,
1407 2960 1444 2983 lo.
1463 2966 1511 2989 seq.

1909 1381 1938 1399 Ad
1950 1381 2034 1404 vigoran-

1901 1405 1946 1446 {ign
1958 1409 2034 1428 speran-

1912 1846 1941 1865 Ad
1953 1846 2023 1865 inflam-

1925 1870 2012 1888 mandam

1921 1895 2010 1913 amantes.
