2243 3348
10 507 20 804 m⁴55==2m2>.‡-:.—.--2
14 496 21 502 ÷
16 487 18 490 .

62 1391 135 1415 Quinto,

51 1415 107 1438 gratia
119 1415 150 1433 de-

49 1440 151 1462 sponsante.

609 189 651 217 DE
673 188 935 218 ANNUNTlATlONE
958 189 985 217 B.
1008 189 1149 218 VlRGtNis
1172 190 1299 219 MARIAE.
1321 191 1430 219 SERMO
1453 192 1481 220 V.

173 266 274 294 dicitur
295 265 329 294 de
351 265 464 299 Esther,
487 266 584 295 Esther
605 267 725 295 secundo
741 268 766 294 ¹:
790 268 862 295 Erat
883 266 1016 304 foi-inosti

173 312 257 341 valde
284 316 308 340 et
336 312 501 341 incredibili
521 313 738 349 pulcritudine,
767 314 898 342 omni-um
926 314 1017 342 oculis

171 359 306 396 gratiosa
327 362 352 386 et
377 358 515 387 amabilis
542 359 704 388 videbatur.
737 360 876 389 Gratiosa
904 364 963 389 erat
990 363 1017 389 et

172 404 306 442 formosa
326 413 381 434 non
402 409 509 434 tantum
531 414 656 443 corpore,
672 407 718 435 sed
733 407 814 435 etiam
837 410 937 441 mente,
952 407 1017 444 quia

173 451 269 489 fallax
282 452 385 488 gratia
405 455 430 480 et
448 460 528 480 vatia
542 456 582 480 cst
593 453 779 490 pulcritudo;
795 453 900 482 mulier
915 454 1017 481 timeus

175 498 331 526 Dominum
353 497 418 534 ipsa
440 497 621 527 laudabitur.
645 499 676 527 Et
695 500 825 536 quoniam
846 500 943 536 pulcra
958 502 1017 528 erat

173 544 248 572 intus
269 547 296 572 et
316 547 413 577 extra,
429 544 488 573 ideo
503 544 604 573 dicitur
619 546 793 574 Canticorum
809 549 923 582 quarto:
947 546 1017 573 Tota

169 590 278 627 pulcra
299 598 344 623 es,
367 591 465 618 amica
486 599 567 625 mea,
589 595 614 620 et
636 592 754 620 macula
775 600 831 620 non
854 596 894 620 est
921 592 952 620 in
975 595 1017 624 te;

173 636 245 673 quod
268 644 410 673 exponens
434 637 591 666 Bernardus
618 638 651 667 de
673 639 784 675 Virgine
805 638 885 667 dicit:
911 650 924 663 «
947 639 1017 667 Tota

169 682 295 720 pulcra,
317 683 382 720 quia
403 683 471 712 facie
487 684 684 720 pulcherrima,
700 693 815 722 corpore
831 686 1016 722 integerrima,

172 729 271 766 spiritu
286 730 495 759 sanctissima».
512 731 542 759 Et
557 731 628 759 idem
641 732 664 759 2:
684 743 697 756 «
708 732 791 768 Virgo
806 732 889 768 regia,
901 733 1017 768 gemmis

171 780 268 805 ornata
290 777 439 812 virtutum,
460 778 626 815 geminoque
647 779 747 807 mentis
761 779 864 815 pariter
879 783 905 807 et
920 787 1016 815 corpo-

171 823 210 852 ris
237 823 336 852 decore
364 825 549 861 praefulgida,
571 826 663 862 specie
683 834 740 853 sua
768 829 792 853 ct
817 825 1017 862 pulcritudine

170 878 228 898 sua
249 870 274 898 in
298 870 461 899 caelestibus
476 871 595 907 cognita,
614 871 679 900 caeli
695 872 796 900 civium
819 872 845 900 in
867 879 896 900 se
918 880 1016 908 provo-

172 916 243 945 cavit
264 920 406 953 aspectus,
430 917 466 945 ita
488 921 519 945 ut
539 921 566 946 et
588 918 667 954 Regis
687 918 808 946 animuin
838 918 864 946 in
887 919 929 946 sui
952 926 1016 946 con-

172 963 367 999 cupiscentiam
390 964 533 992 inclinaret
561 967 588 993 et
615 965 758 993 caelestem
781 965 909 993 nuntium
932 965 963 993 ad
987 973 1015 993 se

172 1009 205 1038 de
227 1010 354 1046 supernis
375 1010 568 1038 attraheret».
592 1011 623 1038 Et
644 1011 696 1039 hoc
714 1011 803 1047 ipsum
820 1012 1015 1048 Hieronymus:

177 1068 190 1082 «
206 1056 231 1084 Si
253 1057 411 1093 diligentius
432 1057 574 1093 inspicias,
597 1057 664 1085 nihil
681 1057 792 1086 virtutis
807 1062 856 1091 est,
872 1058 940 1086 nihil
956 1067 1016 1095 spe-

172 1103 317 1137 ciositatis,
340 1104 407 1131 nihil
430 1104 556 1132 candoris
578 1107 605 1132 et
625 1105 742 1141 gloriae,
764 1105 837 1141 quod
859 1113 893 1133 ex
916 1114 947 1134 ea
962 1114 1015 1134 non

173 1150 385 1187 resplendeat».
413 1162 425 1175 «
442 1151 504 1179 Erat
525 1151 597 1179 enim
620 1152 714 1180 multis
735 1152 877 1181 candidata
906 1153 1017 1181 merito-

173 1205 235 1226 rum
258 1198 408 1226 virtutibus
439 1201 466 1226 et
497 1198 622 1226 dealbata
643 1199 705 1227 nive
727 1199 869 1227 camlidius
899 1200 1018 1236 Spiritus

172 1245 257 1273 sancti
273 1245 452 1278 muneribus,
472 1245 673 1281 simplicitatem
690 1246 832 1274 columbae
847 1246 874 1274 in
889 1247 1017 1275 omnihus

173 1295 382 1328 repraesentans
398 1303 423 1319 n.

252 1339 331 1367 Plena
352 1339 432 1367 etiam
461 1339 513 1367 fuit
541 1340 628 1375 gratia
649 1340 839 1376 desponsante
866 1340 897 1368 ad
921 1343 1016 1368 contu-

171 1385 298 1414 bernium
314 1385 506 1414 familiaritatis
520 1386 643 1419 divinae,
660 1394 708 1422 per
723 1395 805 1423 quam
826 1391 1016 1415 assumeretur

173 1432 198 1460 in
222 1433 362 1461 vinculum
387 1433 582 1461 indissolubilis
603 1434 726 1469 copulae,
749 1437 780 1462 ut
802 1434 850 1470 ipsi
875 1434 959 1470 possit.
974 1442 1017 1462 re-

173 1483 215 1508 cte
236 1480 323 1515 aptari
347 1479 412 1507 illud
440 1480 549 1516 reginae
572 1480 678 1512 Esther,
700 1488 815 1516 sponsae
837 1481 962 1514 Assueri,
984 1481 1017 1509 de

173 1534 227 1562 qua
250 1526 346 1554 Esther
367 1526 529 1554 secundo&
554 1527 648 1554 Ducta
673 1531 714 1554 est
745 1526 843 1555 Esther
871 1527 910 1555 acl
938 1528 1017 1555 cubi-

172 1572 271 1600 culum
300 1572 376 1609 reyis
398 1573 523 1600 Assueri
548 1581 643 1600 vilense
670 1574 795 1607 decimo,
818 1574 869 1611 qui
897 1578 1018 1602 vocatur

180 1618 287 1652 Tebetli,
309 1619 427 1656 septimo
449 1628 526 1647 anuo
542 1620 625 1656 rcyni
645 1620 715 1647 cius.
734 1621 766 1647 Et
787 1620 939 1649 adcunavit
953 1629 1016 1649 eam

172 1675 225 1694 rex
244 1666 312 1703 plus
333 1675 420 1704 quam
443 1674 540 1694 uuiucs
561 1666 697 1694 muliere-s*
711 1666 867 1705 habuitque
886 1668 1017 1705 yratiam

173 1717 199 1741 et
225 1713 458 1741 misericordiam
490 1721 592 1741 coram
620 1722 649 1741 eo
677 1722 766 1750 super
794 1723 890 1742 ommes
919 1715 1018 1743 millie-

174 1768 237 1794 res,
259 1763 283 1788 ct
303 1760 400 1796 posuit
422 1760 559 1788 diadema
573 1760 658 1797 reflui
671 1761 701 1788 in
717 1761 810 1797 capite
830 1761 900 1789 eius.
919 1761 1019 1790 Esther

174 1807 226 1835 ista
247 1806 330 1843 Virgo
351 1807 435 1834 Maria
455 1810 511 1839 est,
534 1815 606 1843 quae
620 1808 709 1835 [lztclu
730 1811 771 1835 cst
791 1808 831 1835 ad
852 1808 1019 1836 cubiculum

175 1854 308 1886 Assueri,
330 1853 440 1890 quando
462 1861 510 1889 per
532 1853 659 1882 intimum
682 1862 804 1883 amorem
834 1856 959 1891 pervenit
985 1856 1018 1884 ad

174 1900 342 1929 consortium
364 1900 472 1929 divinae
492 1900 692 1929 familiaritatis.
722 1901 796 1929 Unde
822 1901 1018 1938 Hieronymus:

180 1947 301 1974 «Totam
323 1946 485 1983 impleverat
506 1946 625 1982 Spiritus
647 1947 731 1975 sancti
754 1947 851 1983 gratia,
873 1956 956 1983 quam
981 1952 1020 1976 to-

174 1997 230 2022 tam
253 1993 431 2021 incanduerat
451 1993 561 2021 divinus
575 2001 662 2026 amor,
677 1993 714 2021 ita
729 1997 760 2021 ut
778 1993 804 2021 in
820 2002 852 2021 ea
866 1994 933 2021 nihil
949 1998 1020 2022 esset

175 2039 361 2073 mundanum,
384 2039 457 2076 quod
479 2039 594 2068 violaret
614 2040 758 2073 affectum,
781 2040 827 2068 sed
849 2040 931 2068 ardor
956 2048 1020 2069 con-

175 2087 271 2115 tinuus
292 2089 319 2115 et
339 2087 457 2115 ebrietas
480 2086 583 2122 profusi
616 2087 717 2115 amoris
732 2099 758 2114 ».
782 2087 856 2115 Unde
879 2095 930 2115 non
961 2091 1019 2115 tan-

175 2137 233 2162 tum
249 2133 350 2162 dicitur
367 2133 495 2161 habuisse
510 2134 641 2169 gratiam,
658 2133 704 2161 sed
720 2134 800 2162 etiam
816 2142 905 2170 super
924 2143 1020 2162 omues

174 2180 325 2213 vitalici-es,
348 2180 412 2216 quia
433 2188 499 2216 prae
520 2180 618 2208 ceteris
640 2181 695 2209 Deo
716 2180 877 2209 familiarior
899 2184 939 2209 est
960 2181 1021 2209 effe-

176 2230 231 2260 cta,
253 2226 405 2255 secundum
427 2226 500 2263 quod
521 2226 586 2254 dIcit
608 2226 778 2255 Bernardus:
805 2238 818 2252 «
833 2227 920 2263 Quam
944 2227 1020 2255 lami-

176 2274 252 2302 liaris
266 2274 375 2302 Christo
389 2273 459 2302 facta
473 2281 517 2307 es,
534 2274 661 2307 Domina,
681 2282 763 2310 quam
784 2274 920 2310 proxima,
936 2274 1020 2302 immo

176 2328 258 2357 quani
282 2320 377 2348 intima
399 2320 456 2348 lieri
480 2320 619 2349 meruisti!
642 2320 777 2356 Quantam
803 2320 929 2349 invenisti
958 2329 1020 2357 gra-

176 2367 241 2395 tiam
264 2366 335 2403 apud
358 2369 436 2395 euin!
461 2367 487 2394 ln
504 2370 530 2395 te
552 2369 643 2395 manet
657 2370 685 2395 et
699 2370 729 2395 tu
744 2375 806 2395 cum
823 2375 870 2400 e0;
892 2370 919 2395 et
939 2367 1020 2395 vestis

176 2421 256 2446 eum,
277 2417 303 2442 et
326 2413 434 2441 vestir1s
454 2412 488 2441 ah
502 2420 549 2446 eo,
572 2413 654 2441 vestis
669 2421 731 2441 eum
754 2413 907 2441 substantia
921 2413 1020 2447 carnis,

177 2460 258 2489 vestit
279 2463 305 2488 te
325 2460 370 2488 ille
391 2459 477 2496 gloria
495 2467 561 2487 suae
576 2460 761 2488 maiestatis».
777 2477 814 2480 —
830 2460 860 2487 Et
875 2464 1022 2496 propterea

178 2510 251 2535 recte
276 2506 376 2535 dicitur
399 2507 424 2535 in
454 2507 604 2543 praemisso
632 2507 732 2535 verbo:
757 2507 857 2543 posuit
884 2507 1022 2534 diadema

178 2553 261 2590 regni
282 2554 312 2581 iu
333 2554 426 2590 capite
447 2553 517 2582 eius.

242 2705 248 2718 ¹
268 2706 333 2728 Vers.
357 2707 394 2734 15;
413 2709 541 2735 sequuntur
558 2707 626 2728 Prov.
644 2707 681 2733 31,
698 2707 735 2728 30.
752 2710 774 2729 et
791 2706 854 2729 Cant.
873 2706 899 2734 t,
916 2707 939 2728 7.

242 2744 250 2757 ²
269 2746 350 2768 Homil.
368 2747 389 2767 2.
407 2752 476 2773 super
494 2745 580 2768 Missus
598 2747 644 2773 est,
662 2752 684 2767 n.
702 2747 728 2772 2,
747 2745 785 2767 ubi
804 2746 925 2773 respicitur
939 2746 972 2767 ps,
986 2745 1021 2771 41,

180 2784 200 2806 5.
218 2796 249 2800 —
266 2785 373 2812 Sequitur
391 2788 470 2807 auctor
487 2791 554 2807 serm.
573 2785 601 2807 de
619 2786 718 2806 Assumt.
736 2785 759 2806 B.
779 2785 804 2806 V.
823 2785 850 2806 M.
868 2785 934 2812 (inter
951 2790 1020 2811 opera

181 2823 279 2851 Hieron.)
297 2831 316 2846 c.
335 2827 355 2846 υ.

242 2862 251 2875 ³
270 2863 333 2884 Vcrs.
355 2863 388 2884 16.
405 2868 453 2890 seq.
470 2875 501 2878 —
518 2863 568 2884 Duo
585 2865 707 2891 sequentes
724 2863 765 2885 loci
778 2866 830 2885 sunt
842 2863 940 2885 auctoris
952 2869 1021 2884 serm.

180 2902 209 2924 de
226 2902 325 2924 Assumt.
343 2902 366 2923 R.
384 2902 412 2923 V.
430 2902 458 2923 M.
476 2901 543 2928 (inter
560 2907 628 2929 opera
648 2902 748 2929 Hieron.)
766 2907 785 2923 c.
808 2901 840 2923 14.
859 2901 915 2929 (13.)
933 2904 955 2923 et
973 2902 1023 2923 lier-

180 2941 253 2967 nard,
270 2946 338 2962 serm.
356 2940 385 2962 de
402 2940 521 2962 Dominica
539 2941 594 2962 infra
612 2940 691 2962 Octav.
708 2940 809 2962 Assumt.
828 2940 852 2962 B.
871 2940 898 2962 V.
915 2941 942 2962 Μ.
959 2947 980 2961 n.
999 2941 1020 2961 6.

242 2979 251 2992 ⁴
270 2980 334 3002 Vers.
353 2980 388 3001 30.
407 2986 456 3008 seq.
473 2992 503 2996 —
521 2980 653 3008 Sequuntur
670 2979 786 3006 Bernard„
803 2985 872 3001 serm.
891 2980 911 3001 ’1.
932 2979 961 3001 dc
979 2979 1021 3001 Do-

1861 194 1915 222 679

1153 268 1233 296 Plena
1253 268 1305 296 fuit
1319 268 1400 297 etiam
1415 269 1503 306 gratia
1516 269 1691 306 fecundante
1705 271 1738 299 ad
1753 274 1915 308 conceptum

1073 314 1237 351 integritatis
1259 315 1412 352 virgineae,
1436 319 1466 344 ut
1487 316 1643 353 conciperet
1670 317 1728 345 sine
1756 317 1828 346 omni
1856 326 1915 346 cor-

1073 361 1219 397 ruptione;
1241 361 1314 390 unde
1342 361 1392 390 sibi
1421 362 1486 391 dicit
1514 363 1640 399 Angelus,
1668 364 1756 392 Lucae
1784 365 1914 401 primo4:

1074 407 1213 435 Invenisti
1230 408 1363 444 qratiam
1386 409 1467 445 apud
1490 409 1588 437 Deum.
1612 411 1698 443 Ecce,
1719 411 1861 447 concipies
1884 411 1915 439 iu

1073 457 1155 482 utero
1176 458 1202 482 et
1219 454 1321 490 paries
1343 455 1453 483 Fttz'um
1483 460 1509 483 et
1528 456 1646 484 vocabis
1666 465 1769 485 nomen
1790 457 1852 485 eius
1875 458 1915 486 Je-

1072 508 1147 528 sum.
1171 501 1239 529 Haec
1261 509 1325 530 vere
1346 501 1398 529 fuit
1418 502 1506 538 gratia
1534 503 1628 539 plena,
1651 511 1722 540 quae
1753 515 1767 528 «
1782 511 1835 532 non
1857 507 1915 532 tan-

1074 550 1132 575 tum
1156 550 1285 581 mentem,
1301 555 1397 576 verum
1420 548 1500 576 etiam
1517 553 1639 577 ventrem
1662 549 1784 585 implevit
1800 560 1825 577 ».
1841 550 1915 578 Unde

1073 593 1268 630 Hieronymus:
1296 594 1394 623 «Vere
1414 595 1509 631 plena,
1531 595 1596 632 quia
1624 596 1722 624 ceteris
1750 604 1798 632 per
1824 599 1915 632 partes

1073 643 1238 676 praestatur,
1260 641 1360 669 Mariae
1382 649 1446 669 vero
1468 650 1496 670 se
1519 644 1601 670 totam
1625 642 1723 670 infudit
1750 643 1832 671 simul
1853 651 1915 679 gra-

1073 686 1124 714 tiae
1140 686 1280 722 plenitudo
1295 698 1321 714 ».
1343 687 1372 715 Et
1388 687 1542 716 Bernardus
1557 688 1583 716 ⁵:
1610 700 1622 713 a
1641 688 1787 725 Optimam
1802 693 1914 725 partem

1072 732 1151 769 eleyit
1172 733 1228 760 sibi
1250 733 1355 761 Maria.
1374 733 1519 770 Optimam
1536 734 1629 770 plane,
1652 735 1717 771 quia
1731 735 1802 763 hona
1822 735 1912 764 fecun-

1071 778 1141 807 ditas
1155 780 1314 815 coniugalis,
1331 780 1426 808 melior
1441 784 1532 809 autem
1548 782 1657 809 castitas
1674 781 1820 818 virginalis,
1836 790 1915 818 pror-

1072 833 1119 853 sus
1134 829 1225 853 autem
1240 826 1343 862 optima
1357 830 1398 854 est
1413 827 1565 855 fecunditas
1580 828 1717 864 virginea,
1737 836 1785 856 seu
1801 829 1913 857 fecunda

1073 871 1229 907 virginitas;
1252 872 1351 901 Mariae
1367 873 1540 909 privilegium
1556 877 1605 907 est,
1622 882 1675 902 non
1696 874 1806 903 dabitur
1828 875 1915 909 alteri,

1071 917 1136 954 quia
1156 926 1214 946 uon
1235 918 1389 955 aliferctur
1404 919 1440 947 ab
1461 928 1495 947 ea
1509 932 1536 947 ».
1554 920 1583 948 Et
1606 920 1692 949 idem:
1720 933 1732 945 «
1748 922 1876 949 Inviolata
1890 925 1917 950 et

1071 967 1144 992 casta
1166 967 1192 992 et
1214 964 1319 1001 integra
1341 966 1441 994 Mariae
1462 966 1567 994 viscera
1598 970 1728 1003 tanquam
1752 976 1852 1004 pascua
1872 976 1915 996 ae-

1073 1010 1142 1038 terni
1169 1011 1268 1039 viror1s
1289 1011 1386 1040 florem
1408 1012 1558 1048 protulere,
1580 1013 1659 1041 cuius
1681 1014 1838 1050 pulcritudo
1862 1022 1914 1042 non

1074 1057 1162 1085 videat
1183 1058 1398 1094 corruptionem,
1420 1059 1500 1087 cuius
1519 1060 1606 1096 gloria
1627 1060 1652 1088 in
1676 1064 1840 1097 perpetuum
1862 1069 1914 1089 non

1074 1108 1223 1133 marcescat
1237 1117 1263 1132 ».
1281 1121 1316 1125 -
1333 1105 1363 1133 Et
1384 1112 1497 1142 propter
1512 1106 1590 1135 istam
1610 1107 1805 1143 plenitudinem
1821 1108 1916 1136 fecun-

1072 1151 1164 1179 ditatis
1186 1151 1323 1187 virgineae
1344 1152 1476 1181 dehemus
1497 1153 1603 1181 dicere:
1628 1155 1686 1181 Ave
1707 1158 1757 1182 etc.

1152 1198 1231 1226 Plena
1253 1201 1390 1234 postremo
1411 1198 1463 1227 fuit
1484 1200 1572 1235 gratia
1595 1200 1777 1228 redundante
1797 1201 1829 1228 ad
1853 1209 1915 1236 pro-

1072 1244 1173 1272 fectum
1196 1245 1292 1273 salutis
1307 1245 1460 1279 humanae,
1476 1248 1507 1273 ut
1522 1253 1602 1274 nemo
1617 1247 1666 1279 sit,
1682 1247 1733 1283 qui
1753 1255 1781 1274 se
1797 1247 1915 1275 abscou-

1073 1291 1123 1319 (lat
1145 1300 1164 1319 a
1185 1291 1281 1319 calore
1302 1292 1364 1320 eius
1379 1292 1400 1325 ⁶,
1422 1292 1573 1320 secundum
1596 1293 1669 1329 quod
1691 1293 1724 1321 de
1745 1293 1803 1329 ipsa
1828 1298 1916 1330 potest

1073 1338 1173 1374 exponi
1196 1338 1263 1366 illud
1295 1338 1472 1367 Ecclesiastici
1505 1339 1635 1375 vigesimo
1666 1343 1781 1376 quarto:
1811 1341 1845 1368 ln
1873 1349 1917 1369 nze

1071 1385 1173 1421 qratia
1195 1385 1288 1413 omnis
1309 1385 1372 1413 uiae
1393 1389 1417 1413 ct
1438 1386 1586 1419 veritatis,
1616 1387 1646 1414 iu
1668 1395 1712 1415 me
1739 1388 1833 1415 cuiuis
1854 1396 1916 1424 spes

1074 1431 1148 1459 uitae
1168 1435 1193 1459 et
1216 1431 1341 1459 virtutis.
1371 1432 1504 1461 Transile
1525 1432 1565 1460 ast
1586 1441 1638 1466 me,
1658 1441 1764 1466 omnes,
1780 1434 1831 1471 qui
1851 1443 1916 1462 cou—

1073 1478 1222 1514 cupiscitis
1243 1486 1300 1511 me,
1322 1482 1346 1506 ct
1367 1487 1386 1506 a
1406 1479 1641 1515 ycuerationibus
1657 1480 1725 1508 meis
1747 1481 1914 1517 implemini.

1075 1524 1108 1551 Iu
1131 1533 1183 1557 me,
1206 1524 1309 1561 inquit,
1332 1525 1425 1552 onznia
1445 1525 1547 1561 qratia
1569 1526 1632 1554 uiae
1649 1530 1674 1554 ct
1695 1527 1836 1560 veritati-³,
1852 1527 1915 1563 quia

1074 1570 1195 1598 Vel-num
1218 1571 1312 1607 genuit
1334 1571 1522 1605 incarnatum;
1544 1571 1681 1606 Verbum,
1704 1573 1832 1609 inquam,
1858 1574 1917 1601 uni-

1073 1617 1195 1653 genitum
1218 1617 1264 1645 Dei
1288 1617 1389 1651 Patris,
1408 1618 1525 1654 plenum
1545 1619 1662 1655 ¹qratiac
1683 1623 1706 1647 et
1729 1620 1875 1653 ve1·itatis;
1890 1623 1916 1648 et

1075 1663 1133 1692 ideo
1155 1664 1258 1697 sciens,
1281 1672 1309 1692 se
1332 1664 1433 1692 hahere
1454 1665 1568 1701 gratiam
1591 1665 1797 1699 redundantem,
1823 1674 1917 1695 omnes

1074 1710 1170 1739 invitat
1191 1710 1224 1739 ad
1251 1718 1329 1738 suam
1357 1711 1563 1747 plenitudinem.
1592 1712 1667 1740 Unde
1695 1712 1915 1748 Hierony1111157:

1078 1769 1091 1782 «
1107 1757 1265 1786 Universale
1280 1757 1416 1785 auxilium
1432 1762 1458 1786 et
1479 1762 1642 1794 praeparata
1656 1759 1788 1794 protectio
1810 1759 1841 1787 ad
1857 1767 1915 1787 eam

1075 1805 1255 1841 vigilantium,
1277 1805 1495 1833 Christiai‘lorum
1518 1813 1628 1841 quoque
1650 1805 1786 1841 refugium
1808 1806 1915 1834 adeam

1075 1852 1299 1880 concurrentium
1321 1854 1348 1879 et
1369 1851 1516 1879 consolatio
1539 1852 1743 1885 tribulatorum,
1764 1853 1915 1880 errantium

1075 1899 1118 1927 via
1139 1902 1166 1926 et
1187 1898 1339 1934 redemptio
1360 1898 1530 1934 captivorum
1553 1902 1593 1926 est
1614 1902 1706 1926 sancta
1732 1899 1813 1935 Virgo
1834 1899 1917 1927 Maria

1075 1949 1102 1973 et
1122 1944 1269 1973 mediatrix
1291 1945 1413 1972 omnium
1436 1945 1508 1980 apud
1537 1945 1664 1973 Deum».
1694 1945 1724 1972 Et
1746 1945 1916 1974 Bernardus:

1080 2004 1092 2017 a
1109 1993 1146 2021 De
1168 1992 1337 2028 plenitudine
1355 1991 1415 2020 eius
1429 1992 1567 2027 accipiunt
1581 1992 1701 2020 universi
1715 2004 1740 2019 ».
1757 2009 1793 2012 -
1810 1992 1839 2020 Et
1854 2000 1917 2028 pro-

1076 2042 1169 2075 pterea
1196 2038 1409 2074 confugiendum
1430 2041 1471 2066 est
1492 2038 1525 2066 ad
1547 2038 1649 2074 ipsam,
1671 2038 1821 2067 secundum
1844 2038 1916 2075 quod

1076 2086 1132 2122 ipse
1154 2084 1310 2113 Bernardus
1328 2085 1471 2112 hortatur:
1499 2096 1512 2109 «
1527 2084 1596 2120 Quid
1617 2084 1650 2112 ad
1672 2085 1783 2113 Mariam
1802 2085 1917 2121 trepidet

1077 2133 1196 2160 humana
1218 2131 1370 2167 fragilitas?
1391 2131 1461 2159 Nihil
1485 2131 1510 2158 in
1540 2139 1572 2159 ea
1596 2131 1714 2165 durum,
1736 2131 1803 2159 nihil
1832 2131 1859 2159 in
1887 2139 1918 2159 ea

1075 2186 1221 2214 asperum,
1242 2177 1309 2205 nihil
1332 2181 1490 2210 austerum,
1512 2177 1579 2205 nihil
1601 2185 1741 2211 amarum;
1759 2181 1812 2205 tota
1831 2177 1918 2205 dulcis

1076 2229 1102 2254 et
1124 2224 1232 2257 suavis,
1255 2227 1310 2252 tota
1333 2224 1504 2257 misericors,
1526 2224 1653 2252 omnihus
1679 2224 1796 2252 offerens
1824 2224 1863 2252 lac
1891 2228 1917 2252 et

1078 2272 1164 2299 lanam
1182 2283 1207 2298 n.
1232 2287 1267 2291 -—
1283 2271 1363 2298 Recte
1384 2270 1467 2306 igitur
1481 2270 1532 2298 dici
1550 2274 1652 2306 potest:
1666 2272 1687 2298 Α
1695 2279 1734 2303 ve,
1748 2270 1834 2306 plenu
1847 2278 1917 2307 yra-

1077 2319 1115 2346 tiu
1139 2317 1318 2346 redundante.

1156 2365 1184 2392 ll.
1207 2364 1257 2392 Sed
1280 2364 1340 2392 licet
1363 2363 1481 2400 Virginis
1502 2363 1588 2400 gratia
1604 2364 1630 2391 in
1646 2371 1740 2391 omnes
1755 2364 1839 2400 possit
1861 2363 1918 2392 red-
1933 2366 2053 2412 2353&

1078 2411 1183 2440 undare
1204 2413 1338 2447 quantun]
1360 2410 1393 2438 ad
1414 2409 1518 2446 gratiae
1539 2409 1783 2446 impetrationem,
1806 2418 1858 2437 non
1879 2413 1917 2438 ta·
1929 2413 2059 2459 fflpggffiigtffi.

1077 2466 1139 2486 men
1153 2465 1200 2494 per
1212 2456 1404 2493 infivtsionenu
1419 2461 1445 2485 et
1461 2457 1523 2485 licet
1537 2456 1562 2484 in
1578 2464 1673 2484 omnes
1688 2456 1822 2484 redundet
1833 2464 1917 2492 quan-

1078 2509 1136 2533 tum
1152 2504 1184 2533 ad
1205 2503 1420 2542 sufficientiam,
1437 2512 1490 2531 non
1513 2507 1601 2531 tamen
1624 2504 1649 2531 in
1672 2511 1766 2531 omnes
1784 2507 1917 2539 quantum

1077 2552 1110 2580 ad
1122 2551 1292 2589 efficaciam,
1305 2550 1352 2579 sed
1367 2551 1454 2579 solum
1470 2550 1496 2578 in
1513 2558 1559 2578 eos
1570 2550 1615 2587 qui
1632 2558 1661 2578 se
1676 2549 1795 2578 reddunt
1809 2549 1919 2578 idoneos

1078 2706 1133 2727 min.
1153 2709 1202 2732 post
1220 2705 1298 2726 Octav.
1318 2704 1400 2731 Epiph.
1417 2710 1438 2725 u.
1457 2705 1477 2725 2.
1495 2706 1516 2725 et
1533 2706 1612 2725 auctor
1632 2709 1701 2725 serui.
1724 2703 1753 2724 de
1774 2703 1873 2724 Assumt.
1896 2702 1917 2723 Β.

1079 2745 1106 2766 V.
1124 2745 1149 2766 Μ.
1169 2744 1236 2771 (inter
1253 2750 1321 2771 opera
1341 2743 1440 2770 Hieron)
1459 2750 1478 2764 c.
1497 2743 1516 2764 5.

1140 2782 1149 2794 ⁵
1167 2783 1238 2804 Serui.
1259 2783 1278 2803 4.
1296 2782 1317 2803 in
1336 2783 1434 2803 Assuuit.
1453 2782 1476 2803 Β.
1495 2782 1520 2803 V.
1540 2782 1566 2802 M.
1584 2787 1604 2802 n.
1624 2781 1644 2807 5,
1663 2780 1702 2802 ubi
1721 2780 1840 2807 respicitur
1862 2780 1916 2802 Luc.

1048 2847 1050 2851 .
1081 2823 1114 2848 10,
1134 2821 1168 2843 42.
1187 2834 1217 2836 -
1234 2821 1341 2848 Sequitur
1358 2820 1461 2841 eiusdem
1479 2826 1548 2841 serm.
1565 2821 1586 2841 2.
1604 2820 1626 2841 iu
1645 2819 1748 2841 Adventu
1768 2819 1833 2840 Dom.
1850 2825 1871 2840 n.
1889 2818 1909 2840 4.

1140 2859 1149 2871 [ἶ
1167 2860 1247 2881 Psalm.
1270 2860 1307 2885 18,
1331 2859 1357 2885 63
1381 2862 1508 2886 sequuntur
1531 2858 1596 2880 Ercli.
1620 2858 1661 2884 24,
1684 2858 1722 2879 25.
1745 2863 1794 2885 seq.
1817 2860 1838 2879 et
1858 2858 1918 2879 loun.

1082 2901 1098 2925 1,
1121 2899 1153 2920 11.

1139 2937 1148 2950 ⁷
1165 2938 1239 2959 Locus
1257 2938 1338 2959 frustra
1355 2936 1481 2964 quaesitus.
1497 2949 1527 2951 —
1545 2936 1652 2964 Sequitur
1671 2935 1786 2961 Bernnrd..
1803 2941 1871 2957 serm.
1888 2934 1917 2957 de

1079 2977 1165 2999 Domin.
1185 2977 1242 2999 infra
1259 2977 1337 2999 Octar.
1356 2976 1454 2998 Assumt.
1474 2976 1496 2997 Β.
1514 2975 1541 2997 V.
1559 2975 1587 2997 M.
1604 2981 1625 2997 n.
1644 2976 1665 2997 -2,

1957 279 2020 300 Sexto,

1944 302 2003 324 gratia
2015 303 2042 321 se-

1940 325 2040 344 cnudante.

1945 1206 2036 1229 Septimo,

1965 1230 2023 1252 gratia

1928 1252 2052 1271 redundante.

1935 1995 2025 2013 Hortatio.
