2243 3348
37 380 128 414 ¹¹Secunda⁴

35 584 37 610 ζ
60 580 127 599 Tertia.

27 1142 44 1160 >e
56 1141 119 1166 quinto

38 1165 101 1188 gradu.

25 1751 51 1770 De
62 1753 121 1771 sexto.

15 1938 123 1962 amitermis

21 1962 102 1986 spiritus.

13 2406 115 2426 Servandus

11 2435 43 2454 per
55 2431 66 2448 6
78 2431 119 2449 imi-

23 2454 106 2473 tationes.

668 169 699 197 lN
720 169 824 198 FESTO
845 169 975 198 OMNIUM
997 169 1204 199 SANCTORUM.
1228 170 1338 199 SERMO
1359 172 1376 200 l.

42 234 43 273 Ῐ
64 253 130 273 Prima·
148 246 270 275 inferius.
294 246 385 274 Prima
405 246 529 275 consistit
544 246 570 274 in
587 247 790 281 desiderando,
805 247 992 285 speculando,

144 292 329 329 suscipiendo
345 294 372 325 1;
393 293 467 321 unde
494 293 521 321 in
547 293 640 329 prima
659 294 815 323 hierarchia
840 294 992 323 secundum

146 340 212 369 haec
234 342 299 368 sunt
320 340 425 368 ratione
446 340 528 376 primi
551 339 706 377 Seraphim
713 351 723 374 ,·
746 341 850 370 ratione
869 341 992 375 secundi,

148 386 319 420 Clterubim;
340 386 446 415 ratione
467 387 558 420 tertii,
587 386 704 415 Throni.
727 404 763 407 —
785 387 910 416 Secunda
928 395 992 416 con-

145 434 215 462 sistit
242 433 269 462 in
296 433 484 470 imperanda,
514 434 730 470 prosequendo,
763 433 992 471 triumphando,-

145 480 296 510 secundum
318 480 392 517 quod
414 480 441 508 in
463 480 585 509 secunda
610 481 767 509 hierarchia
794 485 859 510 sunt
887 481 992 510 ratione

145 527 226 565 primi
250 527 486 560 Dominationes;
506 528 612 556 ratione
633 528 756 561 secundi,
781 528 991 565 Principum-9,-

145 575 250 603 ratione
272 574 362 607 tertii,
379 574 544 602 Potestates.
561 590 598 595 —
620 575 712 603 Tertia
734 575 858 603 consistit
879 575 907 603 in
928 583 992 603 ma-

144 621 335 655 izu-ducendo,
356 622 531 655 erudiendo,
553 621 823 654 subministrando;
838 621 990 650 secundum

144 677 215 706 quae
236 669 263 697 in
286 669 367 697 tertia
389 669 546 697 hierarchia
577 671 643 697 sunt
665 669 770 696 ratione
795 668 899 697 consilii
929 668 991 696 Vir-

144 720 226 749 tutes,
249 714 437 752 Arcltanyeli,
460 715 571 752 Anyeli.
595 715 750 743 Praedictae
771 718 863 743 autem
885 714 991 743 radices

144 763 231 798 (sunt)
253 763 389 799 plantatae
411 770 460 798 per
482 766 620 795 naturam,
652 761 830 790 confirmatae
853 769 900 797 per
928 769 990 797 gra-

142 810 217 844 tiam,
239 813 445 838 consummatae
467 817 516 846 per
537 809 662 846 gloriam.
685 809 798 844 Propter
814 808 934 844 primum
950 807 990 835 di—

143 857 231 885 citur:
253 856 399 885 Radicavi
412 859 480 889 etc.;
496 859 610 892 propter
625 850 793 884 secundum:
815 858 841 882 et
861 854 893 882 in
903 857 990 891 parte

144 903 196 932 Dei
224 904 282 932 mei
311 906 378 936 etc.;
409 906 522 940 propter
550 902 680 930 tertium:
702 905 726 930 et
751 902 782 929 in.
812 901 990 938 plenitudine

142 950 318 979 Sanctorum
341 950 460 978 detentio
481 958 554 978 mea.
569 966 608 970 -
629 949 674 977 His
688 948 826 977 coniuncti
843 951 908 977 sunt
923 948 989 976 San—

142 997 176 1026 cti
198 998 300 1031 nostri;
324 997 461 1026 Psalmus:
486 996 680 1024 Emsultabunt
699 995 802 1024 Sancti
822 996 853 1023 in
872 994 988 1032 gloria,

141 1043 330 1072 laetabuntur
350 1044 382 1072 in
402 1043 548 1071 cubilibus
567 1043 639 1071 suis.

220 1092 258 1120 De
279 1091 376 1128 quinto
390 1092 417 1119 2;
441 1092 544 1119 Aaron
565 1094 590 1118 et
610 1089 686 1126 (ilios
711 1090 774 1117 eius
802 1097 892 1126 unqe-s
919 1097 988 1117 san-

141 1138 337 1176 ctificabisque
362 1146 425 1172 eos,
456 1141 488 1166 ut
518 1137 681 1166 sacerdotio
708 1136 879 1174 funyantur
906 1135 987 1164 mibi.

141 1186 210 1214 Haec
231 1186 361 1214 sanctitas
382 1185 464 1213 datur
493 1192 542 1221 per
570 1184 778 1220 impressionem
806 1182 988 1211 characteris

140 1232 309 1266 indelebilis,
332 1239 415 1268 quam
437 1231 470 1260 de
492 1239 615 1267 congruo
643 1230 720 1267 sequi
749 1230 831 1258 debet
858 1230 988 1258 sanctitas

140 1280 166 1308 in
190 1279 312 1313 mei-itis;
335 1279 447 1307 Petrus:
477 1278 529 1306 Vos
549 1278 615 1306 estis
628 1286 720 1314 yemis
741 1277 870 1310 electum,
892 1276 988 1313 reyale

139 1326 353 1359 sacerdotium,
377 1334 448 1362 qens
468 1328 591 1358 sancta,
612 1323 738 1361 populus
766 1323 987 1361 acquisitionis‘,

140 1377 173 1401 ut
192 1373 315 1401 virtutes
336 1372 516 1400 annuntietis
537 1372 600 1400 eius
614 1371 666 1409 qui
680 1371 713 1399 de
728 1370 851 1399 tenebris
871 1379 921 1398 vos
939 1379 987 1398 vo-

140 1420 218 1448 cavit
237 1420 268 1448 in
290 1419 467 1448 admirabile
489 1419 585 1447 lamen
606 1427 704 1446 suum.
722 1418 750 1446 Et
774 1418 836 1446 licet
858 1417 988 1446 sanctitas

139 1467 219 1496 officii
241 1467 313 1496 obsit
334 1467 400 1503 ipsis
428 1467 486 1495 sine
514 1466 657 1494 sanctitate
683 1464 789 1499 meriti,
818 1468 908 1492 tamen
938 1472 987 1500 per

139 1515 212 1551 ipsos
234 1514 368 1542 Dominus
398 1513 482 1542 efficit
504 1513 647 1541 veritatem
669 1512 853 1545 Sacramenti3
883 1512 987 1548 Sopho-

138 1561 214 1590 nias:
236 1561 405 1590 Sacerdotes
425 1560 488 1588 eius
506 1559 674 1596 polluerunt
688 1559 819 1595 templum
840 1562 987 1592 sanctum,

139 1608 245 1636 iniuste
265 1611 386 1645 eyerunt
406 1611 510 1636 eontra
532 1607 649 1644 Leyem;
670 1609 712 1635 et:
733 1607 876 1634 Dominus
890 1606 987 1634 iustus

138 1656 168 1683 in
191 1655 284 1683 medio
306 1655 369 1683 eius
389 1663 447 1682 non
468 1653 557 1690 faciet
577 1653 768 1691 iniquitatem.

218 1703 256 1730 De
271 1705 360 1736 sexto,
373 1701 547 1738 Apocalypsis
558 1701 584 1729 ³:
604 1700 669 1728 Vidi
680 1704 816 1728 sanctam
830 1700 985 1733 civitatem,

141 1749 300 1778 Ierusalem
316 1756 434 1781 novam,
450 1747 660 1777 descendentem
683 1747 716 1775 de
737 1747 831 1780 caelo,
854 1747 919 1784 qnia
937 1755 986 1783 per

138 1796 278 1825 Christum
300 1795 510 1824 descendentem
532 1794 559 1822 in
581 1802 691 1823 carnem
714 1797 741 1822 et
769 1794 901 1830 Spiritum
924 1801 985 1822 san-

139 1846 213 1872 ctum
235 1843 261 1871 in
279 1846 398 1871 mentem
414 1841 555 1870 descendit
576 1841 706 1870 sanctitas
722 1841 747 1869 in
765 1841 910 1869 Ecclesiam
926 1843 985 1869 tan-

136 1898 221 1927 quam
237 1897 363 1926 sponsam
386 1892 437 1917 etc.
460 1889 491 1917 Et
505 1888 571 1925 quia
585 1888 689 1925 Sponso
710 1887 875 1916 conformari
891 1887 985 1921 debet,

138 1937 245 1971 decuit,
267 1941 299 1965 ut
320 1936 525 1973 septemformis
546 1935 676 1972 spiritus,
698 1935 745 1971 qni
776 1935 801 1963 in
828 1935 937 1963 Christo
958 1938 986 1963 et

138 1992 196 2012 non
210 1984 249 2012 ad
263 1992 435 2012 mensuram
448 1983 510 2016 fuit,
532 1982 559 2011 in
576 1983 694 2011 Ecclesia
714 1985 793 2011 esset.
816 1983 843 2010 ln
867 1982 985 2010 Patriar-

137 2031 196 2060 chis
217 2031 289 2060 enim
312 2030 427 2067 spiritus
440 2030 602 2067 sapientiae
617 2030 717 2058 claruit
738 2029 765 2058 in
783 2030 860 2058 cultu
876 2029 983 2062 divino:

136 2078 163 2106 in
187 2078 344 2115 Prophetis,
367 2077 482 2114 spiritus
503 2077 659 2105 intellectus
687 2077 713 2104 in
743 2076 927 2113 speculando;
957 2077 982 2105 in

137 2125 278 2162 Apostolis,
293 2124 408 2153 consilii
428 2124 454 2153 in
476 2124 613 2157 docendo:
632 2124 659 2152 in
675 2124 851 2160 Martyrffius,
865 2123 984 2161 fortitu—

137 2172 215 2201 dinis
235 2172 261 2200 in
278 2171 393 2200 adversa
408 2171 565 2204 tolerando:
589 2171 614 2199 in
637 2170 854 2205 Confessoribns,
869 2171 984 2207 spiritus

136 2219 273 2247 scientiae
293 2218 393 2247 divinis
414 2218 548 2246 mandatis
569 2218 735 2251 obediendo;
757 2218 784 2246 in
811 2218 983 2255 Virginibus,

137 2266 251 2302 spiritus
271 2265 386 2293 timoris
407 2273 519 2294 carnem
548 2273 626 2293 suam
655 2265 814 2293 edomando,
845 2265 929 2302 igitur
950 2265 984 2293 de

137 2316 192 2341 tam
214 2315 309 2341 sancto
330 2313 435 2349 Sponso
456 2315 483 2341 et
504 2315 598 2340 sancta
619 2320 719 2348 sponsa
733 2312 872 2349 oportuit,
890 2315 922 2340 ut
936 2320 984 2340 na-

137 2363 262 2388 sceretur
285 2359 375 2396 proles
396 2361 497 2387 sancta.
525 2358 616 2392 Unde,
645 2366 707 2387 cum
738 2366 787 2394 per
816 2358 983 2395 baptismum

138 2406 324 2440 renascimur,
342 2406 427 2434 sancti
450 2405 595 2434 efficimur.
617 2422 653 2425 —
676 2405 748 2433 Hanc
769 2408 861 2433 autem
884 2405 984 2434 sancti-

137 2455 219 2481 tatem
242 2460 354 2481 servare
375 2453 508 2481 dehemus
526 2460 575 2489 per
590 2452 769 2481 imitationem
791 2452 983 2489 patriarchalis

137 2500 292 2528 theosebiae
314 2500 341 2528 in
363 2500 516 2533 adorando:
540 2499 709 2536 prophetalis
732 2499 939 2536 intelligentiae,
955 2499 981 2528 in

137 2547 317 2584 speculando,
346 2547 509 2584 apostolicae
534 2546 754 2581 benevolentiae,
776 2547 803 2574 in
830 2547 981 2584 diligend03

137 2594 288 2631 Martyrum
301 2594 477 2628 constantiae,
490 2594 516 2622 in
530 2594 683 2627 tolerand03
692 2593 885 2622 Confessorum
898 2594 982 2623 scien-

1843 177 1898 205 599

1051 248 1113 283 tiae,
1129 248 1248 283 iustitiae
1262 249 1429 285 obediendo;
1445 251 1560 288 virginei
1576 252 1693 286 timoris,
1710 253 1735 281 in
1752 253 1898 282 sanctimo-

1050 295 1095 323 nia
1115 296 1312 325 conversando.

1129 342 1167 371 De
1189 343 1248 376 his,
1271 343 1394 372 Psalmus
1408 345 1436 372 4:
1459 344 1565 383 Afferte
1591 346 1730 380 Domine,
1751 346 1809 383 filii
1831 347 1897 382 Dei,
1917 353 2034 373 veratriar-

1908 377 1985 396 charum
1999 379 2040 396 imi-

1050 388 1151 426 afferte
1174 390 1295 418 Domino
1316 390 1392 427 filios
1413 392 1551 420 arietum.
1574 393 1624 422 Sed
1647 394 1829 430 conqueritur
1846 394 1897 422 Do-
1921 401 2024 443 fflgssgfidgfl

1050 436 1142 465 minus
1162 444 1212 473 per
1242 437 1421 475 Prophetam:
1444 438 1477 467 Si
1496 447 1563 476 eqo,
1592 440 1694 476 inquit,
1717 440 1818 474 Pater,
1846 441 1897 470 ubi

1049 487 1090 511 est
1110 482 1204 511 bonor
1224 492 1322 517 meus,
1344 487 1369 512 et
1389 485 1417 513 si
1438 485 1582 514 Dominus
1610 495 1660 524 e90
1681 495 1765 520 sum,
1787 487 1839 516 ubi
1858 492 1898 516 est

1050 529 1138 557 timor
1159 530 1261 558 meu-s?
1282 530 1361 567 Quod
1382 531 1475 560 cultus
1495 532 1543 561 Dei
1566 533 1593 561 in
1616 533 1782 562 Patriarchis
1803 534 1897 568 fuerit,

1050 575 1076 604 in
1087 576 1225 604 Abraham
1241 576 1345 613 patuit;
1368 577 1441 606 unde
1457 579 1559 607 Lucas:
1576 580 1805 614 Iusiurandum,
1820 581 1899 618 quod

1049 623 1164 651 iuravit
1183 624 1224 651 ad
1245 623 1416 658 Abraham,
1436 629 1551 661 patrem
1581 629 1731 660 nostrum,
1753 627 1896 656 daturum

1048 677 1077 697 se
1098 669 1181 697 nobis
1201 673 1253 698 etc.
1276 670 1310 699 Si
1329 679 1397 708 eryo
1424 671 1481 707 lilii
1502 672 1641 701 Abrabae
1669 681 1781 707 sumus,
1808 682 1897 711 opera

1050 715 1189 745 Abrahae
1203 717 1214 734 ⁵
1235 717 1377 746 faciamus.
1400 718 1451 747 Sed
1474 719 1554 748 hodie
1575 719 1609 748 de
1634 720 1741 749 clericis
1762 721 1897 750 Dominus

1048 763 1168 791 multum
1197 765 1395 800 conqueritur:
1422 765 1514 794 Filios
1541 767 1671 795 enutrivi
1698 771 1723 795 et
1750 768 1895 802 exaltavi,

1048 809 1106 846 ipsi
1125 813 1223 838 aulem
1244 814 1417 846 spreverunt
1437 820 1489 840 me.
1512 829 1550 832 —
1572 813 1610 841 De
1631 813 1761 847 seeundo,
1782 815 1894 851 Aposto-

1048 855 1106 884 lus:
1131 856 1232 884 Eralis
1253 856 1414 894 aliquando
1443 858 1589 892 tenebrae,
1611 868 1690 887 nunc
1718 864 1814 889 aulem
1844 861 1896 889 lux

1047 902 1078 930 in
1102 903 1242 936 Domino;
1263 907 1295 931 ut
1308 903 1365 939 lilii
1378 904 1452 932 lucis
1467 904 1632 939 ambulate,·
1647 907 1783 943 Sapientia
1794 908 1821 935 ⁶:
1840 908 1896 936 Per

1046 949 1178 978 nationes
1198 950 1230 978 in
1250 950 1370 979 animas
1391 955 1510 979 sanctas
1530 960 1560 980 se
1581 952 1732 990 transfert.
1761 953 1811 982 Sed
1834 954 1895 990 plu-

1048 1004 1092 1024 res
1112 996 1281 1025 intellectum
1304 997 1337 1025 ad
1367 1001 1478 1026 terrena
1506 1007 1589 1035 quam
1611 999 1645 1027 ad
1674 1000 1800 1028 caelestia
1831 1008 1896 1029 con-

1046 1046 1168 1077 vertunt,
1190 1043 1224 1072 de
1245 1044 1348 1080 quibus
1362 1044 1481 1073 dicitur:
1497 1045 1569 1074 Filii
1589 1045 1748 1074 stultorum
1768 1055 1827 1075 esse
1841 1047 1894 1075 sub

1046 1089 1175 1118 sentibus
1190 1090 1310 1119 delicias
1325 1091 1552 1128 computabant;
1571 1093 1696 1122 Baruch:
1719 1093 1790 1122 Filii
1812 1096 1895 1131 Ayar

1045 1137 1238 1174 negotiatores
1260 1136 1393 1166 Merrltae
1407 1142 1432 1166 et
1454 1137 1591 1173 leeman,
1605 1140 1806 1176 prudentiam,
1821 1149 1896 1178 quae

1045 1184 1079 1212 de
1101 1188 1181 1212 terra
1202 1188 1251 1218 est,
1273 1185 1483 1222 exquisierunt.
1500 1202 1536 1205 ——
1551 1186 1590 1214 De
1606 1187 1696 1220 tertio,
1708 1187 1852 1223 Apostolus
1868 1188 1893 1216 ⁷:

1046 1231 1213 1259 lmilutores
1236 1231 1287 1259 Dei
1307 1235 1391 1260 estote
1411 1232 1489 1260 sieut
1508 1232 1565 1269 (ilii
1584 1233 1737 1262 carissimi
1756 1237 1780 1262 et
1794 1234 1894 1262 ambu-

1046 1277 1101 1306 late
1123 1278 1154 1306 in
1174 1278 1341 1311 dilectione‚·
1372 1279 1399 1307 in
1423 1279 1583 1316 Evangelio:
1609 1280 1697 1309 Orate
1721 1290 1778 1318 pro
1799 1290 1894 1318 perse-

1045 1325 1198 1362 quentibus
1221 1333 1286 1359 vos,
1309 1330 1341 1353 ut
1361 1326 1426 1354 sitis
1447 1326 1504 1363 filii
1526 1327 1628 1355 Patris
1656 1328 1762 1361 vestri,
1784 1329 1836 1366 qui
1864 1328 1895 1357 in

1045 1371 1133 1400 caelis
1153 1376 1202 1400 est.
1226 1372 1256 1400 Et
1272 1372 1334 1401 licet
1348 1373 1458 1402 difficile
1473 1374 1609 1408 videatur,
1631 1374 1745 1411 diligere
1760 1375 1894 1410 inimicos,

1046 1421 1153 1452 tamen,
1176 1426 1239 1446 cum
1268 1419 1355 1447 simus
1383 1419 1459 1447 ciues
1489 1420 1665 1448 Sanctorum
1693 1425 1718 1449 et
1747 1421 1897 1450 [lomestici

1048 1465 1108 1499 Dei,
1130 1465 1216 1502 ipsam
1239 1466 1335 1502 legem,
1357 1474 1441 1502 quam
1463 1467 1521 1496 suis
1542 1467 1661 1504 Spiritus
1679 1467 1753 1496 dedit
1774 1468 1895 1497 concivi-

1045 1512 1107 1546 bus,
1129 1521 1241 1541 servare
1255 1513 1434 1547 conabimur:
1449 1515 1594 1550 Apostolus
1610 1514 1635 1543 8:
1651 1515 1684 1543 ln
1705 1516 1830 1544 caritate
1843 1525 1894 1544 ra-

1045 1559 1137 1588 dicati
1156 1564 1182 1588 et
1201 1559 1338 1597 simulati,
1367 1564 1400 1589 ut
1418 1561 1538 1597 possitis
1559 1561 1799 1598 comprehendere
1826 1572 1894 1592 cum

1045 1607 1180 1635 omnibus
1202 1607 1318 1635 Sanctis
1343 1610 1394 1636 etc.
1428 1608 1465 1636 De
1496 1608 1591 1636 multis
1622 1608 1674 1637 dici
1706 1612 1796 1645 potest
1826 1610 1894 1638 illud

1046 1654 1143 1682 isaiae:
1167 1654 1231 1688 Vae,
1244 1653 1301 1691 filii
1319 1654 1497 1683 desertores!
1519 1658 1551 1683 ut
1571 1654 1707 1692 faceretis
1728 1657 1893 1691 eonsilium,

1045 1705 1070 1729 et
1089 1710 1148 1730 non
1169 1710 1204 1729 eae
1225 1709 1279 1735 me,
1294 1706 1320 1730 et
1334 1702 1509 1731 ordiremini
1529 1703 1614 1731 telam
1629 1707 1653 1731 et
1668 1712 1726 1732 non
1740 1712 1794 1741 per
1808 1705 1894 1741 spiri-

1045 1752 1106 1777 tum
1128 1757 1235 1783 meum,
1251 1752 1285 1777 ut
1298 1749 1444 1778 adderetis
1464 1754 1614 1786 peccatum
1629 1759 1718 1787 super
1730 1756 1892 1788 peecatum,

1044 1796 1096 1834 qui
1116 1795 1293 1830 ambulatis,
1326 1801 1357 1824 ut
1388 1797 1568 1825 descendatis
1590 1798 1621 1826 in
1644 1799 1815 1836 Aeyyptum.
1839 1799 1892 1828 Hoc

1043 1842 1146 1871 dicitur
1161 1843 1195 1871 de
1214 1843 1267 1871 illis
1282 1843 1329 1879 qui
1345 1851 1395 1879 per
1410 1843 1481 1871 mala
1501 1844 1615 1872 consilia
1635 1844 1702 1873 alios
1723 1844 1756 1873 ad
1778 1853 1893 1882 peccan-

1044 1889 1109 1918 dum
1132 1889 1270 1918 seducunt
1290 1893 1317 1918 et
1339 1897 1389 1918 suo
1411 1894 1554 1927 peccatum
1575 1890 1695 1919 alienum
1717 1895 1867 1928 apponunt.

1122 1937 1160 1965 De
1182 1940 1291 1974 quarto,
1313 1937 1458 1974 Apostolus
1473 1937 1499 1965 9;
1525 1937 1700 1967 Gloriamur
1716 1940 1747 1966 in
1768 1938 1892 1967 tribula-

1043 1983 1188 2016 tionibus;
1200 1983 1323 2011 l'salinus
1332 1994 1338 2011 :
1348 1983 1495 2012 lllirabilis
1504 1984 1581 2012 Deus
1594 1985 1624 2013 in
1636 1985 1753 2013 Sanctis
1763 1986 1827 2013 suis
1838 1988 1889 2014 etc.

1042 2030 1113 2066 Quid
1134 2030 1206 2059 enim
1231 2030 1385 2059 mirabilius
1406 2039 1454 2064 e0,
1483 2031 1557 2068 quod
1579 2032 1725 2068 Martyres,
1747 2035 1778 2060 ut
1802 2032 1892 2061 aiebat

1042 2077 1208 2114 Gregorius,
1234 2089 1247 2102 «
1262 2077 1346 2106 occidi
1370 2080 1513 2114 poterant,
1535 2078 1582 2107 sed
1600 2079 1672 2107 flecti
1692 2079 1844 2116 nequibant
1858 2082 1891 2108 »ἵ

1042 2124 1187 2161 Apostolus
1202 2125 1242 2152 1⁰:
1265 2124 1368 2153 Sancti
1388 2124 1519 2153 ludibria
1533 2129 1557 2153 et
1572 2125 1694 2154 verbera
1708 2126 1831 2163 experti,
1847 2127 1891 2155 in-

1041 2179 1131 2208 super
1152 2174 1177 2199 et
1198 2171 1319 2199 vincula
1339 2175 1364 2199 et
1396 2180 1536 2201 carceres.
1558 2172 1700 2209 Lapidati
1718 2177 1802 2207 sunt,
1823 2173 1893 2202 secti

1041 2222 1112 2246 sunt
1132 2221 1183 2247 etc.
1206 2218 1259 2247 llos
1280 2218 1365 2255 igitur
1387 2218 1487 2247 imitari
1509 2219 1657 2253 debemus;
1673 2220 1833 2256 Apostolus:
1856 2221 1891 2249 In

1041 2265 1198 2302 disciplina
1216 2268 1407 2302 perseverate.
1436 2266 1588 2304 Tanquam
1609 2266 1682 2303 filiis
1705 2271 1783 2303 pater
1811 2267 1891 2296 vobis

1041 2311 1123 2350 offert
1133 2321 1162 2340 se
1179 2312 1263 2340 Deus.
1282 2312 1394 2348 Quodsi
1406 2316 1492 2341 extra
1507 2313 1696 2350 disciplinam
1711 2314 1788 2348 estis,
1804 2314 1890 2343 euius

1039 2359 1199 2396 participes
1223 2358 1298 2396 faeti
1317 2363 1386 2388 sunt
1414 2368 1526 2394 omnes,
1548 2369 1616 2397 erqo
1636 2360 1767 2390 adulteri
1786 2365 1810 2389 et
1831 2370 1890 2390 non

1039 2406 1096 2443 filii
1115 2406 1190 2435 estis.
1206 2423 1245 2427 -
1259 2407 1297 2435 De
1312 2407 1422 2444 quinto,
1438 2407 1659 2436 Ecclesiasticus:
1682 2407 1753 2436 Filii
1773 2409 1889 2445 sapien·
1910 2416 1962 2439 item.
1977 2417 2024 2444 eoa-

1041 2454 1107 2487 tiae,
1129 2453 1247 2482 ecclesia
1268 2454 1433 2488 iustorum,
1455 2457 1479 2482 et
1500 2454 1581 2482 natio
1602 2454 1738 2489 illorum,
1760 2455 1889 2484 obedien·
1904 2440 2027 2483 fgffl'ffiassn

1916 2488 2014 2506 mandatis.

1041 2500 1082 2528 tia
1110 2504 1134 2528 et
1161 2500 1291 2534 dilectio;
1320 2501 1365 2530 liic
1393 2501 1465 2530 enim
1494 2501 1702 2538 coniunguntur
1726 2510 1798 2539 quae
1824 2506 1889 2531 sunt

1041 2547 1097 2576 veri
1120 2550 1203 2576 testes
1224 2547 1286 2576 fidei
1309 2548 1495 2576 consessionis.
1518 2548 1543 2576 Si
1566 2548 1638 2577 enim
1659 2548 1719 2577 fidei
1736 2557 1765 2578 es
1780 2549 1889 2578 Confes-

1041 2602 1137 2623 sorum
1158 2603 1223 2629 ore,
1239 2598 1363 2632 oportet,
1386 2598 1417 2623 ut
1439 2595 1540 2624 habeas
1554 2595 1727 2624 dilectionem
1749 2596 1776 2624 in
1792 2597 1888 2630 eorde,

201 2776 207 2788 ²
226 2777 270 2800 Csr.
288 2779 382 2805 Bonav.,
399 2777 476 2801 Collat.
494 2779 516 2800 in
534 2778 643 2801 Rex-acm.
658 2779 731 2801 collat.
749 2780 786 2801 21.
804 2786 826 2801 n.
843 2780 881 2802 32.
903 2780 939 2802 33.
962 2782 984 2802 et

138 2817 212 2839 collat.
228 2817 266 2839 22.
286 2823 307 2839 n.
325 2816 362 2839 24.
379 2823 443 2845 seqq.
461 2829 492 2834 —
509 2817 617 2846 Sequitur
635 2819 669 2840 ΡΒ.
688 2818 745 2845 1149,
763 2819 785 2840 5.

200 2855 209 2868 ⁴³
228 2856 296 2878 Exod.
308 2856 345 2883 30,
359 2856 400 2883 30,
412 2859 540 2884 sequuntur
553 2856 568 2878 Ι.
581 2856 640 2878 Petr.
652 2857 673 2884 2,
686 2856 707 2878 9.
719 2860 741 2879 et
753 2858 855 2884 sophon.
867 2858 888 2884 3,
902 2857 921 2879 4.
934 2863 984 2886 seq.

201 2894 210 2907 ⁵
227 2894 281 2922 Cap.
300 2895 337 2921 21,
355 2895 377 2917 2.
397 2895 483 2917 Deinde
500 2895 621 2922 respicitur
639 2895 699 2917 loan.
718 2896 742 2923 3,
760 2896 798 2918 34.

200 2933 210 2946 ⁴
228 2934 309 2956 Psalin.
327 2934 365 2960 28,
387 2935 409 2961 1;
427 2936 556 2962 sequuntur
573 2934 623 2956 Mal.
642 2935 662 2961 l,
680 2935 703 2956 6.
720 2937 741 2957 et
757 2935 812 2957 Luc,
831 2935 851 2963 ri,
868 2936 907 2958 73.

201 2972 210 2985 ⁵
227 2973 356 3000 Respicitur
375 2973 433 2995 loan.
451 2973 473 3000 8,
490 2973 533 3000 39;
551 2976 678 3001 sequuntur
691 2973 739 2995 lsai.
758 2974 812 3001 ’1,2.
824 2976 846 2996 ct
858 2975 913 3002 Epli.
927 2974 947 3002 5,
961 2975 982 2996 8.

1104 2778 1113 2791 ὓ
1131 2779 1187 2807 Cap.
1203 2779 1225 2807 7,
1243 2780 1286 2806 27;
1303 2782 1432 2808 sequuntur
1451 2779 1489 2802 lob
1507 2780 1543 2808 30,
1562 2780 1582 2801 8.
1600 2780 1622 2802 7.
1640 2783 1662 2802 et
1679 2780 1768 2802 Bai-ucri
1786 2780 1808 2807 3,
1826 2780 1864 2802 23.

1104 2817 1112 2830 ⁷
1130 2819 1187 2845 Eph.
1200 2818 1222 2845 5,
1240 2819 1257 2839 1.
1269 2824 1332 2846 seq.;
1345 2821 1472 2847 sequuntur
1485 2819 1561 2840 Matili.
1571 2819 1592 2847 5,
1603 2818 1639 2840 44.
1651 2824 1698 2847 seq.
1711 2822 1733 2841 et
1745 2819 1801 2846 Eph.
1814 2820 1835 2845 ⁴2,
1853 2819 1887 2841 19.

1103 2855 1112 2868 ⁸
1130 2857 1187 2884 Epli.
1206 2858 1230 2883 3,
1252 2857 1290 2882 17;
1307 2857 1412 2885 sequitur
1430 2857 1479 2879 lsai.
1497 2858 1538 2884 30,
1559 2858 1576 2879 1.
1594 2864 1642 2886 seq.

1103 2894 1112 2907 ⁹
1130 2896 1195 2918 Rom.
1214 2896 1235 2923 ὃ,
1254 2896 1278 2923 3;
1300 2898 1429 2924 sequuntur
1452 2897 1486 2918 Ps.
1510 2896 1547 2924 67,
1573 2896 1611 2918 36.
1633 2900 1655 2919 et
1680 2897 1784 2925 Gregor„
1802 2897 1886 2919 XXXl.

1041 2935 1118 2957 Moral.
1135 2941 1155 2956 c.
1173 2935 1210 2956 32.
1227 2941 1250 2956 n.
1268 2935 1305 2956 68.

1103 2973 1122 2986 ¹⁰
1140 2973 1209 2996 llebr.
1225 2974 1258 2999 it,
1271 2974 1307 2996 36.
1325 2979 1386 3002 seq.;
1398 2977 1528 3002 sequuntur
1539 2980 1558 2996 c.
1572 2974 1608 3002 12,
1620 2974 1643 2997 7.
1654 2980 1702 3003 seq.
1715 2977 1737 2997 et
1749 2975 1816 2998 Eccli.
1828 2976 1850 3002 3,
1865 2976 1885 2998 1.

1918 821 1970 843 Item,
1985 822 2029 840 Pro-

1910 845 2009 868 phetarum
2022 846 2041 864 iu

1912 868 2033 892 speculando.

1911 1195 1963 1217 Item,
1980 1196 2029 1218 Apo-

1911 1220 2001 1237 stolorum
2014 1220 2033 1237 in

1924 1242 2015 1261 docendo.

1913 1946 1964 1967 item,
1980 1947 2027 1965 Mai·-

1905 1972 1965 1993 tyrum
1979 1971 1997 1989 in
2011 1973 2038 1989 to-

1908 1993 1985 2012 lerando
1998 1995 2030 2013 ad-

1939 2022 2000 2036 versa.
