2243 3348
385 180 439 208 6⁹26
1054 176 1227 205 SERMONES
1248 176 1291 204 DE
1313 176 1454 205 SANCTlS.

384 257 444 286 felle
464 257 551 285 linivit
571 256 665 285 oculos
686 263 751 284 suos
773 256 884 287 Petrus,
907 254 958 282 hoc
983 256 1024 282 est
1044 253 1228 282 amaritudine

383 304 569 336 contritionis,
585 303 703 340 quando,
720 303 807 330 Lucae
822 301 952 337 vigesimo
967 300 1087 328 secundo
1100 301 1118 333 ¹,
1134 307 1227 336 09105-

382 358 434 378 sus
448 349 543 387 foras,
559 350 666 377 Peli-us
680 347 756 384 flevit
777 355 888 375 amare.
907 347 959 374 Hoc
980 346 1042 374 felle
1058 345 1126 373 liniti
1149 347 1228 373 erant

382 397 452 425 001111
475 396 662 432 Magdalenae,
684 402 754 431 quae
783 394 858 422 flevit
886 392 1072 425 amarissime,
1101 394 1127 419 et
1155 391 1226 419 oculi

382 443 451 471 beati
474 442 624 475 Francisci‚
647 441 692 478 qui
716 443 822 468 tantum
846 440 929 472 lle-vit,
952 439 1025 475 quod
1047 438 1142 466 oculos
1164 445 1226 474 per-

380 489 455 517 didit.
480 489 530 517 lsto
551 488 664 524 collyrio
685 487 851 523 inungamus
872 486 967 514 oculos
982 488 1113 518 nostros,
1135 487 1166 512 ut
1187 484 1227 512 vi-

380 534 501 563 deamus.

458 581 582 610 Secundo
611 580 729 616 0300301
757 579 854 607 eduxit
885 579 918 606 de
949 578 1085 606 seruitute
1117 576 1228 605 diaboli

244 644 271 662 no
284 641 365 661 secunao
381 627 570 665 persuadendo
593 626 670 655 nobis
703 626 861 654 memoriam
894 624 1027 661 passionis
1052 624 1170 657 Christi;
1200 624 1226 652 in

235 666 368 712 adactas

235 713 310 731 Christi.

382 676 462 704 cuius
484 675 572 711 figura
586 674 689 701 dictum
712 676 753 701 est
775 672 875 700 Tobiae
897 675 976 700 sexto
991 671 1018 698 2:
1039 670 1142 699 Coralis
1164 670 1227 698 eius

376 721 560 758 particulam
581 721 608 748 si
627 728 716 756 super
744 718 883 747 carbones
902 726 1013 754 ponae,
1035 716 1139 754 sumus
1164 717 1226 746 eius

378 769 503 796 exn-[eat
523 776 605 795 0111110
624 774 716 803 penus
744 765 975 793 daemoniorum.
999 765 1105 793 Dicitur
1126 764 1226 793 Tobiae

378 819 489 848 octavo,
512 814 586 851 quod
613 813 710 850 posuit
738 812 842 840 'l'obias
870 812 1033 848 particulam
1062 811 1153 840 cordis
1175 819 1226 839 su-

376 871 429 900 per
449 861 605 894 σαι-1101103,
628 863 654 888 01
676 859 794 896 Raphael
825 858 957 895 1011911011
978 858 1165 886 daemonium
1194 858 1226 886 in

377 910 486 938 deserto
506 907 670 944 superioris
692 906 823 944 Acgyypli.
844 905 914 942 Quid
937 909 978 933 est
994 906 1065 933 hoc?
1086 905 1143 933 Non
1167 908 1225 942 pot-

378 959 437 985 erat
458 955 576 991 Raphael
592 954 709 990 religare
723 953 911 985 daemonium,
934 952 984 980 nisi
1006 956 1164 988 poneretur
1178 959 1225 980 001

376 1011 465 1040 super
479 1000 639 1030 carbones?
654 1000 783 1036 Nunquid
799 1008 846 1027 cor
862 999 943 1036 piscis
957 999 1040 1027 dabat
1054 999 1154 1036 Angelo
1170 1002 1225 1027 tan<

378 1054 432 1078 tam
455 1049 605 1077 virtutem?
627 1048 815 1083 Nequaquam,
831 1046 898 1074 1111111
920 1049 1025 1083 005501,
1041 1046 1091 1074 0151
1115 1046 1150 1074 101
1166 1054 1224 1082 my-

377 1097 492 1125 sterium
507 1099 586 1124 esset.
610 1095 637 1122 10
661 1095 712 1122 000
727 1094 798 1122 00101
821 1093 900 1121 00015
914 1093 997 1121 datur
1012 1093 1135 1130 intelligi,
1151 1093 1224 1130 quod

375 1143 443 1172 nihil
465 1146 520 1176 est,
543 1141 616 1179 quod
639 1141 674 1169 ita
697 1148 746 1169 nos
768 1140 960 1169 11001011101110
981 1148 996 1168 a
1018 1140 1151 1169 servitute
1167 1140 1224 1168 dia-

376 1191 429 1219 boli
452 1190 524 1218 sicut
552 1188 641 1226 passio
670 1188 788 1221 Christi,
809 1195 880 1224 quae
909 1187 1043 1224 processit
1071 1195 1105 1215 ex
1133 1186 1224 1215 radice

375 1236 465 1265 cordis
483 1236 540 1264 sive
555 1235 685 1264 caritatis.
702 1234 754 1262 Cor
768 1234 841 1262 enim
857 1234 918 1262 fons
932 1237 973 1262 est
995 1233 1094 1262 caloris
1109 1236 1224 1262 cunctae

377 1284 454 1312 vitae.
477 1283 501 1311 Si
525 1290 590 1319 ergo
612 1290 659 1310 cor
681 1281 798 1315 Christi,
821 1281 873 1309 000
894 1283 936 1309 051
957 1281 1124 1317 0355100010,
1140 1288 1223 1317 quam

375 1330 521 1363 sustinuit,
544 1328 738 1366 procedentem
766 1336 803 1356 ex
832 1327 923 1356 radice
952 1327 1074 1356 caritatis
1102 1330 1129 1355 et
1150 1327 1224 1355 fonte

374 1377 487 1410 caloris,
509 1384 595 1413 ponas
616 1383 700 1412 super
715 1375 864 1408 carbones,
888 1375 939 1403 hoc
953 1378 1094 1411 05150001
1116 1374 1224 1402 inflam—

374 1428 473 1453 matam
497 1423 674 1456 memoriani;
697 1422 788 1450 statim
804 1422 919 1450 daemon
935 1421 1107 1458 religabitur,
1129 1421 1223 1450 011101

374 1479 472 1500 000010
500 1479 553 1499 000
576 1470 669 1507 possit.
699 1469 773 1498 Unde
802 1469 840 1497 sic
868 1469 1002 1505 scriptum
1025 1472 1066 1497 est
1088 1469 1114 1496 in
1137 1468 1222 1496 Exodi

374 1518 550 1551 duodecimo,
583 1516 656 1554 quod
687 1516 824 1545 debebant
853 1523 954 1552 ponere
983 1515 1072 1543 ludaei
1099 1514 1133 1543 de
1162 1522 1223 1543 san-

374 1567 456 1603 guine
470 1565 531 1602 agni
548 1565 579 1593 in
593 1563 820 1601 superliminari
840 1567 864 1591 et
885 1571 975 1599 super
993 1566 1152 1600 utrumque
1170 1570 1222 1599 po-

373 1617 463 1645 sle›n;
482 1613 508 1640 in
524 1620 580 1649 quo
594 1614 654 1640 erat
670 1614 752 1647 typus
773 1610 880 1643 crucis;
897 1609 969 1646 quod
988 1609 1109 1638 videntes
1128 1609 1223 1646 Angeli

373 1659 614 1692 exterminatores,
636 1658 701 1686 illuc
726 1665 780 1685 non
802 1657 941 1685 audebant
959 1657 1098 1685 accedere.
1116 1657 1223 1685 Poterat

373 1706 483 1743 quidem
506 1706 563 1734 sine
585 1705 718 1742 sanguine
749 1704 897 1733 daemones
918 1704 1031 1741 fugare,
1053 1704 1100 1732 sed
1128 1703 1222 1732 decre-

374 1756 451 1781 verat
472 1760 521 1781 nos
542 1752 649 1780 salvare
670 1759 720 1788 per
740 1751 894 1788 passionem
910 1754 937 1779 et
951 1750 1111 1787 sanguinem
1128 1757 1221 1778 suum.

374 1800 472 1828 Baculo
497 1800 570 1828 001111
595 1798 696 1827 Christi
721 1798 867 1827 daemones
892 1797 1040 1834 rogantum
1066 1797 1148 1825 Isaiae
1173 1797 1221 1824 tri-

373 1847 512 1884 005110οἣ
536 1846 582 1874 Aa
603 1854 699 1874 vocem
720 1845 783 1873 etus
804 1844 912 1873 timebit
930 1846 1036 1878 Assur,
1052 1844 1140 1881 virya
1154 1851 1221 1880 per-

372 1902 484 1922 cussus.

452 1940 615 1976 Exemplum
647 1939 732 1977 sancti
767 1938 927 1967 Εο101001114
958 1938 1001 1966 vel
1033 1937 1160 1965 Hamonis
1188 1937 1221 1965 de

240 1998 354 2022 mmmm.
373 1987 537 2016 Pontiniaco.
560 1986 676 2015 Multum
698 1989 759 2014 erat
779 1989 907 2014 assuetus
922 1985 949 2013 in
971 1985 1094 2013 oratione
1109 1988 1136 2013 et
1157 1992 1221 2013 0011-

372 2037 499 2063 sueverat
521 2033 654 2062 reducere
668 2033 701 2061 ad
717 2033 877 2061 memoriam
892 2032 1018 2060 devotam
1040 2031 1163 2068 qualibet
1178 2031 1221 2059 die

373 2081 526 2117 passionem
542 2080 717 2108 dominicam.
734 2079 834 2108 Accidit
849 2078 968 2115 quadam
983 2078 1042 2112 die,
1058 2078 1131 2115 quod
1147 2077 1221 2106 istud

373 2127 557 2163 praetermisit
579 2129 606 2155 01
629 2125 740 2154 tradidit
754 2125 893 2154 oblivioni.
916 2125 943 2153 In
965 2128 1054 2159 00010,
1076 2132 1140 2153 0010
1161 2127 1221 2153 0131

372 2174 399 2201 in
422 2173 506 2207 lecto,
529 2173 603 2201 venit
623 2172 749 2201 diabolus
763 2175 791 2201 et
811 2172 849 2200 113
862 2171 1037 2209 opprimebat
1057 2179 1131 2205 eum,
1147 2170 1219 2208 quod

372 2228 425 2248 000
442 2224 548 2257 0010131
563 2228 592 2248 50
613 2227 725 2248 movere
747 2227 797 2248 000
818 2226 847 2247 50
862 2219 979 2255 signare.
996 2218 1116 2246 Tandem
1132 2217 1221 2254 coepit

373 2268 491 2304 cogitare
513 2267 546 2296 de
568 2267 693 2304 passione
713 2267 826 2300 devote,
848 2269 875 2294 et
896 2265 987 2294 statim
1007 2265 1133 2293 diabolus
1154 2272 1220 2300 sup—

373 2315 478 2351 positus
499 2318 555 2348 est,
584 2315 621 2342 ita
642 2314 714 2351 quod
738 2314 827 2350 potuit
848 2321 911 2341 eum
934 2312 1119 2349 suppeditare.
1143 2312 1220 2340 Tunc

373 2361 442 2389 dixit
470 2361 493 2389 ei
522 2361 652 2390 Sanctus:
681 2361 783 2389 Adiuro
812 2364 837 2389 te
862 2368 911 2397 per
939 2359 1126 2396 aspersionem
1158 2366 1220 2386 san—

373 2408 463 2444 guinis
484 2408 589 2436 Domini
612 2408 698 2436 nostri
721 2408 780 2436 lesu
802 2407 919 2440 Christi,
942 2410 973 2434 ut
995 2410 1025 2434 tu
1046 2405 1121 2434 dicas
1143 2405 1219 2438 mihi,

374 2455 401 2482 in
423 2463 477 2491 quo
493 2455 590 2483 melius
612 2459 688 2491 potes
703 2454 792 2491 fugari
808 2458 835 2483 et
850 2453 1036 2490 suppeditari,
1057 2452 1168 2489 quando
1189 2455 1219 2480 tu

375 2501 450 2528 venis
461 2501 493 2529 ad
510 2509 563 2535 me,
579 2502 620 2529 vel
636 2501 668 2529 ad
684 2501 785 2533 alium;
801 2501 847 2537 qui
865 2499 1021 2537 respondit:
1034 2499 1089 2527 Non
1107 2506 1219 2535 possum
1247 2519 1248 2527 i

374 2547 471 2575 melius
493 2548 580 2584 fugari
603 2556 651 2576 nec
674 2548 778 2577 devinci
795 2555 878 2585 quam
894 2555 944 2584 per
959 2546 1036 2580 illud,
1052 2554 1101 2583 per
1116 2545 1188 2582 quod
1204 2553 1220 2573 a

375 2597 400 2622 10
421 2594 546 2622 devictus
573 2603 648 2628 sum,
670 2603 719 2631 per
747 2595 873 2623 devotam
903 2594 1062 2623 memoriam
1086 2592 1220 2629 passionis

374 2641 483 2669 Christi.
504 2641 532 2669 Et
552 2641 647 2670 beatus
662 2642 822 2671 Franciscus
837 2642 874 2670 ita
890 2642 978 2670 vivam
995 2641 1155 2669 memoriam
1170 2640 1220 2668 ba—

389 2795 392 2797 .
437 2778 443 2790 ¹
464 2779 527 2801 Yers.
551 2779 588 2801 62.
613 2792 639 2794 —
664 2780 695 2801 De
718 2780 740 2801 S.
758 2780 878 2802 Francisco
899 2781 940 2802 cfr.
963 2780 1068 2807 Legenda
1090 2780 1216 2801 3131101111.

374 2823 424 2844 cap.
443 2818 464 2839 9.
482 2824 502 2839 11.
522 2819 542 2839 2.
560 2822 581 2840 01
599 2819 705 2846 Legenda
725 2819 805 2846 minor,
823 2819 852 2841 de
869 2819 974 2841 Transitu
994 2819 1084 2846 mortis,
1102 2819 1152 2840 lect.
1171 2818 1191 2840 4.

437 2855 444 2868 2
465 2857 528 2879 Vei-s.
547 2858 570 2884 8;
589 2861 717 2885 sequuntur
735 2864 754 2880 c.
772 2859 796 2884 3,
814 2859 836 2879 ⁴2.
854 2864 901 2886 seq.
920 2862 941 2880 et
958 2858 1027 2880 Exod.
1050 2859 1088 2885 12,
1105 2858 1127 2879 7.
1151 2858 1183 2879 13.

437 2894 445 2907 ³
464 2896 527 2917 Vers.
547 2897 587 2919 31:
605 2897 714 2924 Vulgata:
734 2899 751 2919 A
772 2903 825 2920 rece
842 2897 938 2919 Domini
950 2896 1044 2926 parebit
1061 2898 1144 2920 Assur.

437 2934 445 2945 ⁴
464 2934 495 2956 De
512 2935 555 2956 hoc
572 2936 676 2963 exemplo
694 2936 746 2957 vide
765 2936 840 2957 Vitam
860 2936 881 2958 S.
899 2936 1014 2958 Ediuundi
1032 2936 1094 2964 apud
1113 2936 1218 2962 Surium,

375 2973 412 2995 die
433 2974 457 2994 ie
477 2974 532 2995 Nox:
550 2973 562 3001 ζ.
580 2974 600 2995 3.

1284 254 1365 282 00031
1386 253 1487 289 iugiter
1508 253 1541 282 de
1563 253 1688 290 passione
1709 254 1820 288 Christi,
1842 254 1879 283 ita
1893 255 1966 291 quod
1986 255 2130 284 videbatur

1284 299 1350 333 5101,
1373 300 1446 336 quod
1469 299 1574 328 videret
1595 300 1685 336 ipsum
1707 300 1889 329 Crucifixum.

1362 346 1455 374 Tertio
1476 346 1576 375 liberat
1595 354 1646 375 005
1676 355 1692 375 3
1720 348 1926 376 contrarietate
1948 348 2014 381 Dei,
2046 356 2129 385 quam
2143 357 2169 377 na
2179 360 2231 386 111111

2156 385 2242 434 tata.

1284 392 1454 420 incurrimus
1475 400 1524 429 per
1545 393 1677 421 offensam
1699 393 1759 427 Dei,
1781 397 1806 422 01
1830 394 1881 422 1100
1902 394 2057 423 inducendo
2081 381 2155 424 nosd

1283 437 1316 466 ad
1338 438 1495 467 instantiam
1518 439 1665 473 orationis;
1694 442 1721 467 et
1746 440 1798 468 hoc
1819 444 1860 468 est
1888 440 1961 477 quod
1987 441 2058 469 dixit
2079 442 2131 470 An-

1283 484 1362 520 gelus
1381 484 1499 521 Raphael
1514 485 1627 519 Tobiae,
1649 485 1811 514 duodecimo
1825 486 1852 514 ⁵:
1877 486 2001 522 Quando
2022 486 2131 516 orabas

1283 539 1349 559 cum
1372 530 1524 568 lacrymis,
1539 540 1589 568 090
1611 531 1702 560 obtuli
1721 533 1880 561 orationem
1898 537 1980 561 tuam
1999 534 2128 562 Domino.

1283 578 1334 614 lpsi
1356 578 1429 606 enim
1458 578 1636 607 reconciliant
1667 587 1717 606 nos
1742 579 1813 613 Deo,
1838 583 1973 616 quantum
2006 583 2129 617 possunt.

1282 625 1461 653 Accusatores
1482 625 1568 654 nostri
1591 633 1683 654 corani
1701 626 1757 655 Deo
1775 629 1840 655 sunt
1861 626 2008 656 daemones
2016 637 2023 662 ;
2038 628 2129 664 Angeli

1282 674 1374 699 autem
1396 675 1533 700 excusant
1553 680 1618 706 005,
1641 672 1751 709 quando
1772 673 1893 701 offerunt
1923 674 2061 703 orationes
2082 682 2131 702 no-

1282 721 1370 752 stras,
1392 718 1424 746 ad
1447 726 1516 755 quas
1536 719 1634 747 devote
1655 719 1792 748 faciendas
1820 728 1869 748 nos
1890 720 2040 754 inducunt;
2062 721 2130 757 Apo-

1282 765 1400 802 calypsis
1420 769 1532 793 octavo:
1550 766 1685 794 Ascendit
1699 765 1803 803 fumus
1824 771 1992 795 aromatum
2015 767 2046 796 in
2065 776 2130 796 oon-

1281 815 1379 848 speetu
1402 812 1520 840 Domini
1540 813 1574 841 de
1595 821 1686 841 nianu
1710 813 1822 850 Anyeli.
1844 814 1971 842 Aromata
1995 814 2046 843 ista
2067 822 2130 843 sua-

1281 858 1352 887 viter
1374 858 1524 887 redolentia
1539 863 1604 887 51101
1619 860 1758 888 orationes
1773 861 1944 889 Sanctorum.
1961 860 2007 889 Vis
2021 861 2130 897 placare

1282 905 1384 939 Deum,
1397 913 1479 942 quem
1495 906 1650 935 offendisti?
1665 906 1720 935 Ora
1731 907 1837 936 devote.
1857 907 1984 936 Offerunt
1999 908 2054 936 Deo
2068 916 2130 936 ora—

1281 953 1382 981 tionem
1400 956 1491 986 tuam,
1513 956 1544 981 ut
1559 956 1585 981 te
1600 953 1656 982 Deo
1678 954 1864 983 reconcilient.
1880 954 1987 983 Dicitur
2005 954 2032 983 in
2048 955 2130 989 Luca,

1280 999 1354 1035 quod
1383 999 1525 1033 Christus,
1546 999 1646 1037 factus
1674 1000 1705 1028 in
1733 1001 1859 1038 agonia,
1887 1001 2035 1038 prolixius
2061 1010 2130 1030 ora-

1281 1045 1339 1080 bat,
1355 1049 1379 1074 et
1401 1046 1545 1083 apparuit
1566 1047 1695 1084 Angelus
1711 1048 1837 1082 Domini,
1854 1047 2025 1085 confortans
2046 1056 2129 1082 eum,-

1280 1096 1307 1122 et
1320 1093 1371 1121 hoc
1383 1096 1471 1121 totum
1487 1093 1588 1122 factum
1605 1097 1646 1122 est
1658 1097 1772 1131 propter
1787 1102 1851 1127 nos,
1867 1095 1932 1131 quia
1947 1102 2001 1123 non
2013 1094 2130 1131 indiguit

1280 1139 1478 1168 confortatione
1499 1148 1563 1174 sua,
1578 1141 1624 1169 sed
1647 1144 1677 1169 ut
1698 1141 1901 1175 ostenderetur,
1916 1141 1990 1178 quod
2013 1141 2129 1170 libenter

1279 1186 1413 1214 assistunt
1433 1186 1530 1215 devote
1562 1186 1707 1215 orantibus
1728 1190 1755 1215 01
1776 1187 1894 1215 libenter
1916 1187 2011 1215 iuvant
2032 1194 2078 1216 eos
2102 1190 2129 1216 et

1280 1233 1353 1269 ipsos
1374 1232 1529 1261 confortant
1550 1236 1578 1262 et
1597 1234 1736 1262 orationes
1750 1241 1846 1262 00111111
1871 1234 1926 1262 Deo
1946 1234 2075 1263 offerunt.
2099 1234 2129 1262 Et

1280 1279 1439 1316 rogabimus
1454 1280 1551 1314 Deum,
1567 1283 1705 1316 quatenus
1720 1288 1769 1316 per
1784 1280 1946 1317 suffragium
1962 1280 2128 1317 Angelorum

1280 1327 1317 1355 ita
1332 1327 1493 1364 (possimus)
1508 1327 1575 1356 ssere
1590 1330 1617 1355 et
1635 1327 1737 1356 conteri
1754 1335 1805 1364 pro
1820 1327 1947 1364 peccatis,
1962 1327 2000 1356 ita
2013 1327 2129 1356 domini—

1279 1381 1338 1402 cam
1356 1374 1508 1410 passionem
1527 1374 1561 1402 ad
1580 1374 1740 1402 memoriam
1757 1382 1896 1408 revocare,
1912 1374 2046 1403 instanter
2067 1382 2129 1402 ora-

1280 1420 1345 1448 tioni
1359 1428 1465 1454 vacare,
1478 1420 1552 1457 quod
1564 1421 1701 1457 possimus
1712 1420 1834 1449 Creatori
1851 1424 1945 1449 nostro
1957 1421 2126 1449 reconciliari

1280 1467 1306 1495 in
1329 1471 1509 1503 perpetuum,
1532 1467 1604 1504 quod
1627 1467 1706 1496 nobis
1727 1467 1858 1496 concedat
1877 1467 2012 1496 Christus.
2034 1468 2126 1496 Amen.

1617 1561 1753 1590 Coctario
1767 1561 1787 1589 ⁶.

1359 1655 1477 1692 Angelis
1497 1655 1562 1683 suis
1582 1655 1738 1683 ‘mandauit
1758 1655 1792 1683 (le
1813 1659 1847 1688 te,
1869 1658 1900 1683 ut
1921 1654 2088 1683 custodiant
2103 1658 2127 1683 te

1278 1702 1310 1730 in
1331 1702 1466 1730 omnibus
1486 1702 1542 1730 viis
1564 1702 1630 1730 tuis.

1357 1749 1535 1785 (Prothema).
1565 1749 1711 1786 Anyelus,
1740 1749 1792 1787 qui
1822 1748 1993 1786 loquebatur
2021 1748 2052 1777 in
2083 1756 2127 1776 nze

1278 1796 1366 1824 verba
1388 1796 1473 1829 bona,
1495 1795 1584 1824 verba
1605 1796 1812 1830 consolatoria,
1835 1796 1983 1825 Zachariae
2004 1796 2094 1832 primo
2105 1795 2125 1823 ⁷.

1357 1843 1388 1871 Et
1409 1843 1528 1872 ostendit
1542 1843 1578 1871 101
1594 1843 1750 1876 Zacharias,
1765 1842 1838 1880 quod
1854 1843 1971 1871 verbum
1987 1842 2127 1879 praedica—

1278 1890 1360 1919 tionis
1371 1890 1451 1919 debet
1466 1898 1526 1919 esse
1542 1890 1657 1918 verbum
1673 1890 1789 1918 caeleste
1803 1892 1831 1918 et
1845 1893 1981 1927 quantum
1995 1889 2029 1918 ad
2042 1889 2126 1926 prin-

1278 1937 1389 1974 cipium
1411 1945 1524 1966 movens
1544 1940 1572 1965 et
1586 1940 1723 1974 quantum
1738 1937 1772 1965 ad
1786 1936 1891 1974 (inenu
1912 1936 1978 1973 quia
1997 1936 2063 1965 dicit
2077 1936 2127 1965 Za-

1278 1985 1396 2018 charias,
1412 1984 1484 2021 quod
1507 1992 1561 2012 non
1577 1984 1634 2021 ipse
1650 1983 1831 2022 loquebatur,
1847 1983 1894 2012 sed
1908 1983 1982 2012 Deus
1997 1983 2023 2011 in
2039 1991 2084 2017 eo,
2099 1986 2127 2012 et
2163 1999 2166 2006 ·

1278 2031 1350 2068 quod
1366 2031 1455 2059 verba
1470 2031 1545 2059 bona
1560 2035 1585 2059 et
1599 2030 1795 2059 consolatoria
1810 2029 1989 2068 loquebatur.
2012 2029 2126 2066 Quando

1277 2078 1348 2107 enim
1371 2078 1454 2106 homo
1475 2078 1633 2107 consolatur
1647 2078 1681 2106 de
1696 2077 1781 2106 verbo
1802 2077 1910 2111 audito,
1929 2079 2124 2114 argumentum

1277 2128 1327 2159 est,
1349 2124 1423 2161 quod
1445 2124 1569 2161 procedit
1590 2132 1644 2152 non
1659 2124 1693 2152 ab
1715 2124 1839 2158 homine,
1854 2123 1902 2152 sed
1916 2123 2009 2158 aDeo,
2024 2126 2052 2152 et
2072 2123 2125 2152 hoc

1277 2179 1326 2208 per
1342 2171 1525 2199 ministerium
1540 2171 1704 2208 angelicum.
1720 2171 1777 2199 Non
1796 2170 1965 2199 attribuebat
1979 2169 2125 2199 Zacharias

1277 2218 1327 2246 sibi
1341 2213 1467 2246 ‘verbum
1483 2218 1610 2253 (bonum)
1625 2220 1653 2246 et
1674 2217 1902 2251 consolatorium,
1924 2217 1997 2254 quod
2012 2216 2063 2245 sibi
2086 2216 2125 2245 lo-

1277 2265 1426 2302 quebatur,
1438 2264 1485 2293 sed
1497 2265 1607 2301 Angelo‚
1618 2268 1645 2293 et
1656 2264 1801 2301 Apostolus
1814 2264 1984 2292 attribuebat
1999 2263 2127 2300 Spiritui

1277 2315 1387 2340 saneto.
1409 2311 1494 2345 Falsa,
1512 2319 1588 2345 vana,
1610 2311 1718 2339 inutilia
1739 2311 1813 2348 loqui
1830 2318 1978 2347 possumus
1998 2318 2015 2339 a
2035 2310 2123 2344 nobis,

1277 2358 1323 2387 sed
1346 2366 1398 2387 non
1421 2358 1506 2387 verba
1527 2358 1608 2392 bona,
1631 2358 1813 2386 consolatoria
1827 2361 1854 2386 et
1874 2357 1953 2386 utilia
1973 2357 2123 2391 habemus,

1277 2405 1334 2433 sive
1356 2405 1418 2433 boni
1441 2405 1540 2439 simus,
1563 2405 1620 2433 sive
1642 2404 1714 2433 mali.
1737 2404 1838 2433 Accidit
1859 2404 1931 2433 enim
1948 2404 2123 2441 quandoque,

1247 2447 1249 2452 ’
1277 2452 1350 2489 quod
1373 2452 1462 2481 malus
1476 2452 1559 2480 homo
1580 2452 1652 2480 bona
1674 2451 1758 2480 verba
1779 2451 1845 2480 dicit
1865 2454 1892 2480 et
1913 2451 1991 2479 utilia
2012 2454 2038 2480 et
2059 2459 2123 2479 con-

1277 2499 1415 2533 solatoria,
1436 2502 1463 2527 et
1485 2502 1551 2527 tunc
1572 2499 1692 2535 Spiritus
1706 2501 1819 2527 sanctus
1840 2497 1964 2535 loquitur
1979 2505 2028 2534 per
2049 2505 2123 2532 eum,

1276 2546 1348 2575 sicut
1379 2546 1545 2583 loquebatur
1575 2546 1600 2574 in
1629 2545 1747 2582 Caipha,
1776 2545 1822 2582 qui
1852 2552 1906 2573 non
1934 2552 1950 2573 a
1977 2545 2123 2581 semetipso

1277 2593 1385 2621 locutus
1416 2596 1470 2626 est,
1491 2593 1542 2621 sed
1572 2601 1639 2620 cuni
1664 2595 1733 2620 esset
1761 2590 1893 2629 pontifex
1924 2591 1999 2620 anni
2028 2591 2121 2625 illius,

1273 2638 1474 2676 prophetabit,
1504 2640 1610 2668 loannis
1638 2639 1784 2667 undecimo
1798 2638 1817 2667 ⁸.
1840 2638 1970 2667 Similiter
1998 2638 2121 2673 Balaam,

1337 2777 1346 2790 ⁵
1364 2778 1430 2800 Vers.
1452 2779 1490 2804 1⁴2;
1508 2780 1636 2806 sequuntur
1653 2777 1725 2804 Apoc.
1742 2777 1768 2804 8,
1788 2776 1811 2804 4;
1832 2776 1941 2803 Vulgata:
1962 2775 2072 2799 Ascendit
2086 2775 2121 2805 fu·

1274 2823 1328 2840 'mus
1346 2816 1496 2840 incensorum
1515 2816 1542 2839 de
1559 2816 1705 2839 orationibus
1724 2815 1881 2843 Sanctorum,
1899 2814 1927 2837 de
1946 2821 2019 2837 manu
2037 2814 2123 2843 Anyelz·

1275 2862 1356 2879 coram
1374 2856 1433 2883 Deo,
1452 2859 1472 2878 01
1490 2856 1544 2878 Luc.
1563 2856 1604 2882 22,
1623 2855 1659 2877 43.

1338 2893 1348 2906 θ
1364 2896 1386 2917 ln
1405 2895 1485 2917 codice
1503 2894 1600 2917 habetur
1617 2896 1704 2916 tantum
1724 2894 1755 2916 De
1771 2893 1858 2916 eodeni.

1338 2934 1346 2946 ⁷
1365 2935 1431 2956 YerS.
1452 2935 1485 2956 13.
1504 2935 1560 2956 lnsra
1579 2933 1701 2961 respicitur
1718 2934 1733 2955 l.
1750 2933 1801 2955 Cor.
1822 2933 1862 2959 42,
1880 2933 1900 2955 3.

1338 2973 1346 2985 Β
1366 2975 1429 2996 Vers.
1447 2974 1489 3000 5t;
1507 2973 1610 3002 sequitur
1628 2973 1696 2995 Num.
1715 2972 1752 2999 24,
1769 2973 1791 2994 5.
1809 2978 1873 3000 seqq.

2144 1761 2238 1780 Prothema
