2243 3348
60 692 128 711 Sermo.

3 1143 75 1185 {Divisio
79 1159 127 1183 priu-

31 1183 97 1208 cipalis.

58 1535 102 1554 Pars
115 1535 128 1553 l.

5 1722 69 1742 lfluius
80 1728 130 1741 mon-

6 1750 7 1756 *
20 1745 42 1765 tiu
53 1746 63 1764 6
75 1746 130 1773 privi-

47 1770 100 1793 legia.

724 141 882 170 DOMINICA
905 143 921 170 l.
945 143 1128 173 ADVENTUS.
1150 145 1260 174 SERMO
1281 146 1312 174 V.

146 221 308 249 invocamus
322 215 468 248 Dominum
484 220 573 248 lesum
588 219 728 248 Christum
745 219 771 247 in
786 220 930 256 principio,
946 220 994 257 qui

146 270 188 296 est
202 267 280 304 origo
294 266 383 295 omnis
394 274 476 295 verae
490 265 717 294 illuminationis
731 265 764 293 ad
780 265 931 299 scientiam,
946 266 994 303 qui

145 316 187 343 est
201 314 278 350 origo
293 313 383 342 omnis
397 315 489 341 rectae
504 311 726 349 informationis
740 312 774 340 ad
795 312 929 349 gratiam,
946 313 993 349 qui

146 364 187 390 est
207 360 285 397 origo
305 360 395 388 omnis
415 359 574 388 fructuosae
595 359 750 387 locutionis
770 359 803 387 ad
824 359 993 393 doctrinam,

145 411 177 436 ut
197 407 271 444 ipse,
292 407 339 443 qni
362 409 403 435 est
434 406 604 435 divinissima
628 406 718 434 virtus
748 409 775 434 et
805 405 995 434 divinissimus

145 454 273 488 animus,
301 454 348 491 qui
381 454 456 482 solus
487 461 535 482 cor
567 453 721 481 humanum
753 455 785 481 ut
815 460 994 489 superessen-

145 502 246 530 tialiter
268 509 352 530 suave
377 501 453 529 olens
478 500 657 529 delectatione
688 500 808 536 complet
839 499 993 528 secundum

145 548 263 577 eundem
278 548 304 576 in
322 547 509 576 Ecclesiastica
524 547 682 575 Hierarchia
693 547 713 580 ¹,
733 547 791 583 ipse
805 546 851 575 det
866 546 933 574 mihi
949 546 995 574 ali-

145 594 213 632 quid
233 594 325 623 dicere
346 598 373 623 et
395 594 471 623 vobis
492 594 588 622 audire
609 597 660 622 etc.

232 642 334 675 Venite,
355 645 381 669 et
401 641 596 669 ascendamus
618 641 657 669 acl
687 643 811 668 montem
835 640 886 668 Dei
909 645 933 668 et
955 640 995 668 ad

145 689 264 718 domum
282 689 333 716 Dei
347 688 443 721 Iacob,
459 691 485 716 et
498 687 607 716 docebit
628 696 681 716 nos
701 687 767 716 vias
787 695 861 715 suas
882 691 933 716 etc.
957 704 993 707 —

145 735 302 764 Secundum
335 735 530 771 Philosophum
552 734 658 763 decimo
691 734 849 762 Ethicorum
865 734 885 768 2,
910 733 996 762 felici-

145 786 186 811 tas
208 782 327 811 hominis
348 782 471 810 consistit
500 782 528 810 in
550 781 704 818 cognitione
733 781 920 809 maximorum
953 781 994 808 in-

144 829 344 866 telligibilium,
377 832 403 857 et
434 829 586 857 secundum
616 828 690 865 quod
714 828 780 856 dicit
811 828 908 856 heatus
940 828 994 855 Au-

144 876 272 914 gustinus
287 876 314 904 in
336 876 407 904 libro
422 876 636 912 Soliloquiorum
649 875 676 903 ³:
696 875 866 903 «Summum
889 875 992 903 honum

145 924 172 952 in
195 923 306 952 homine
327 926 369 951 est
389 930 499 959 sapere;
521 922 656 958 optimum
678 922 751 950 enim
771 922 797 949 in
821 921 931 950 homine
952 924 994 949 est

146 969 279 1006 sapientia
293 980 321 1002 »;
344 969 404 997 ideo
425 977 478 997 non
512 969 650 997 immerito
681 976 757 996 sacer
787 968 868 997 Isaias
899 971 993 996 sancto

145 1017 265 1054 Spiritus
285 1016 422 1044 afflamine
437 1024 487 1052 pro
510 1019 634 1052 tempore
655 1016 707 1044 isto
727 1015 826 1044 devoto
854 1015 994 1043 Adventus

145 1064 241 1092 invitat
267 1063 391 1092 veritatis
412 1066 550 1091 amatores
571 1066 597 1091 et
619 1062 768 1099 sapientiae
789 1070 871 1091 verae
894 1062 993 1090 zelato-

145 1118 205 1145 res,
226 1118 337 1138 omnem
359 1110 511 1138 litteratum
543 1113 570 1138 et
601 1109 731 1138 clericum
764 1117 795 1137 ac
827 1109 993 1145 Religiosum

143 1157 178 1186 ad
198 1157 249 1186 tria
263 1157 283 1191 4,
305 1157 408 1185 scilicet
429 1157 461 1185 ad
483 1156 614 1184 culmina
635 1156 913 1193 supernaturalium
934 1155 996 1184 vir-

145 1209 258 1239 tutum,
280 1205 332 1233 ihi:
361 1204 454 1232 Venite
474 1207 500 1232 et
520 1204 716 1232 ascendamus
738 1203 778 1231 acl
798 1207 922 1231 montem
940 1203 994 1231 Do-

144 1253 220 1282 mini
228 1263 237 1286 ;
268 1252 300 1281 ad
332 1251 440 1280 solatia
468 1251 725 1288 supercaelestium
753 1251 993 1284 iueunclitatum,

145 1300 198 1329 ihi:
221 1303 246 1328 et
267 1300 307 1328 aa
328 1299 446 1327 (tomum
470 1299 522 1327 Dei
544 1298 647 1331 lacob,·
671 1298 705 1326 ad
720 1297 835 1326 lumina
849 1297 994 1334 spiritua-

146 1347 218 1376 lium
240 1347 402 1380 virtutum,
424 1346 476 1375 ibi:
499 1350 524 1374 et
544 1345 654 1374 docebit
673 1354 727 1374 nos
758 1345 824 1373 vias
844 1353 935 1379 suas;
960 1344 994 1373 ad

145 1393 264 1431 specula
296 1393 484 1431 reyularium
504 1393 714 1427 sanctitatum,
738 1393 789 1421 ihi:
813 1396 838 1421 et
859 1392 994 1421 ambula-

147 1441 242 1469 bimus
264 1441 294 1469 in
315 1441 425 1469 semitis
446 1441 516 1468 eius.

226 1488 243 1515 Ι.
266 1488 405 1524 Quantum
427 1487 461 1515 ad
476 1487 593 1524 primam
610 1491 716 1524 partem
731 1490 811 1521 nota,
827 1486 901 1524 quod
916 1494 995 1515 mons

147 1535 393 1572 supermentaliun]
416 1535 473 1563 sive
494 1535 681 1571 spiritualium
712 1535 849 1563 virtutum
871 1538 912 1563 est
933 1542 995 1563 san-

147 1585 191 1611 cta
212 1582 346 1616 Ecclesia,
368 1582 411 1611 vel
433 1582 551 1619 Religio,
576 1582 616 1610 vel
637 1582 735 1610 devota
756 1582 922 1610 conscientia
937 1581 994 1610 sive

146 1629 252 1663 anima,
274 1629 316 1657 vel
339 1629 398 1665 ipsa
419 1632 513 1657 sancta
544 1629 704 1665 Scriptura,
730 1629 796 1666 quia
817 1629 843 1657 in
865 1629 995 1657 omnibus

147 1676 190 1704 his
211 1679 238 1704 et
259 1676 375 1712 singulis
396 1684 509 1710 eorum,
532 1676 603 1704 sicut
625 1676 650 1704 in
671 1679 763 1705 monte
785 1684 860 1709 vero,
883 1675 994 1704 sublimi

147 1726 174 1752 ct
195 1731 282 1757 sacro,
298 1726 363 1751 sunt
377 1723 411 1751 ad
433 1723 639 1751 similitudinem
657 1723 757 1751 montis
771 1723 921 1751 materialis
935 1722 996 1760 ful-

145 1770 318 1808 fidissimae
348 1770 559 1807 speculationes
589 1770 771 1799 aeternalium
800 1770 994 1807 splendorum,

147 1820 174 1846 et
195 1817 228 1845 de
250 1817 302 1845 hoc
324 1817 498 1853 Apocalypsis
521 1817 652 1854 vigesimo
668 1817 757 1853 primo
769 1817 796 1844 5:
813 1816 937 1845 Sustulit
952 1825 995 1845 me

147 1864 179 1893 in
199 1864 308 1901 spiritu
330 1864 360 1892 in
391 1868 515 1892 montem
545 1872 686 1901 maynum
715 1868 740 1892 et
761 1864 865 1898 altum,
887 1867 914 1892 et
940 1863 995 1892 vidi

147 1910 308 1939 Jerusalem
330 1909 476 1939 liabentem
494 1910 657 1939 claritatem
677 1911 728 1939 Dei
734 1921 744 1944 ;
760 1910 845 1939 Exodi
862 1911 995 1948 vigesimo

146 1958 286 1995 quartoss:
309 1958 566 1996 Ascencleruntque
588 1958 698 1996 Moyses
712 1963 736 1986 ei
759 1959 863 1986 Aaron
884 1961 953 1991 etc.;
969 1960 996 1986 et

146 2005 332 2033 Nnmerorum
353 2005 485 2041 vigesimo
507 2005 623 2041 septimo
635 2005 661 2033 ⁷:
678 2005 806 2033 Ascende
825 2005 856 2033 in
870 2009 995 2033 montem

146 2052 235 2080 istum
258 2052 384 2080 Abarim
405 2055 430 2080 et
451 2052 645 2088 contemplare
666 2052 732 2080 inde
761 2055 872 2080 terram
891 2055 941 2081 etc.
958 2067 994 2073 —

147 2099 377 2127 Ferviclissimae
388 2099 600 2127 irradiationes
611 2099 771 2127 subilmium
784 2099 995 2133 desideriorum,

148 2149 176 2174 et
196 2145 229 2174 de
250 2146 303 2174 hoc
325 2146 405 2182 primi
428 2146 657 2174 Machabaeorum
680 2146 797 2174 sextoss:
814 2145 939 2183 Refhilsit
953 2146 997 2174 sol

147 2193 179 2221 in
201 2193 315 2231 clypeos
338 2201 445 2221 aureos
466 2197 492 2221 et
518 2201 634 2227 aereos,
656 2193 897 2230 resplenduerunt
918 2202 997 2221 mon-

148 2244 187 2268 tes
210 2240 246 2268 ab
261 2240 319 2273 eis;
334 2249 368 2268 ea·
383 2240 423 2269 eis
443 2240 566 2277 flamma
588 2249 711 2268 accensa
733 2244 774 2268 est
797 2244 865 2274 etc.;
890 2241 924 2269 ad
946 2241 996 2269 He-

146 2287 244 2316 braeos
265 2287 465 2316 duodecim09:
489 2288 659 2316 Accessistis
681 2288 721 2315 (ul
742 2288 812 2316 Sion
827 2292 950 2316 montem
972 2292 997 2316 et

146 2334 292 2363 civitatem
316 2335 367 2363 Dei
386 2335 523 2368 viventis,
546 2334 708 2363 Ierusalem
729 2335 876 2363 caelestem
891 2338 941 2364 etc.
958 2352 995 2355 -

147 2381 359 2410 Securissimae
380 2382 546 2410 mansiones
568 2382 739 2410 tendentium
762 2382 905 2416 mentium,
920 2384 948 2411 et
962 2382 995 2411 de

1855 153 1888 181 31

1052 221 1103 250 hoc
1125 222 1207 251 Isaiae
1229 223 1349 252 secundo
1366 224 1403 252 ¹⁰:
1427 225 1492 253 Erit
1511 231 1710 263 praeparatus
1732 236 1813 257 mons
1845 230 1893 258 do-

1051 276 1118 296 mas
1141 268 1260 297 Domini
1280 269 1311 297 in
1332 270 1436 298 vertice
1456 273 1599 300 montium
1620 276 1645 301 et
1665 273 1822 303 elevabitur
1843 284 1894 303 su-

1051 322 1103 350 per
1118 314 1210 348 eolles,
1226 319 1250 343 et
1265 315 1354 351 fluent
1369 317 1409 345 ad
1423 326 1488 345 eum
1509 326 1606 347 omnes
1619 324 1731 356 yentes;
1747 320 1830 349 Exodi
1846 321 1894 350 de-

1051 361 1122 389 cimo
1143 362 1240 397 quinto
1253 363 1290 390 ¹¹:
1308 363 1476 392 Introduces
1490 373 1535 393 eos
1549 369 1575 393 et
1587 366 1734 402 plantabis
1750 367 1780 395 in
1801 371 1895 396 monte

1051 405 1220 435 hereditatis
1242 412 1322 442 tuae,
1343 409 1515 445 firmissimo
1537 410 1702 441 habitaculo
1724 417 1790 447 tuo,
1818 415 1895 451 quod

1052 458 1192 489 operatus
1213 463 1255 489 eS,
1274 456 1410 490 Domine;
1424 459 1632 486 sanctuarium
1648 464 1747 493 tuum,
1765 461 1893 495 Domine,

1050 501 1128 538 quod
1147 500 1344 536 firmaverunt
1375 512 1482 532 manus
1504 509 1591 538 taae;
1613 506 1750 535 Psalmus:
1774 508 1894 535 Funda-

1052 551 1148 575 menta
1179 548 1242 576 eius
1273 549 1304 577 in
1329 550 1475 579 montibus
1495 552 1613 580 sanctis.
1635 569 1674 572 —
1695 553 1895 582 Retlolentissi-

1051 602 1116 622 mae
1135 594 1342 631 pullulationes
1363 597 1564 626 aedificantium
1587 599 1739 634 actionum,
1754 603 1780 628 et
1795 600 1827 628 de
1842 601 1895 629 hoc

1051 640 1226 669 Canticorum
1250 642 1347 670 ultimo
1361 643 1398 670 ¹2:
1422 644 1512 681 Fuye,
1534 644 1630 673 dilecte
1651 646 1708 679 mi,
1730 650 1755 674 et
1776 647 1894 675 assimi-

1051 687 1114 715 lare
1135 695 1260 724 cupreae
1290 687 1466 727 hinnuloque
1494 699 1647 719 cervorum
1677 701 1766 729 super
1786 697 1895 722 montes

1052 738 1240 768 aromatum,·
1257 735 1405 764 Ezechielis
1426 737 1567 773 trigesimo
1588 742 1702 774 quarto:
1719 740 1754 767 ln
1772 740 1894 776 pascuis

1050 781 1210 809 uberrimis
1221 790 1346 818 pascam
1358 791 1417 816 eas,
1429 787 1453 811 et
1468 783 1499 811 in
1513 784 1659 813 montibus
1672 785 1789 813 excelsis
1804 786 1895 815 lsrael

1050 832 1137 856 erunt
1154 837 1271 865 pascua
1292 837 1414 863 earum;
1435 830 1477 858 ibi
1496 831 1670 867 requiescent
1693 833 1722 860 in
1743 832 1838 861 lierbis
1852 834 1894 861 vi-

1051 875 1181 903 rentibus
1202 879 1228 903 et
1248 875 1278 903 in
1297 876 1421 912 pascuis
1444 877 1606 914 pinyuibus
1628 882 1787 914 pascentur
1806 888 1895 915 super

1050 925 1158 950 montes
1182 922 1281 950 Israel.
1299 939 1333 942 —
1356 923 1617 960 Freqzienn'.s·stmae
1636 925 1829 954 irrorationes
1849 934 1896 954 su-

1049 969 1270 1006 pervenientium
1291 970 1460 1006 gratiarum3
1481 970 1654 999 Psaimusff:
1678 971 1790 1008 Riqans
1814 981 1896 1000 mon-

1051 1018 1090 1043 tes
1111 1016 1145 1043 (le
1165 1016 1370 1052 superioribus
1390 1017 1471 1050 suis,
1493 1017 1527 1045 cle
1552 1017 1654 1054 fructu
1683 1027 1804 1055 operum
1834 1023 1896 1047 tuo-

1050 1071 1119 1091 rum
1140 1062 1303 1091 satiabitur
1324 1067 1414 1091 terra.
1437 1079 1475 1083 —-
1498 1065 1727 1093 Amoenissimae
1741 1066 1896 1094 recreatio-

1049 1118 1099 1137 nes
1120 1109 1296 1138 deiformium
1318 1110 1509 1145 affectionum
1540 1111 1584 1139 lob
1613 1112 1753 1148 trigesimo
1773 1113 1895 1141 nouom:

1053 1156 1258 1193 Circumspicit
1279 1161 1388 1185 montes
1400 1166 1532 1194 pascuae
1545 1167 1618 1186 suae
1632 1163 1656 1186 et
1672 1159 1796 1187 uirentia
1810 1168 1897 1197 quae-

1051 1212 1105 1241 que
1122 1204 1280 1241 perquirit.

1129 1251 1166 1279 Ad
1189 1252 1263 1279 hunc
1285 1255 1405 1280 montem
1427 1252 1630 1280 ascendendum
1654 1256 1694 1281 est
1713 1261 1762 1289 per
1777 1257 1898 1281 contem-

1049 1302 1133 1336 ptum
1155 1299 1296 1327 mutitatis
1312 1299 1500 1332 mundanae,-
1523 1299 1645 1328 Psalmus
1657 1300 1696 1327 ¹⁵:
1714 1300 1785 1335 Quis
1799 1309 1897 1328 ascen-

1050 1346 1097 1374 ctet
1110 1346 1142 1374 in
1155 1349 1280 1374 montem
1294 1346 1420 1379 Domini,
1437 1350 1491 1374 aut
1501 1346 1568 1384 quis
1582 1346 1668 1374 stabit
1686 1347 1716 1375 in
1729 1347 1788 1375 loco
1798 1350 1898 1375 sancto

1051 1392 1135 1420 eius?
1158 1393 1298 1420 Innocens
1319 1392 1457 1421 manibus
1478 1396 1504 1421 et
1535 1393 1644 1421 mundo
1675 1394 1760 1421 corde
1788 1397 1838 1422 etc.
1861 1410 1899 1414 —

1052 1439 1101 1468 Per
1123 1439 1255 1468 habitum
1284 1438 1441 1468 honestatis
1467 1440 1659 1476 praectarum
1687 1440 1769 1477 primi
1792 1441 1899 1469 Macha-

1050 1487 1183 1515 baeorum
1195 1490 1296 1523 quarto
1310 1487 1347 1514 16;
1365 1487 1567 1515 Ascenaamus
1581 1495 1660 1515 ‘minc
1674 1488 1819 1515 mundare
1833 1496 1898 1516 san-

1051 1538 1098 1562 cta
1119 1537 1144 1562 et
1164 1542 1315 1562 renouare.
1339 1549 1377 1553 -
1400 1534 1449 1562 Per
1470 1534 1602 1562 studium
1630 1534 1747 1571 pietatis
1767 1534 1898 1562 ecclesia-

1050 1582 1154 1614 stieae,·
1171 1581 1251 1617 primi
1268 1581 1372 1618 Regum
1393 1581 1499 1609 decimo
1520 1584 1621 1618 quarto
1634 1582 1671 1609 ¹⁷:
1695 1582 1830 1610 Ascendit
1845 1590 1899 1609 au-

1051 1632 1105 1657 tem
1126 1627 1278 1662 IonaHzas,
1293 1628 1432 1657 manibus
1448 1631 1473 1657 et
1485 1628 1608 1665 pedibus
1623 1632 1752 1665 reptans,
1768 1632 1792 1656 et
1806 1628 1898 1656 armi-

1050 1684 1102 1713 9er
1117 1676 1180 1704 eius
1198 1679 1264 1712 post
1278 1684 1352 1704 eum.
1370 1691 1406 1696 -
1422 1676 1472 1704 Per
1487 1675 1584 1703 zelum
1598 1675 1729 1703 veritatis
1751 1676 1899 1709 internae,-

1052 1723 1135 1752 lsaiae
1169 1723 1382 1760 quadragesimo
1399 1723 1442 1750 ¹⁸:
1474 1723 1568 1760 Super
1602 1727 1725 1750 montem
1757 1722 1899 1751 excelsum

1051 1771 1173 1799 ascende
1195 1774 1236 1803 tu,
1256 1770 1308 1808 qui
1328 1770 1516 1807 eoanyelizas
1539 1769 1616 1798 Sion.

1130 1818 1159 1845 ll.
1182 1817 1321 1854 Quantum
1344 1817 1377 1845 ad
1408 1817 1559 1845 secundam
1589 1820 1693 1853 partem
1716 1820 1795 1851 nota,
1823 1816 1897 1853 quod

1052 1865 1084 1899 si,
1106 1868 1137 1893 ut
1158 1865 1245 1898 dixit,
1267 1864 1454 1893 ascendimus
1485 1865 1514 1892 in
1547 1867 1670 1892 montem
1693 1864 1825 1897 Domini,
1849 1871 1897 1900 per

1052 1912 1175 1941 culmina
1196 1912 1355 1940 sublimium
1380 1912 1532 1945 virtutum,
1556 1912 1682 1940 venimus
1702 1911 1898 1947 proculdubio

1053 1959 1092 1987 acl
1113 1959 1233 1987 (lonium
1258 1959 1309 1987 Dei
1331 1958 1431 1992 Iacob,
1454 1959 1480 1987 id
1502 1962 1543 1987 est
1564 1959 1596 1987 ad
1619 1962 1758 1987 aeternam
1774 1959 1856 1986 vitam
1872 1961 1899 1987 et

1053 2006 1201 2035 Ierusalem
1233 2014 1398 2043 supernam3
1431 2014 1502 2043 quae
1533 2006 1644 2043 quidem
1666 2006 1764 2034 domus
1788 2009 1899 2034 aeterna

1052 2053 1132 2082 nohis
1153 2056 1193 2081 est
1215 2061 1322 2081 summe
1343 2053 1540 2081 desideranda
1561 2056 1587 2081 et
1617 2061 1667 2089 per
1693 2060 1771 2081 sacra
1800 2052 1899 2080 merita

1053 2100 1249 2138 requirenda,
1272 2100 1337 2137 quia
1359 2104 1399 2129 est
1419 2100 1519 2129 domus
1539 2100 1694 2137 magynificc
1713 2103 1898 2136 praeparata

1053 2147 1205 2175 secundum
1238 2147 1443 2175 munificentiae
1475 2147 1574 2184 regalis
1599 2146 1803 2179 celsitudinem;
1826 2146 1899 2174 unde

1052 2194 1154 2222 dicitur
1176 2194 1283 2223 Baruch
1307 2194 1388 2223 tertio
1402 2194 1439 2222 ¹⁹:
1465 2194 1487 2222 O
1510 2194 1618 2228 lsrael,
1634 2202 1722 2232 (suani
1737 2201 1847 2230 mayna
1859 2196 1898 2220 est

1054 2241 1158 2269 (lomus
1180 2241 1233 2269 Dei
1253 2245 1278 2269 et
1299 2241 1400 2278 ingens
1422 2241 1501 2269 locas
1522 2240 1715 2277 possessionis
1739 2240 1815 2268 eius!
1835 2239 1897 2267 Ma-

1050 2297 1129 2325 gynus
1151 2292 1191 2316 est
1212 2292 1237 2316 ct
1257 2297 1316 2316 ¹non
1344 2287 1428 2316 babet
1458 2288 1562 2324 finem,
1585 2287 1712 2316 excelsus
1733 2290 1757 2314 et
1778 2287 1896 2314 immen-

1052 2344 1112 2364 sus.
1130 2352 1165 2356 —-
1182 2335 1304 2371 Mirifice
1325 2335 1465 2364 ordinata
1486 2335 1638 2364 secundum
1654 2334 1788 2362 mirabilis
1806 2333 1897 2369 dispo-

1052 2383 1159 2411 sitionis
1180 2382 1357 2419 sapientiam3
1380 2382 1453 2411 unde
1485 2382 1591 2410 loannis
1621 2381 1726 2409 decimo
1746 2384 1846 2417 quarto
1858 2380 1896 2408 2⁰:

210 2514 217 2527 ¹
237 2515 292 2543 Cap.
312 2516 332 2538 l.
350 2519 372 2537 et
390 2515 411 2538 lt.

208 2553 217 2566 ²
235 2554 291 2582 Cap.
308 2555 329 2576 7.
347 2561 403 2583 seq„
421 2554 461 2577 ubi
479 2556 535 2578 haec
552 2556 662 2577 sententia
681 2556 814 2583 explicatur.

209 2592 218 2605 ³
236 2593 296 2616 Libr.
315 2594 329 2615 l.
348 2600 367 2616 c.
390 2595 422 2616 1-2.
442 2601 462 2616 n.
481 2595 517 2616 21.

209 2632 218 2644 ⁴¹
237 2633 370 2661 Sequuntur
388 2633 400 2655 4
418 2633 531 2661 membra,
550 2634 591 2656 sed
609 2637 757 2662 exponuntur
774 2637 862 2657 tantum
882 2636 932 2657 tria.

209 2671 218 2683 ⁵
237 2672 300 2694 Vers.
321 2672 356 2694 lO.
374 2678 422 2701 seq.
862 2673 872 2686 ⁶
889 2675 955 2697 Vers.
973 2675 994 2697 9.

210 2708 217 2722 ⁷
237 2711 302 2733 Vers.
323 2712 360 2733 112.

209 2748 217 2761 Β
237 2750 300 2772 Vers.
320 2750 365 2777 393
382 2751 486 2779 sequitur
503 2752 526 2773 ll.
545 2752 616 2774 lllach.
639 2753 656 2779 l,
674 2752 711 2774 32.

209 2787 218 2800 ⁹
236 2789 301 2811 Vers.
320 2790 358 2811 22.

210 2827 229 2841 ¹⁰
247 2828 313 2851 Vers.
332 2830 354 2851 2.

210 2867 227 2880 ¹¹
247 2868 311 2890 Vers.
334 2868 366 2890 17.
385 2868 493 2897 Sequitur
511 2870 544 2891 l‘s.
563 2870 600 2896 86,
622 2871 638 2892 Ι.

209 2905 228 2919 ¹2
245 2906 299 2934 Cap.
318 2908 343 2935 8,
366 2907 403 2933 llt-;
420 2907 524 2936 sequitur
543 2908 622 2930 Ezech.
639 2908 681 2935 at,
703 2908 782 2930 Ἰ14.-
796 2910 817 2931 ln
838 2910 889 2932 cod.
908 2910 993 2932 omissa

145 2950 198 2968 sunt
216 2946 286 2968 verbu
306 2946 434 2974 Ezechielis,
452 2950 473 2968 et
490 2947 572 2969 citatur
588 2948 736 2970 solummodo
753 2949 833 2970 Ezech.
847 2949 889 2975 32,
907 2949 928 2970 in
947 2955 993 2977 quo

1053 2518 1154 2547 capitulo
1167 2519 1242 2540 nullus
1254 2518 1317 2540 locus
1334 2517 1431 2539 idoneus
1448 2516 1569 2538 invenitur.
1588 2515 1693 2537 Ceterum
1712 2514 1798 2536 codicis
1814 2513 1899 2536 citatio-

1053 2564 1094 2580 nes
1112 2557 1198 2585 passim
1217 2560 1270 2579 sunt
1288 2557 1363 2579 salsae.

1117 2595 1136 2608 ¹³
1155 2597 1235 2618 psalm.
1258 2596 1308 2620 103,
1330 2595 1362 2617 13.
1757 2592 1775 2604 ¹¹
1794 2592 1858 2614 Vers.
1877 2592 1898 2614 8.

1116 2634 1135 2647 ¹⁵
1154 2635 1234 2657 Psalm.
1253 2635 1290 2663 ⁶33,
1309 2635 1330 2656 3.
1347 2640 1396 2662 seq.
1742 2631 1761 2644 ¹⁶
1780 2632 1844 2653 Vers.
1861 2632 1897 2653 36.

1116 2673 1134 2686 ¹⁷
1154 2674 1219 2696 Vers.
1240 2674 1273 2695 13.
1292 2674 1395 2700 Gregor„
1414 2673 1441 2694 V.
1459 2673 1480 2694 in
1498 2673 1512 2694 l.
1532 2673 1634 2699 Regum,
1653 2678 1674 2693 n.
1697 2671 1730 2692 16.
1748 2672 1803 2692 haet-
1827 2669 1897 2697 appli-

1051 2716 1088 2736 cat
1105 2714 1134 2735 ad
1152 2713 1335 2741 praedicatorem
1349 2715 1370 2734 et
1382 2713 1438 2734 inter
1451 2712 1492 2734 alia
1506 2711 1572 2733 dicit:
1591 2711 1647 2739 Quia
1666 2711 1688 2732 in
1707 2709 1814 2732 manibus
1826 2715 1897 2736 opera

1051 2753 1123 2775 solent
1141 2752 1278 2779 significari,
1296 2755 1370 2779 reptat
1388 2751 1495 2773 munibus
1514 2753 1604 2778 pastor,
1623 2749 1716 2778 quando
1736 2748 1896 2776 pecratoribus

1052 2792 1127 2818 viam,
1144 2797 1215 2819 quam
1239 2794 1316 2813 tenore
1339 2790 1444 2812 conversi
1468 2789 1578 2816 debcant,
1603 2795 1647 2810 non
1673 2788 1757 2815 prol'ert
1783 2787 1896 2815 sapientia

1051 2830 1125 2857 vorbi,
1142 2831 1183 2852 scd
1202 2831 1307 2857 exemplo
1325 2829 1516 2852 conversationis,

1114 2868 1133 2881 ¹3
1152 2870 1217 2892 Vers.
1235 2870 1255 2891 9.

1114 2908 1134 2921 ¹9
1152 2909 1217 2931 Vers.
1236 2908 1273 2930 at.
1291 2915 1339 2937 seq.

1113 2947 1132 2962 ²⁰
1152 2948 1214 2970 Vers.
1233 2948 1255 2969 -2,

1933 1254 2042 1274 Ascendeu-

1914 1278 1958 1296 dum
1975 1283 2010 1305 per
2030 1278 2042 1296 4

1918 1304 2013 1320 exercitia.

1913 1824 1959 1843 Pars
1970 1824 1992 1843 ΙΙ.

1947 2102 2042 2125 supernae

1915 2125 1979 2143 domus
1988 2125 1999 2143 [ι
2005 2125 2042 2149 pri-

1915 2149 1988 2171 vilegia.
