2243 3348
29 774 137 794 Notandum.

27 1101 88 1120 Modus
100 1105 129 1119 su-

32 1124 125 1148 peraedifi-

47 1147 106 1166 caudi.

20 1521 74 1548 ligem,
86 1522 134 1549 insu-

16 1557 17 1572 3
25 1550 74 1564 sione
85 1551 132 1570 spei.

669 176 700 204 IN
721 175 824 204 FESTO
845 175 975 204 OMNiUM
997 175 1203 203 SANCTORUM.
1227 175 1336 203 SERMO
1359 175 1386 203 11.

156 255 392 284 Fundamentum
407 254 491 282 aliud
510 262 592 282 nenio
604 258 695 290 potest
715 261 821 291 ponere
836 257 953 290 praeter
970 253 999 281 ia

154 301 231 339 qnod
249 301 377 337 pos-itam
398 304 456 333 est,·
477 304 503 329 et
529 308 613 337 super
635 301 701 329 illud
724 301 841 337 Apostoli
867 300 999 329 fundave-

154 350 220 376 runt
241 346 386 375 Ecclesiam
409 346 633 375 ministerialiter.
658 347 700 375 lsti
723 355 789 383 ergo
811 349 876 375 sunt
895 346 998 375 duode-

154 394 205 422 cim
227 393 263 421 illi
285 393 355 426 viri,
377 400 447 430 quos
463 393 537 421 misit
558 393 651 427 losue,
675 393 700 421 id
721 395 762 421 est
783 393 926 427 Christus,
942 394 999 421 Sal-

153 443 232 469 vator
246 440 338 476 populi
356 439 447 473 lsrael,
463 443 496 467 at
510 439 637 468 tollerent
651 440 803 468 duodecim
822 440 999 468 clarissimo-s

153 487 277 524 lapides,
300 486 325 515 id
348 489 389 515 est
409 486 553 515 duodecim
576 487 755 515 solidissimos
782 487 914 515 articulos
936 486 997 515 fidei

152 536 276 567 nostrae,
299 534 333 561 (le
353 533 446 561 medio
468 533 608 562 Iordanis
629 533 725 567 alueo,
749 533 774 562 id
804 536 845 562 est
865 533 899 561 de
925 533 999 561 fonte

152 583 179 609 et
208 580 392 617 profunditate
420 580 643 616 scripturarum,
672 583 699 609 et
724 584 862 617 ponerent
893 588 939 608 eos
969 580 998 608 in

152 627 210 655 loco
232 630 410 660 castrorum,
433 627 484 655 abi
503 626 599 663 fixuri
613 631 697 655 erant
712 627 851 660 tentoria,
874 627 898 654 id
915 627 997 655 estin

152 673 288 710 symbolo,
303 673 376 710 quod
393 673 477 710 igitur
492 677 710 711 composuerunt
725 674 761 702 illi
777 674 921 702 duodecim
934 674 999 710 Apo-

152 720 212 749 stoli
229 721 255 753 ¹;
279 720 370 756 posuit
390 721 463 749 enini
486 721 511 749 in
534 729 566 749 eo
586 720 702 757 quilibet
730 720 879 748 articulum
905 727 996 748 suum.

152 766 208 794 Deo
229 774 295 803 ergo
317 767 434 803 gratias,
457 767 503 804 qui
527 775 611 803 super
627 770 680 795 tarn
697 766 814 795 solidum
836 766 998 794 fundamen-

152 816 210 841 tum
226 813 312 841 voluit
328 821 377 842 nos
391 814 517 848 fundari,
534 814 570 842 ita
586 817 617 842 ut
633 821 681 842 nos
702 821 756 841 non
772 813 859 841 simus
874 812 998 850 hospites

151 863 177 888 ct
196 860 341 894 advenae,
363 861 413 889 scil
434 861 509 889 cives
531 861 707 889 Sanctorum
729 862 753 888 et
774 859 924 888 domestici
937 860 997 893 Dei,

150 906 391 943 superaedificati
421 916 510 944 snper
540 906 767 944 fundamentum
791 905 996 942 Apostolorum

150 957 174 982 et
190 953 416 990 Prophetarum,
433 954 495 991 ipso
515 962 630 982 summo
645 954 789 991 a-nyalari
803 953 899 991 lapide
915 952 998 982 Clzri-

150 1003 192 1029 sto
216 1001 290 1034 lesa,
312 1001 345 1029 ad
369 1001 498 1038 Ephesios
519 1001 640 1029 secundo
656 1001 674 1028 2.

231 1047 260 1075 Et
275 1050 347 1081 nota,
362 1048 501 1084 quomodo
517 1050 604 1084 potest
621 1048 813 1084 unnsquisque
828 1055 912 1084 snper
925 1047 997 1076 istud

149 1093 359 1122 fundamentum
382 1094 529 1128 aedificari,
552 1095 656 1131 primae
679 1094 748 1123 Petri
771 1094 892 1123 secundo
907 1094 927 1128 ³,
950 1094 996 1122 ubi

149 1140 260 1174 dicitnr,
281 1141 355 1177 quod
377 1141 540 1169 accedentes
561 1141 593 1169 ad
616 1141 706 1177 ipsum
735 1140 859 1177 lapidem
885 1141 996 1175 vivum,

149 1187 185 1215 ab
207 1186 372 1216 hominibus
394 1187 600 1224 reprobatam,
615 1196 665 1216 vos
679 1192 705 1216 et
718 1188 777 1224 ipsi
791 1192 933 1226 tanquam
954 1188 997 1215 la-

147 1234 229 1271 pides
250 1234 328 1268 vivi,·
350 1242 398 1271 per
419 1234 504 1271 fidem
534 1235 647 1271 supple,
676 1243 750 1272 qaae
778 1238 918 1272 operatur
944 1243 997 1271 per

149 1281 318 1314 caritatem,
341 1281 406 1318 qnia
427 1281 507 1310 aliter
527 1281 598 1318 (ides
618 1282 680 1310 sine
702 1290 784 1318 opere
805 1285 925 1310 inortzta
939 1286 996 1314 est,-

148 1328 440 1365 saperaedificamini
466 1328 571 1356 (lomus
592 1328 777 1365 spiritualis,
799 1329 996 1357 sacerdotium

148 1377 300 1409 sanetum,
322 1374 425 1412 offerre
446 1375 616 1412 spirituales
649 1374 775 1409 nostias,
808 1376 997 1412 acceptabiles

151 1422 206 1450 Dco
226 1430 279 1458 per
302 1422 395 1449 lesam
421 1421 577 1450 Christian.

227 1468 368 1502 Secundo,
391 1468 558 1497 infundendo
579 1478 657 1505 spem
691 1469 740 1506 ipsi
764 1469 903 1503 irascibili,
925 1478 996 1506 quae

149 1515 259 1552 quidem
282 1523 344 1552 spes
366 1516 521 1552 applicatur
536 1516 716 1552 Martyrfflus,
733 1525 852 1553 quornm
869 1521 996 1545 constan-

148 1562 185 1590 tia
208 1562 326 1590 Ecclesia
346 1570 444 1591 secure
467 1563 599 1591 munitur.
618 1563 643 1591 ln
660 1563 744 1591 huius
765 1563 873 1600 signum
894 1564 995 1592 dicitur

147 1609 277 1637 Ieremiae
298 1609 387 1645 primo
401 1610 413 1625 ⁴²
435 1609 460 1636 in
477 1617 594 1646 persona
610 1609 757 1638 cuiuslibet
772 1610 914 1646 Martyris:
937 1611 995 1647 Epo

147 1655 263 1694 quidem
284 1656 351 1684 (ledi
379 1659 403 1684 tc
424 1656 455 1684 in
484 1656 627 1684 ciuitatem
651 1657 795 1684 munitam
818 1662 843 1685 et
865 1657 895 1685 in
917 1658 995 1686 cola-

148 1710 248 1731 mnam
260 1702 391 1739 ferream
405 1706 431 1731 et
446 1703 475 1731 in
488 1711 610 1731 marum
631 1711 750 1731 aeream
771 1712 861 1740 snper
881 1712 992 1736 omnent

148 1752 267 1777 terram.
292 1750 325 1777 El
347 1749 491 1778 bellabant
512 1750 668 1778 advers-mn
692 1754 716 1778 tc
736 1754 760 1778 et
790 1759 848 1779 non
867 1759 994 1788 praeva-

148 1795 252 1829 lebant,
274 1796 346 1834 qaia
367 1805 417 1834 09⁰
439 1801 529 1825 tecam
552 1805 634 1830 sam,
657 1797 700 1825 ait
724 1798 881 1831 Dominus,
908 1803 939 1826 nt
961 1798 994 1826 lt-

148 1842 239 1871 herem
263 1847 294 1871 lc.
318 1843 422 1872 Habent
437 1843 508 1872 enlm
525 1851 655 1872 securum
671 1846 698 1872 et
719 1844 913 1873 solidissimum
929 1853 994 1882 apo—

147 1889 223 1918 dinm
256 1890 323 1919 tales
355 1893 381 1919 et
412 1890 549 1919 neminem
572 1891 683 1922 timent:
709 1891 769 1920 ideo
800 1892 906 1920 dicebat
933 1892 992 1925 lob,

147 1936 252 1965 decimo
273 1937 404 1974 septimo:
429 1937 506 1965 Pone
526 1946 570 1965 ine
585 1938 671 1966 iaxta
686 1941 720 1971 te,
735 1942 760 1966 ct
782 1938 913 1967 caiasuz‘s
934 1947 994 1967 tna-

147 1991 203 2011 nus
231 1988 341 2021 paynel
372 1987 476 2012 contra
506 1993 557 2013 nie.
591 1984 701 2013 Certum
734 1988 774 2013 est
803 1986 891 2019 enim,
920 1986 993 2022 quod

148 2030 257 2066 quando
275 2030 374 2067 aliquis
396 2030 523 2059 innititur
545 2031 625 2059 alicui
649 2031 697 2064 rei,
713 2031 884 2068 quicumque
905 2035 994 2069 potest

147 2077 170 2105 ei
196 2076 306 2105 auferre
340 2085 452 2105 manum
482 2081 571 2114 potest
602 2078 625 2106 ei
659 2078 760 2106 inferre
792 2079 992 2115 praecipitium.

148 2123 222 2157 ideo,
243 2123 264 2152 si
287 2123 384 2152 beatus
407 2124 452 2152 lob
474 2124 588 2153 innixus
609 2125 705 2154 fuisset
727 2125 789 2154 tiliis
811 2126 868 2154 suis
890 2126 932 2155 vel
954 2126 994 2154 di-

148 2170 220 2199 vitiis
241 2171 308 2205 suis,
330 2179 392 2200 cum
415 2174 486 2200 esset
507 2172 660 2200 ditissimus
682 2173 756 2201 inter
778 2181 874 2201 omnes
900 2174 993 2201 orien-

148 2217 233 2251 tales,
256 2218 296 2246 vel
320 2218 427 2247 viribus
448 2219 506 2247 suis
527 2219 733 2256 corp01·aiii)us;
756 2220 861 2254 statim,
884 2220 994 2257 quando

148 2267 223 2293 satan
253 2264 357 2293 occidit
376 2264 453 2301 filios
480 2274 549 2293 suos
578 2274 675 2294 ornnes
690 2267 711 2300 ⁵,
734 2266 844 2303 quando
876 2267 994 2303 perdidit

148 2318 255 2339 omnem
282 2311 463 2340 substantiam
493 2320 587 2346 suam,
613 2313 723 2350 quando
752 2314 897 2349 percussit
929 2322 992 2342 eum

148 2357 242 2386 ulcere
258 2358 400 2394 pessimum
422 2359 573 2388 corruisset
595 2359 621 2387 in
651 2359 755 2388 fove-am
785 2360 991 2396 desperationis.

148 2404 198 2433 Sed
219 2405 285 2441 quia
306 2405 354 2433 soli
377 2406 433 2434 Deo
448 2405 627 2440 innitebatur,
642 2414 724 2443 quem
740 2415 790 2436 nec
812 2408 929 2444 Angelus
944 2415 993 2436 nec

210 2576 218 2588 ¹
239 2577 295 2599 Vide
311 2584 380 2605 supra
399 2584 452 2606 pag.
465 2579 518 2605 506,
531 2582 606 2602 notam
621 2580 640 2602 4.
654 2580 735 2602 Uecelli
748 2581 769 2602 in
783 2584 834 2603 nota
853 2582 929 2604 addit:
943 2591 954 2602 «ι
966 2583 995 2605 Ex

149 2615 183 2637 liis
200 2616 319 2644 colligitur,
337 2617 359 2639 S.
378 2617 562 2640 Bonaventuram
581 2619 712 2642 adhaesisse
732 2621 835 2648 opinioni
857 2627 938 2644 eorum
954 2622 994 2650 qui

149 2654 288 2681 existimant,
306 2655 408 2682 Syinboli
426 2657 542 2684 apostolici
560 2657 663 2685 singulos
685 2659 793 2681 articulos
811 2659 879 2682 fuisse
902 2667 994 2688 compo·

148 2693 203 2715 sitos
220 2700 232 2715 a
250 2694 344 2721 singulis
362 2696 484 2722 Apostolis.
502 2697 559 2719 inter
576 2703 635 2725 quos
652 2698 840 2721 adnumerandus
852 2700 874 2721 S.
887 2700 932 2722 Leo
950 2701 995 2722 Ma-

149 2738 216 2759 gnus,
233 2733 273 2761 qui
290 2733 356 2760 epist.
374 2734 410 2755 37.
423 2734 451 2756 ad
465 2735 606 2757 Pulcheriam
619 2737 745 2764 Augustam
756 2737 846 2760 scribit:
865 2738 992 2767 ‚Siquidem

149 2771 222 2798 ipsius
240 2771 341 2799 symboli
367 2772 444 2795 brevis
468 2776 490 2795 et
515 2776 614 2801 perfecta
638 2776 763 2803 consessio,
785 2783 845 2805 quae
868 2778 992 2800 duodecim

150 2810 311 2837 Apostolorum
334 2811 428 2834 totidem
450 2815 485 2834 est
505 2813 595 2841 signata
616 2815 744 2843 sententiis,
765 2818 811 2838 tarn
834 2816 942 2839 instructa
966 2817 994 2839 sit

150 2848 277 2871 munitione
293 2850 391 2878 caelesti,
409 2854 434 2872 ut
450 2857 531 2873 omnes
548 2852 715 2875 haereticorum
728 2854 848 2881 opiniones
860 2855 908 2877 solo
921 2856 994 2883 ipsius

150 2886 237 2914 possint
254 2886 330 2914 gladio
345 2887 494 2911 obtruncari‘.
508 2889 565 2911 Vide
578 2890 677 2917 Semini,
690 2891 745 2913 Hist.
757 2892 836 2919 Apost.
848 2898 868 2914 c.
880 2894 993 2920 XXXVH,

150 2925 230 2948 Baron.
248 2926 277 2948 ad
294 2932 330 2948 an.
350 2926 386 2949 44.
403 2927 416 2955 ⁴3
438 2927 470 2950 17.
488 2927 591 2956 Memini,
605 2935 641 2951 me
654 2929 675 2951 in
691 2929 740 2952 bib.
754 2930 809 2958 imp.
822 2932 891 2954 Paris.
908 2932 994 2955 vidisse

150 2965 201 2987 rod.
223 2965 270 2987 divi
297 2966 400 2989 Thomae
425 2966 547 2990 habentem
573 2968 737 2996 expositionem
764 2969 785 2992 in
813 2970 892 2997 symb.
915 2972 994 2999 Apost.

1847 174 1902 203 603

1056 253 1181 281 diabolus
1203 261 1252 281 nec
1273 253 1367 290 aliqua
1381 256 1510 281 creatura
1525 256 1632 289 poterat
1646 253 1669 282 ei
1685 253 1811 287 auferre,
1827 253 1902 288 ideo,

1055 300 1156 328 sedens
1178 300 1208 328 in
1229 299 1410 338 sterquilinio
1426 304 1450 328 et
1465 300 1574 328 radens
1588 304 1659 328 testa
1679 300 1804 329 scabiem
1816 301 1842 334 ⁶,
1865 309 1904 330 se-

1056 354 1123 375 cure
1144 346 1266 375 dicebat:
1291 346 1428 375 Caiasvis
1449 355 1558 375 manas
1578 351 1686 384 paynel
1713 351 1816 376 contra
1841 357 1902 382 me,

1056 393 1121 429 quia
1142 393 1194 431 qui
1214 393 1363 429 confidant
1378 393 1408 421 in
1426 393 1558 428 Domino,
1572 394 1649 422 sicat
1667 403 1750 423 mons
1765 394 1835 423 Sion
1850 398 1901 424 etc.

1056 439 1087 467 Et
1109 439 1168 467 ideo
1190 439 1377 474 miserrimus,
1393 440 1439 476 qui
1462 441 1574 469 confidit
1595 441 1621 469 in
1643 441 1712 475 ali0;
1734 441 1818 469 imnio
1839 450 1902 469 ina—

1056 485 1176 514 [edictus
1208 485 1308 520 ltonto,
1337 487 1389 525 qni
1413 487 1531 523 conlidit
1563 488 1594 516 in
1625 487 1739 517 ltonzine
1770 493 1795 516 el
1821 489 1903 525 ponit

1055 540 1172 560 carnem
1196 532 1353 561 braeln'ain
1366 542 1472 567 saion,
1494 538 1520 562 et
1540 535 1644 563 recedit
1666 543 1684 563 a
1707 535 1830 563 Domino
1852 543 1903 563 cor

1055 579 1117 607 eia-5
1132 579 1152 607 ⁷.

1134 627 1239 660 Tertio,
1262 627 1430 656 infundendo
1445 629 1598 658 caritatem
1615 631 1663 667 ipsi
1680 631 1901 668 concupiscibili,

1055 681 1126 709 quae
1147 673 1257 709 quidem
1280 674 1403 709 (caritas)
1425 676 1580 711 applicatur
1595 676 1818 712 confessoribus,
1834 687 1902 715 quo-

1056 727 1118 747 rum
1140 720 1254 748 caritate
1271 720 1327 757 ipsa
1342 721 1452 755 civitas,
1475 722 1501 750 id
1523 726 1564 751 est
1578 723 1637 759 ipsa
1649 724 1775 758 Ecclesia,
1791 725 1903 761 pacifice

1055 766 1210 794 custoditur
1232 774 1280 795 seu
1299 767 1488 803 gubernatur;
1510 769 1584 797 unde
1599 770 1710 798 secundi
1727 771 1902 800 Machabaco-

1055 820 1118 840 rum
1135 813 1216 841 tertio
1227 813 1254 840 ⁸:
1271 814 1379 842 Sancta
1395 815 1499 843 civitas
1513 814 1667 844 habitatat-
1682 817 1712 845 in
1727 819 1808 846 omni
1818 827 1902 855 pace,

1056 858 1128 895 leyes
1149 859 1237 887 eliam
1252 860 1357 896 optime
1371 861 1579 890 custodiantur
1592 867 1710 899 propter
1728 864 1819 893 Ouiae
1832 874 1902 902 pon-

1056 905 1142 942 tilicis
1170 907 1310 942 pacificam
1339 907 1543 944 dispositionem
1566 912 1593 937 et
1619 910 1753 946 pietatem
1782 915 1809 940 et
1837 913 1902 940 ani-

1056 960 1117 980 mos
1138 953 1204 981 odio
1226 952 1359 981 habentes
1380 954 1469 982 mala.
1493 955 1603 989 Fz‘ebat,
1619 959 1651 984 at
1665 961 1690 985 et
1705 957 1764 994 ipsi
1783 967 1863 995 reyes
1878 963 1904 987 el

1053 999 1202 1036 principes
1223 999 1318 1028 locam
1346 1009 1461 1030 summo
1482 1000 1590 1030 lzonorc
1617 1003 1738 1040 (liynatn
1766 1005 1903 1034 (lacerent

1054 1049 1079 1074 el
1101 1046 1238 1083 templatn
1269 1048 1411 1075 maximis
1443 1049 1615 1077 nntneribas
1647 1050 1837 1080 illustrarem.
1865 1053 1902 1081 Ad

1055 1093 1174 1121 litteram
1197 1093 1224 1121 in
1246 1094 1360 1122 caritate
1385 1098 1412 1123 et
1433 1095 1533 1131 pietate
1562 1097 1749 1132 praelatorum
1779 1099 1902 1128 consistit

1055 1148 1109 1176 pax
1143 1140 1277 1169 Ecclesiae
1304 1144 1331 1169 et
1359 1141 1533 1178 principum,
1562 1147 1593 1171 ut
1622 1148 1695 1180 patet
1724 1145 1749 1173 in
1779 1148 1902 1182 tempore

1054 1187 1125 1216 beati
1147 1187 1281 1221 Silvestri,
1303 1188 1373 1216 beati
1396 1188 1519 1225 Gregorii
1542 1194 1569 1218 et
1594 1191 1746 1220 multorum
1768 1193 1901 1226 aliorum,

1054 1234 1209 1270 specialiter
1231 1237 1322 1263 tamen
1345 1235 1415 1264 beati
1439 1236 1583 1271 Bonifacii,
1606 1238 1642 1265 ita
1664 1242 1694 1266 ut
1715 1238 1749 1267 de
1770 1247 1802 1267 eo
1818 1240 1902 1276 possit

1054 1281 1154 1317 exponi
1172 1281 1239 1309 illud
1256 1282 1433 1311 Ecclesiastici
1451 1283 1477 1311 ⁹:
1500 1283 1611 1318 Simon,
1630 1285 1721 1313 Oniae
1740 1285 1835 1322 silias,
1851 1287 1903 1324 qai

1054 1328 1085 1356 in
1107 1328 1166 1356 vita
1187 1336 1245 1356 sua
1265 1327 1395 1366 safftdsit
1417 1330 1550 1363 atomum,
1573 1332 1625 1369 qai
1641 1333 1811 1368 praevaluit
1839 1342 1901 1362 am-

1052 1374 1186 1411 plificare
1206 1375 1358 1403 eim'tatein.
1383 1376 1402 1403 E
1423 1384 1557 1405 converso
1579 1382 1692 1415 propter
1714 1380 1900 1416 praelatorum

1054 1421 1111 1450 sive
1132 1421 1297 1450 clericorum
1319 1423 1462 1451 avaritiam
1479 1423 1504 1451 in
1523 1424 1640 1453 Ecclesia
1661 1425 1822 1463 frequenter
1837 1435 1901 1456 con-

1054 1468 1188 1497 tentiones
1210 1472 1236 1497 et
1258 1469 1318 1497 lites
1339 1470 1479 1504 oriuntur,
1502 1471 1573 1499 sicut
1594 1475 1676 1508 patet.

1131 1516 1245 1552 Quarto,
1268 1516 1435 1545 infundendo
1449 1519 1633 1547 sanctitatem
1657 1520 1703 1548 toti
1720 1522 1813 1555 menti,
1829 1530 1900 1558 quae

1053 1563 1163 1599 quidem
1196 1563 1325 1592 sanctitas
1357 1564 1516 1601 Virginibus
1538 1567 1744 1603 appropriatur,
1778 1577 1898 1605 quarum

1053 1610 1196 1638 sanctitate
1219 1610 1276 1646 ipsa
1297 1611 1402 1645 civitas,
1425 1611 1449 1639 id
1472 1615 1513 1640 est
1536 1612 1666 1647 Ecclesia,
1690 1615 1832 1651 magnifice
1853 1616 1899 1644 de-

1052 1659 1165 1684 coratur
1186 1660 1213 1684 et
1235 1660 1367 1690 ornatur,
1390 1658 1463 1686 unde
1492 1658 1575 1687 isaiae
1600 1660 1829 1697 quinquagesimo
1858 1670 1899 1690 se-

1052 1703 1142 1731 cundo
1158 1703 1180 1720 ²⁰
1201 1703 1317 1732 dicitur:
1342 1704 1500 1742 Consarye,
1522 1713 1674 1744 consaryc,
1698 1707 1817 1736 inducre
1837 1708 1899 1746 for-

1053 1750 1175 1778 titudine
1196 1754 1258 1784 taa,
1276 1751 1355 1785 Sion,
1371 1752 1492 1780 imbuere
1506 1753 1680 1782 vestimentis
1693 1755 1806 1791 yloriac
1822 1760 1898 1790 tacte,

1052 1797 1228 1831 Jerusalem,
1251 1798 1355 1826 civitas
1383 1799 1492 1827 Sancti.
1522 1800 1632 1828 Civitas
1661 1801 1764 1830 Sancti
1787 1802 1898 1837 dicitur,

1051 1843 1116 1880 quia
1138 1844 1163 1872 in
1186 1852 1217 1873 ea
1239 1845 1394 1881 specialiter
1415 1846 1548 1875 Dominus
1563 1848 1683 1882 habitat,
1706 1849 1837 1885 pascitur,
1853 1850 1898 1878 de—

1054 1891 1172 1919 lectatur
1204 1896 1316 1929 propter
1345 1893 1495 1922 munditiae
1522 1895 1754 1931 pulcritudinem;
1782 1896 1816 1925 de
1843 1905 1899 1934 qno

1050 1939 1152 1966 dicitnr
1167 1939 1194 1966 in
1211 1939 1412 1968 Ecclesiastico:
1429 1940 1662 1970 Palcritztclinem
1678 1943 1818 1971 candoris
1836 1944 1899 1972 eius

1051 1984 1252 2013 admirabitur
1273 1986 1375 2014 oculas
1396 1990 1446 2015 cic.
1471 1988 1550 2016 istius
1570 1992 1662 2017 autem
1684 1990 1802 2018 civitatis
1824 1990 1898 2027 prin-

1051 2038 1115 2068 ceps
1136 2035 1162 2060 et
1184 2032 1279 2069 regina
1300 2036 1340 2061 est
1362 2033 1441 2062 beata
1464 2034 1546 2071 Virgo
1567 2035 1666 2069 lilaria3
1690 2037 1804 2073 peperit,
1821 2037 1898 2074 virgo

1052 2086 1232 2114 permanens;
1255 2079 1293 2107 sic
1316 2080 1434 2108 Ecclesia
1455 2085 1548 2110 sancta
1563 2083 1666 2111 multos
1681 2084 1764 2120 parit,
1779 2087 1806 2112 et
1822 2085 1898 2121 virgo

1052 2130 1202 2162 permanet.
1226 2142 1262 2147 —
1288 2127 1331 2155 Sic
1360 2127 1444 2164 igitur
1474 2128 1592 2158 Ecclesia
1618 2129 1768 2166 fanelalar
1798 2131 1823 2159 in
1846 2131 1898 2160 lide

1051 2173 1252 2209 Apostolorum,
1275 2174 1452 2210 aedificatur
1481 2176 1506 2203 in
1536 2177 1701 2205 confidentia
1729 2178 1897 2214 Martyrum,

1049 2219 1228 2256 pacificatur
1251 2220 1275 2249 in
1298 2222 1412 2250 caritate
1433 2222 1636 2258 Conl'essornm,
1653 2228 1780 2253 ornatur
1794 2225 1820 2253 in
1836 2233 1898 2253 san-

1050 2267 1180 2295 ctimonia
1210 2267 1371 2305 Virginum;
1403 2269 1476 2297 unde
1507 2269 1609 2298 dicitur
1638 2271 1663 2299 in
1697 2271 1778 2300 lsaia:
1813 2273 1897 2304 Eece,

1050 2322 1099 2350 cyo
1120 2318 1251 2342 sternam
1271 2323 1324 2351 per
1346 2315 1477 2344 ordinem
1500 2316 1611 2353 lapides
1633 2322 1696 2346 laos
1721 2322 1746 2346 et
1766 2317 1898 2356 fundabo

1051 2364 1075 2388 te
1096 2361 1127 2389 in
1147 2360 1299 2398 sapphiris
1320 2365 1344 2390 et
1363 2370 1472 2399 ponam
1499 2364 1642 2400 iaspidem
1668 2366 1898 2402 propagnacula

1050 2410 1103 2436 tua
1124 2411 1149 2436 el
1168 2412 1272 2445 portas
1294 2412 1361 2437 tuas
1393 2410 1423 2437 in
1456 2409 1566 2447 lapides
1592 2411 1719 2448 sculptos
1747 2416 1772 2440 et
1802 2421 1898 2441 omnes

1052 2583 1181 2605 distinctam
1199 2583 1333 2605 nominibus
1349 2584 1526 2611 Apostolorum,
1543 2590 1569 2606 cx
1582 2591 1628 2613 quo
1641 2585 1762 2607 coniectari
1781 2585 1843 2612 licet,
1855 2587 1899 2608 sor-

1052 2625 1111 2644 tasse
1136 2623 1188 2645 huic
1211 2622 1312 2650 opinioni
1336 2623 1467 2646 adhaesisse
1488 2630 1541 2646 cum
1564 2624 1659 2646 doctore
1682 2625 1807 2652 Seraphico
1830 2625 1898 2647 etiam

1051 2661 1186 2690 Angelicnm
1199 2670 1220 2683 n.

1114 2700 1122 2712 ²
1141 2701 1205 2723 Vei-s.
1228 2701 1261 2723 19.
1280 2707 1327 2730 seq.

1113 2737 1122 2750 ³
1142 2739 1206 2761 Vers.
1227 2739 1248 2761 4.
1266 2739 1287 2761 5.
1305 2743 1326 2761 et
1344 2740 1391 2762 Gal.
1410 2740 1430 2767 5,
1449 2741 1470 2762 6.
1488 2744 1509 2762 et
1528 2741 1570 2762 lac.
1588 2742 1615 2768 ⁴2,
1633 2741 1670 2762 20.

1113 2776 1122 2788 ‘¹
1140 2777 1206 2799 Vers.
1226 2778 1261 2799 18.
1278 2784 1338 2806 seq.;
1357 2779 1461 2806 sequitur
1479 2778 1517 2801 lob
1539 2779 1573 2805 17,
1586 2780 1608 2801 3.
1626 2783 1647 2801 et
1664 2779 1785 2807 respicitur
1802 2786 1821 2801 c.
1841 2780 1858 2805 1,
1876 2780 1898 2801 3.

1113 2814 1122 2827 ⁵
1139 2816 1269 2844 Respicitur
1287 2816 1325 2838 lob
1347 2818 1364 2844 l,
1386 2818 1419 2839 13.
1437 2824 1501 2846 seqq.
1520 2820 1542 2839 et
1558 2818 1610 2839 dem
1629 2824 1648 2839 c.
1667 2819 1688 2844 2,
1706 2819 1728 2840 7.

1113 2853 1122 2866 ⁰
1140 2854 1178 2876 lob
1197 2856 1218 2882 ⁵2,
1236 2856 1262 2882 8;
1280 2859 1408 2884 sequuntur
1425 2862 1444 2877 c.
1467 2856 1499 2883 17,
1518 2857 1538 2878 3.
1557 2859 1579 2877 et
1596 2856 1630 2878 ΡΒ.
1653 2856 1701 2883 ΙΞ-Ιι,
1723 2857 1741 2878 1.

1114 2892 1122 2905 ⁷
1142 2893 1182 2915 ier.
1203 2894 1236 2920 17,
1254 2894 1275 2916 ὅ.

1113 2931 1123 2943 ⁹
1139 2932 1195 2960 Cap.
1212 2933 1253 2957 50.
1276 2933 1293 2954 1.
1311 2933 1332 2955 ὃ.

1114 2970 1133 2983 ¹⁰
1152 2972 1216 2994 Vers.
1238 2973 1258 2999 Ι;
1274 2975 1403 3000 sequuntur
1421 2973 1486 2995 tit-cii.
1509 2973 1542 3000 13,
1560 2973 1596 2995 20.
1614 2977 1637 2996 et
1654 2974 1701 2996 isai.
1720 2973 1757 3002 54,
1779 2974 1811 2996 11.
1830 2981 1877 3003 seq.

1765 2895 1774 2907 Β
1794 2896 1858 2918 Vers.
1880 2896 1897 2918 1.

1920 634 1971 660 item,
1985 634 2033 660 insuv

1919 662 1971 676 §ione
1986 663 2033 676 cari-

1956 681 2006 699 tatis,

1921 1521 1973 1543 item,
1987 1521 2036 1547 insuff

1913 1545 1965 1563 sione
1978 1546 2045 1571 sancti·

1953 1570 2004 1586 tatis.
