2243 3348
225 976 306 999 Spiritus
317 980 357 998 per-

249 999 332 1018 factivus.

245 1724 264 1742 Ξ.
279 1723 351 1742 Franci-

235 1753 277 1766 scus
290 1749 352 1770 protu-

235 1772 257 1789 lit
269 1771 345 1789 iudicia.

242 1959 267 1977 De
281 1958 351 1982 primis.

372 150 427 177 582

373 230 461 255 tamen
484 226 615 262 sapientia
644 224 756 252 suerunt
784 225 810 250 et
833 221 1061 258 praedicaverunt
1092 222 1119 247 et
1146 218 1214 246 alios

372 274 575 301 instruxerunt.
603 271 700 298 Beatus
728 268 888 296 Franciscus
916 274 1069 294 sermonem
1098 264 1213 293 fabrica-

371 324 449 348 verat
469 327 504 347 ex
527 317 638 346 consilio
659 314 759 343 domini
783 315 868 349 Papae
883 312 1016 348 Gregorii,
1035 319 1117 347 quem
1133 310 1214 338 (10110-

372 367 417 394 bat
432 365 589 401 praedIcare
603 370 694 391 Coralli
711 360 842 393 Honorio;
858 362 885 387 et
900 366 962 387 cum
979 357 1094 386 debehat
1110 356 1213 393 praedi-

372 420 449 445 care,
471 411 537 439 nihil
560 409 653 441 scivit;
675 410 701 436 et
718 410 782 435 tunc
803 406 889 433 dixit:
916 416 929 429 «
944 404 1135 432 Fabricaverat
1147 402 1213 430 mihi

371 458 490 495 quidam,
506 456 607 485 scilicet
621 453 770 490 Gregorius
784 460 873 480 nonus
889 452 967 487 Papa,
979 457 1133 478 sermonem
1149 449 1213 477 sub—

371 505 460 535 tilem,
482 510 564 539 quem
587 501 658 529 volui
682 499 758 527 vohis
781 498 947 534 praedicare,
969 499 996 525 et
1024 496 1104 524 modo
1126 498 1213 523 totum

371 558 430 579 sum
453 549 562 577 oblitus.
587 548 756 583 Exspectate,
771 548 798 573 et
820 544 921 580 rogaho
936 543 1097 575 Dominum,
1120 546 1150 570 ut
1169 542 1214 570 det

370 596 435 624 mihi
458 594 560 631 aliquid
575 593 666 621 dicere
682 604 694 617 »
708 603 714 623 ;
730 596 756 620 et
771 599 834 619 cum
850 592 968 623 orasset,
983 589 1085 625 optime
1109 588 1214 624 praedi-

370 643 448 671 cavit.
465 641 559 677 Super
574 648 654 667 senes
670 638 803 666 intellexit
819 639 847 670 ¹‚·
869 643 986 672 maguus
1007 635 1067 669 fuit,
1089 635 1122 663 de
1137 642 1213 663 crea-

371 688 440 717 turis
461 691 487 716 01
508 687 541 715 de
556 686 728 722 simplicitate
743 683 913 712 aeternitatis
928 685 1002 710 recte
1022 681 1212 718 respondebat.

369 735 425 762 Non
449 734 544 762 hahuit
566 734 727 769 potestatem
756 730 910 766 alligatam;
941 732 1014 757 totus
1042 728 1214 756 illuminatus

369 781 435 814 fuit;
457 788 557 808 arcana
580 778 718 807 revelabat
739 780 765 805 et
786 776 946 805 absentibus
961 775 1098 811 apparuit.
1115 774 1214 803 Habuit

369 828 496 864 spiritum
519 825 741 854 illuminativum.
758 823 783 851 Si
800 823 928 851 volumus
943 822 1026 850 istum
1043 821 1150 849 radium
1172 830 1214 849 sa-

370 874 486 911 pientiae
507 872 656 908 snscipere,
679 879 732 899 non
755 870 884 898 sistamus
906 869 979 897 circa
1001 868 1147 896 sensibilia.

448 920 540 948 Tertio
560 919 633 947 dedit
654 918 676 946 ei
701 917 833 945 Dominus
854 916 982 952 spiritum
1002 914 1213 952 perfectivum,

370 968 416 1004 qui
439 966 554 995 solidum
578 965 640 993 facit
663 964 799 992 hominem
822 966 849 991 et
874 963 1084 995 inconcussum,
1109 962 1215 998 perlicit

370 1014 508 1042 hominem
531 1016 557 1041 et
579 1012 641 1040 facit
663 1019 725 1039 eum
750 1010 870 1046 plenum.
894 1009 932 1037 De
953 1009 1005 1037 isto
1027 1009 1124 1045 spiritu
1148 1009 1214 1037 dici-

371 1064 415 1089 tur
437 1061 462 1088 in
487 1058 672 1087 Ecclesiastico
688 1058 714 1085 2:
744 1056 879 1085 Trans-tte
901 1056 941 1084 ad
962 1064 1005 1084 me
1027 1064 1134 1089 omnes,
1163 1056 1216 1093 qui

368 1105 572 1143 concupiscitis
594 1113 646 1137 nze,
668 1108 692 1132 et
714 1112 733 1132 (ι
752 1102 990 1141 generationibus
1018 1102 1089 1131 ineis
1117 1102 1214 1139 imple-

368 1154 448 1182 mini.
472 1153 601 1189 Spiritus
622 1152 697 1179 enini
719 1158 801 1179 meus
814 1158 903 1186 super
924 1149 980 1177 met
1000 1149 1104 1183 (lulcis,
1126 1154 1150 1177 et
1169 1148 1214 1178 lie-

370 1200 479 1229 reditcts
500 1208 563 1227 mett
584 1207 672 1235 snper
693 1197 749 1226 wel
762 1201 787 1225 et
801 1196 914 1234 favum.
939 1197 1061 1233 Implevit
1076 1204 1138 1225 eum
1163 1197 1214 1225 Do-

370 1248 460 1276 minus
481 1247 579 1283 spiritu
603 1246 653 1273 isto
674 1248 701 1273 et
721 1244 795 1273 dedit
816 1244 838 1272 ei
862 1251 987 1280 saporem
1011 1247 1038 1272 01
1060 1244 1151 1272 cibum
1171 1252 1213 1272 so-

369 1295 469 1326 lidum;
490 1293 683 1330 perfeetorum
707 1291 788 1319 cibus
809 1291 921 1319 solidus
943 1295 991 1319 est.
1023 1291 1073 1319 iste
1099 1291 1214 1327 spiritus

368 1342 431 1370 facit
452 1339 669 1369 condescendere
690 1338 722 1366 ad
745 1346 776 1366 ca
798 1346 869 1374 quae
884 1343 949 1366 sunt
971 1337 1107 1374 perfectae
1131 1338 1215 1365 virtu-

369 1389 411 1417 tis,
432 1387 560 1415 «Caritas
583 1390 704 1414 meretur
720 1385 824 1421 augeri,
841 1388 871 1412 ut
892 1387 973 1412 aucta
988 1384 1148 1421 perficiatur
1160 1385 1170 1400 ³
1187 1396 1213 1417 »‚

368 1439 395 1464 et
415 1434 521 1463 dicebat
542 1441 604 1462 cum
627 1433 766 1469 apostolo:
785 1432 876 1468 Cupio
898 1431 1018 1460 dissolvi
1031 1435 1057 1459 et
1074 1440 1132 1459 esse
1147 1440 1212 1460 cum

371 1481 490 1510 Cliristo.
516 1481 552 1508 De
581 1480 631 1508 isto
659 1479 758 1515 spiritu
786 1478 888 1506 dicitur
920 1478 946 1506 in
977 1478 1096 1506 Psalmo:
1121 1478 1215 1506 Redite

369 1528 441 1557 ›nilii
461 1528 598 1556 laetitiam
622 1527 767 1554 salutaris
797 1526 841 1554 tui
861 1530 885 1553 et
913 1526 1022 1562 spiritu
1051 1525 1215 1562 principali

368 1576 510 1611 confirma.
531 1583 583 1602 me.
607 1574 638 1601 Et
660 1573 792 1609 apostolis
820 1572 924 1601 dictum
947 1575 989 1601 est
1003 1574 1029 1600 ⁴:
1060 1572 1214 1608 Accipietis

369 1622 503 1650 virtutem
524 1620 751 1657 supervenientis
774 1619 903 1656 Spiritus
924 1619 1021 1648 saneti
1041 1619 1071 1647 tn
1095 1628 1150 1647 uos.

448 1668 533 1701 Modo,
555 1667 664 1704 quando
687 1667 768 1695 istum
792 1666 927 1702 triplicem
951 1666 1079 1702 spiritum
1103 1666 1213 1700 hahuit,

369 1719 434 1744 tunc
460 1714 582 1752 protulit
613 1714 741 1742 indit-id.-
765 1714 869 1750 primo,
891 1721 940 1749 per
965 1713 1214 1750 exemplurituteni

369 1763 542 1791 deiformium
569 1761 720 1793 virtutum;
746 1760 879 1794 secundo,
903 1768 951 1797 per
976 1759 1214 1797 infitllibilitutetn

369 1809 592 1847 propheticarum
615 1808 829 1842 revelationum
851 1808 942 1841 tertio,
965 1816 1013 1844 per
1034 1807 1214 1836 arduitatem

369 1857 527 1885 sublimium
551 1856 747 1892 prodigiorum.

448 1903 552 1937 Primo,
575 1902 650 1936 dico,
675 1902 788 1939 protulit
811 1901 910 1930 iudicia
932 1910 981 1938 per
1009 1901 1215 1939 exemplarite-

370 1955 423 1978 tem
444 1949 631 1987 deiformium
650 1949 810 1981 virtutum,-
827 1949 938 1985 quando
953 1949 1035 1977 homo
1051 1949 1087 1977 ita
1101 1949 1215 1977 exhibet

371 2005 408 2031 se,
431 1997 502 2033 quod
526 1997 592 2024 nihil
615 1996 841 2032 reprehensibile,
864 1996 933 2024 nihil
955 1996 1129 2029 iracundiae,
1147 1996 1213 2024 nihil

369 2044 518 2072 dolositatis
540 2043 621 2072 estin
644 2051 690 2075 e0;
715 2046 779 2071 lunc
801 2043 889 2071 credit
910 2043 1005 2077 homo,
1021 2043 1093 2080 quod
1117 2043 1152 2071 sit
1173 2043 1215 2071 iu-

369 2094 428 2119 stus
459 2094 484 2118 et
513 2090 586 2127 quod
615 2090 649 2118 sit
677 2090 791 2126 angelus
819 2090 876 2118 Dei.
900 2090 963 2118 Non
986 2090 1081 2118 salvat
1111 2089 1215 2126 impios

370 2137 501 2165 Dominus
516 2141 539 2165 et
561 2137 703 2165 izulieiutn
718 2136 899 2174 pauperibus
915 2137 1017 2165 tribuit
1029 2137 1048 2164 ⁵.
1067 2136 1213 2165 Iudicium

372 2184 437 2217 Dei,
462 2183 586 2211 iudiciale
609 2183 777 2211 mandatum.
806 2184 904 2212 Beatus
924 2184 1086 2212 Franciscus
1108 2183 1215 2220 praedi-

370 2230 441 2258 cavit
461 2230 552 2258 divina
573 2234 727 2267 praecepta,
749 2231 840 2259 divina
863 2231 1011 2267 promissa,
1032 2231 1125 2259 divina
1146 2231 1215 2259 iudi-

370 2277 418 2304 cia.
443 2277 525 2305 Dicit:
547 2277 693 2305 iudicium
710 2278 893 2314 pauperibus
915 2278 1034 2310 tributu
1057 2278 1129 2306 unde
1144 2277 1216 2305 dixit

371 2324 502 2351 Dominus
518 2324 665 2360 apostolis:
690 2326 791 2358 Anien,
807 2325 870 2352 (lico
887 2325 981 2359 uobis,
998 2325 1074 2363 quod
1089 2333 1150 2359 008,
1165 2325 1217 2362 qui

372 2370 528 2407 reliquistis
549 2370 648 2398 omniu
670 2374 693 2398 et
707 2372 799 2399 secuti
819 2371 886 2399 estis
901 2380 954 2405 me,
969 2371 1101 2399 sedebitis
1123 2375 1147 2399 et
1165 2379 1215 2399 vos

370 2424 458 2452 super
479 2417 558 2444 seiles
579 2417 741 2451 duodecim,
763 2417 926 2446 iudicantes
948 2418 1099 2446 duodecim
1121 2417 1215 2446 tribus

371 2463 471 2491 Israel.
492 2463 641 2492 Scribitur:
660 2464 774 2492 luttieict
788 2464 901 2501 profert
916 2465 1006 2493 omnis
1020 2465 1103 2493 homo
1115 2466 1160 2500 (ἲ).
1178 2465 1215 2493 De

371 2510 492 2546 praelato
506 2510 621 2538 dicitur:
645 2511 856 2547 Speculatorem
874 2512 940 2540 (ledi
960 2516 984 2540 te
999 2512 1018 2539 ⁶.
1042 2512 1161 2541 Deberes
1176 2512 1215 2540 sic

435 2662 441 2674 ¹
461 2663 541 2685 Psalm.
565 2664 617 2690 118,
640 2665 689 2686 100.

434 2701 442 2713 ²
460 2701 515 2729 Cap.
533 2703 569 2730 21,
589 2703 625 2725 26.
642 2709 704 2731 seq.;
724 2704 827 2732 sequitur
845 2705 913 2726 110111.
931 2705 957 2733 5,
980 2705 1012 2727 14.

434 2740 443 2752 ⁸
460 2741 564 2768 August..
583 2742 652 2769 Epist.
676 2743 724 2764 186.
743 2743 806 2771 (alias
827 2744 885 2772 106.)
898 2751 917 2766 c.
930 2745 951 2766 3.
965 2752 986 2766 11.
1003 2746 1037 2767 10.
1050 2745 1104 2767 etin
1119 2747 1131 2768 1.
1146 2746 1214 2773 Epist.

375 2780 432 2801 ioan.
451 2782 477 2801 tr.
495 2781 515 2802 ὃ.
533 2787 555 2802 11.
574 2780 598 2807 4,
618 2784 746 2809 sequuntur
763 2783 815 2804 Phil.
839 2783 856 2809 Ι,
874 2784 910 2805 23.
928 2787 946 2805 et
968 2785 1000 2805 Ds.
1020 2785 1060 2811 50,
1083 2785 1116 2806 13.

435 2819 442 2830 ·¹
460 2819 508 2840 Act.
525 2821 541 2842 t.
554 2820 575 2841 8.

434 2856 443 2868 Β
461 2859 538 2879 [izei-h.
553 2860 573 2884 3,
591 2859 623 2880 17.
635 2871 665 2875 —
679 2860 727 2881 Duo
740 2864 862 2888 sequentes
875 2861 916 2882 loci
929 2865 981 2883 sunt
993 2862 1097 2889 Gregon,
1107 2863 1157 2885 XV.
1172 2864 1214 2885 MO⁴

373 2896 412 2917 rai.
424 2902 443 2918 c.
460 2896 491 2917 l-t.
505 2903 526 2918 n.
545 2898 577 2918 l7.
589 2901 610 2919 et
623 2897 747 2925 chrysost„
759 2900 836 2921 homil.
851 2899 886 2921 43.
899 2900 922 2921 10
936 2901 1010 2922 Matth.
1021 2900 1094 2928 (Opus
1107 2901 1215 2929 11011011),

436 2934 443 2947 ⁷
462 2936 531 2963 Apoc.
550 2937 571 2963 7,
590 2938 610 2958 2.
628 2943 676 2965 seq.

745 2820 753 2833 ὖ
773 2822 809 2843 101)
828 2822 864 2848 36,
878 2822 904 2848 63
922 2824 1025 2851 sequitur
1037 2824 1112 2845 Matth.
1129 2824 1162 2850 19,
1175 2825 1212 2846 28,
1243 2810 1244 2820 ἵ

1043 142 1215 170 sERMONEs
1235 141 1277 169 DE
1299 140 1439 168 SANCTIS.

1272 217 1372 250 vivere,
1394 216 1466 252 quod
1491 216 1544 244 vita
1568 220 1613 244 tua
1636 216 1773 252 praedicet
1794 216 1930 245 omnihus.
1958 228 1971 241 «
1987 217 2056 246 Bene
2078 217 2115 246 lo-

1270 263 1317 299 qui
1339 265 1366 290 et
1388 262 1458 290 male
1481 261 1572 290 vivere
1594 265 1634 290 est
1656 269 1685 290 se
1708 262 1799 298 lingua
1820 270 1870 291 sua
1891 263 2073 292 condemnare
2088 275 2114 291 ».

1275 320 1287 334 «
1303 309 1353 345 Qui
1367 308 1437 336 male
1449 308 1545 336 vivunt
1559 311 1586 336 et
1601 308 1759 344 praedicant
1772 309 1850 342 110110,
1863 309 1949 338 Deum
1963 309 2114 344 instruunt,

1270 355 1389 391 qualiter
1417 354 1515 382 debeat
1542 362 1588 383 eos
1616 355 1840 383 condemnare».
1871 356 1981 392 Legitur
1997 356 2016 390 ⁷,
2042 356 2115 393 quod

1272 400 1410 438 dometii-9,
1432 401 1478 437 qui
1503 401 1576 429 venit
1598 401 1634 429 ab
1656 405 1722 429 ortu.
1741 402 1824 435 sotis,
1839 402 1967 439 sigynavit
1988 403 2022 431 ab
2042 399 2116 432 omni

1272 448 1345 476 tribu
1370 456 1468 476 servos
1492 448 1543 476 Dei
1564 448 1653 477 [srael.
1678 448 1713 476 1111
1744 452 1809 477 suut
1836 449 1950 486 signati,
1979 449 2024 486 qui
2052 452 2117 478 sunt

1270 501 1382 522 sursum
1405 494 1431 522 in
1454 494 1586 522 conformi
1609 495 1664 523 vita
1685 495 1795 524 Christi.

1349 540 1474 569 Secundo
1496 541 1611 577 protulit
1632 541 1730 570 heatus
1750 542 1912 571 Franciscus
1940 542 2040 572 iudicia
2068 551 2116 580 per

1271 586 1508 623 infallibilitatem
1535 586 1776 624 propheticarum
1805 589 2022 618 revelationum.
2051 590 2116 626 Qui-

1270 634 1331 662 dam
1348 634 1358 650 s
1381 633 1432 662 t'uit
1462 634 1632 671 impudicus,
1654 635 1783 671 gulosus,
1805 635 1981 670 incurvatus;
2005 645 2118 674 rogave-

1272 683 1338 708 runt
1360 680 1483 709 homines
1506 681 1615 709 heatum
1639 681 1830 716 Franciscum,
1858 682 1930 719 quod
1960 682 2049 719 ipsum
2079 682 2118 710 vi-

1271 727 1380 761 sitaret;
1403 731 1430 756 01
1450 728 1537 756 dixit:
1565 728 1693 756 «Faciam
1716 728 1841 763 libenter,
1858 729 1923 766 quia
1942 729 2044 766 rogatis
2059 737 2117 764 me;

1271 774 1317 802 sed
1340 774 1422 808 sciat,
1444 775 1472 802 Si
1492 775 1531 803 acl
1554 775 1692 803 uomitum
1708 775 1836 809 redierit,
1851 775 1973 805 deterius
1987 776 2039 804 erit
2054 776 2116 805 ei».

1271 821 1370 858 Tetigit
1397 829 1478 855 eum,
1500 824 1526 850 et
1548 825 1702 850 sonuerunt
1723 830 1785 851 ossa
1810 831 1875 856 sua,
1897 825 1924 852 et
1945 823 1991 860 qui
2014 831 2118 852 curvus

1271 867 1323 895 fuit
1346 868 1423 904 prius
1438 869 1513 897 stetit
1535 871 1628 897 rectus
1642 876 1727 905 super
1742 877 1812 898 ossa.
1829 869 1922 898 Postea
1937 877 1985 906 per
2007 869 2118 907 aliquod

1272 918 1381 951 tempus
1404 915 1447 944 1110
1469 916 1569 952 incepit
1587 916 1709 944 oblivisci
1726 924 1823 944 eorum
1838 924 1909 953 quae
1924 916 2021 946 beatus
2036 917 2119 946 Fran-

1271 961 1361 990 ciscus
1382 962 1404 990 ei
1428 961 1546 996 dixerat,
1562 966 1588 991 et
1609 962 1749 991 rediitad
1767 963 1916 991 vomitum.
1933 963 2055 999 Quadam
2075 963 2119 993 die

1272 1008 1389 1037 comedit
1410 1016 1472 1037 cum
1496 1009 1642 1043 canonicis,
1664 1009 1761 1038 cecidit
1782 1009 1890 1043 (lomus,
1903 1013 1929 1038 et
1950 1018 2046 1039 omnes
2060 1018 2120 1039 eva-

1272 1059 1369 1084 serunt
1390 1059 1501 1092 praeter
1523 1056 1622 1092 ipsum.

1353 1103 1451 1131 Ultimo
1473 1103 1589 1139 protulit
1612 1103 1712 1132 iudicia
1741 1112 1789 1140 per
1818 1104 1995 1133 ardu-itatem
2025 1104 2118 1133 mira-

1272 1149 1424 1182 culorum,⁴
1445 1150 1562 1186 Apostoli
1588 1153 1711 1187 potentes
1732 1150 1847 1179 suerunt
1868 1151 1894 1179 in
1917 1151 2072 1185 miraculis;
2089 1152 2119 1180 in

1272 1197 1333 1224 vitu
1354 1205 1411 1225 sua
1433 1200 1566 1225 vmonstrt«.
1587 1196 1736 1234 faciebant
1757 1201 1781 1226 et
1802 1198 1833 1226 in
1855 1201 1946 1226 morte
1967 1198 2119 1227 mirabilia

1272 1244 1386 1280 operati
1406 1248 1475 1272 seint
1490 1244 1508 1271 ³.
1532 1244 1661 1273 Similiter
1690 1244 1787 1274 beatus
1812 1245 1974 1273 Franciscus
2000 1245 2064 1274 ferit
2093 1245 2119 1273 111

1273 1291 1327 1319 vita
1348 1299 1398 1319 sua
1419 1294 1446 1319 et
1469 1295 1528 1327 post
1552 1291 1632 1319 vitam
1655 1291 1797 1320 miracula.

1352 1338 1492 1371 1101010115,
1514 1338 1652 1374 quomodo
1674 1338 1770 1367 heatus
1791 1338 1952 1367 Franciscus
1976 1341 2120 1368 assecutus

1271 1387 1312 1413 est
1339 1384 1522 1412 humilitatem
1555 1384 1735 1421 profundam,
1758 1385 1889 1414 virtutem
1922 1385 2064 1422 probatam
2093 1388 2120 1415 et

1271 1431 1412 1460 caritatem
1435 1431 1595 1467 plenariam,
1619 1435 1648 1460 ut
1670 1431 1708 1460 sic
1723 1432 1868 1468 pervenire
1892 1432 2000 1468 possitis
2014 1432 2047 1460 ad
2062 1432 2120 1469 glo-

1273 1480 1340 1506 riam
1363 1482 1520 1512 aeternani;
1544 1478 1576 1506 ad
1599 1486 1681 1515 quam
1705 1487 1754 1507 005
1774 1478 1908 1515 perducat
1929 1479 2055 1516 quicum
2073 1479 2120 1507 Pa-

1273 1529 1314 1553 tre
1335 1529 1386 1554 etc.
1403 1526 1426 1542 1⁰

1604 1620 1694 1647 5011110
1717 1619 1790 1647 [1111.

1353 1713 1468 1741 (ΣΙ-001111
1492 1713 1567 1741 Deus
1589 1712 1732 1741 nominem
1755 1714 1794 1741 ud
1815 1713 1973 1750 imagyinern
1993 1717 2018 1742 et
2038 1713 2119 1742 simi-

1272 1760 1423 1788 litudinem
1444 1769 1544 1794 suain,
1565 1760 1677 1789 Genesis
1699 1761 1788 1797 primo
1804 1762 1835 1789 ¹².

2136 1347 2227 1372 Repetitio.

2239 1156 2242 1209 1

2240 1235 2243 1320 l

2241 1322 2243 1382 l

2242 1397 2243 1412 1

1352 1808 1379 1835 10
1401 1807 1508 1844 primis,
1530 1810 1679 1844 antequam
1701 1816 1855 1845 prosequar
1871 1809 1955 1837 verba
1971 1808 2118 1846 proposita,
2140 1817 2239 1839 introeunti

1274 1855 1334 1883 volo
1356 1854 1523 1891 respondere
1551 1855 1660 1883 cuidam
1682 1856 1834 1892 quaestioni
1865 1856 2007 1885 cuiusdam
2034 1855 2119 1884 admi-

1273 1902 1402 1936 rationis,
1424 1910 1507 1939 quam
1531 1905 1642 1939 possent
1663 1902 1752 1931 facere
1773 1903 1872 1940 aliqui,
1894 1906 1921 1932 et
1943 1903 2011 1932 forte
2041 1903 2119 1932 multi

1273 1952 1396 1978 vestrum
1419 1949 1523 1978 faciunt
1546 1950 1572 1977 in
1594 1949 1725 1978 cordibus
1753 1950 1818 1979 suis.
1850 1950 1896 1979 illa
1917 1951 2041 1987 quaestio
2063 1954 2119 1986 est,

1272 2004 1356 2033 quam
1379 1996 1505 2024 fecerunt
1520 1996 1621 2033 angeli,
1638 1996 1753 2025 Domino
1768 1997 1932 2026 ascendente
1953 1997 1979 2025 in
1997 1998 2119 2026 caelum:

1275 2043 1346 2078 Quis
1368 2047 1409 2071 est
1429 2043 1480 2071 iste
1501 2043 1553 2080 qui
1572 2043 1649 2071 venit
1663 2043 1696 2071 {le
1714 2044 1813 2077 Edoni,
1829 2044 1926 2072 tinctis
1947 2044 2072 2072 vestibus
2087 2044 2120 2072 (le

1244 2123 1245 2129 ἵ
1274 2089 1393 2118 Bosru?
1416 2089 1497 2118 Isaiae
1519 2090 1691 2127 sexagesimo
1713 2090 1794 2119 tertio
1812 2091 1842 2118 ¹³.
1860 2091 1897 2119 lta
1915 2091 2010 2119 dicunt
2030 2091 2119 2125 multi,

1274 2137 1315 2165 vel
1339 2140 1454 2173 possunt
1481 2137 1572 2165 (11(’010
1600 2137 1633 2165 (10
1657 2145 1715 2166 me:
1742 2137 1805 2174 quis
1826 2142 1867 2166 est
1898 2138 1949 2167 iste
1976 2139 2023 2175 qui
2047 2138 2120 2167 venit

1272 2183 1306 2212 de
1335 2187 1409 2212 terra
1436 2184 1600 2220 longinqua,
1622 2184 1688 2220 quia
1717 2184 1807 2212 Ectom
1834 2184 2033 2221 interpretatur
2062 2185 2120 2213 lon-

1273 2231 1390 2267 ginqna3
1413 2231 1459 2267 qui
1483 2239 1568 2259 ausus
1590 2235 1631 2259 est
1652 2231 1726 2268 loqui
1744 2231 1769 2259 in
1787 2232 1940 2268 praesentia
1955 2235 1994 2261 tot
2009 2240 2120 2269 magno-

1274 2286 1337 2306 rum
1359 2281 1385 2306 et
1408 2278 1609 2314 praelatorum,
1632 2279 1703 2307 inter
1726 2282 1765 2307 101
1790 2282 1914 2313 sanctos,
1936 2279 2073 2316 sapientes
2093 2282 2121 2308 et

1273 2328 1391 2362 gnaros?
1407 2342 1445 2345 —-
1460 2325 1495 2353 ,td
1513 2326 1582 2354 hanc
1598 2325 1786 2362 quaestionem
1804 2334 1914 2362 possum
1938 2334 1988 2363 ego
2007 2334 2120 2363 respon-

1273 2371 1354 2405 dere⁷
1377 2372 1449 2408 quod
1472 2371 1527 2400 duo
1550 2376 1696 2400 moverunt
1717 2380 1761 2401 me-
1776 2376 1803 2401 et
1825 2373 1997 2402 induxerunt
2011 2373 2044 2401 ad
2061 2381 2120 2410 pro-

1272 2418 1398 2455 ponenda
1419 2419 1509 2455 aliqua
1532 2419 1618 2447 verba
1640 2419 1710 2448 inter
1731 2427 1778 2448 vos
1800 2420 1867 2448 tales
1888 2423 1915 2448 et
1936 2422 2035 2454 tantos,
2058 2420 2120 2448 licet

1272 2465 1441 2493 insufficiens
1457 2465 1482 2493 in
1499 2465 1612 2494 scientia
1627 2469 1653 2494 et
1668 2465 1796 2502 indignus
1811 2466 1837 2494 in
1854 2466 1917 2494 vita.
1933 2466 2021 2495 Unum
2037 2466 2119 2501 enim,

1272 2512 1345 2549 quod
1369 2515 1460 2541 movet
1481 2520 1524 2540 me
1546 2516 1572 2541 et
1595 2512 1705 2541 induxit
1726 2513 1758 2541 ad
1781 2513 1846 2546 hoc,
1868 2513 1919 2542 fuit
1942 2515 2119 2550 praeceptum

1334 2667 1343 2680 ὃ
1361 2668 1467 2695 Legenda
1486 2667 1533 2695 cit„
1553 2674 1575 2690 c.
1591 2668 1612 2689 8.
1630 2674 1653 2689 n.
1670 2668 1695 2695 ὅ,
1713 2667 1751 2689 11111
1770 2667 1891 2695 respicitur
1908 2667 1974 2690 Prov.
1993 2668 2029 2695 26,
2052 2668 2084 2688 11.

1335 2705 1344 2718 ⁹
1362 2707 1428 2728 Eccli.
1447 2706 1483 2734 48,
1506 2707 1539 2729 15.

1335 2744 1354 2757 ¹⁰
1372 2745 1515 2768 Praecedens
1531 2752 1608 2768 sermo
1626 2748 1659 2767 est
1677 2746 1743 2768 valde
1760 2745 1895 2773 imperfecte
1911 2746 2055 2775 reportatus.

1336 2784 1353 2797 ¹¹
1372 2786 1401 2807 Ex
1421 2784 1525 2807 biblioth.
1543 2785 1666 2807 Vaticanae
1683 2786 1734 2807 cod.
1752 2792 1773 2807 0.
1790 2785 1855 2807 1265.
1872 2791 1925 2813 pag.
1939 2785 1976 2807 11.
1992 2797 2022 2801 -
2036 2785 2067 2807 De
2083 2790 2119 2807 eo-

1272 2824 1325 2846 dem
1339 2825 1438 2846 themate
1455 2824 1475 2846 in
1489 2824 1595 2852 pluribus
1610 2824 1686 2852 codd,
1701 2827 1726 2846 ut
1739 2824 1857 2846 parisiensi
1873 2824 1982 2846 Natiouali
1996 2830 2020 2846 n.
2038 2824 2118 2846 18188.

1273 2865 1308 2886 sol.
1331 2864 1371 2886 119
1389 2871 1422 2891 v.y
1439 2863 1537 2886 habetur
1554 2870 1630 2886 sermo
1648 2864 1676 2886 (10
1694 2864 1717 2886 S.
1734 2864 1861 2886 Francisco.
1874 2876 1905 2880 —
1917 2864 2032 2886 Manifesta
2049 2865 2118 2891 patet,

1271 2902 1301 2924 ab
1319 2903 1389 2924 aliena
1410 2909 1478 2925 manu
1496 2909 1627 2925 sermonem
1645 2909 1696 2925 esse
1712 2905 1864 2931 reportatum.

1336 2941 1354 2954 ¹²
1373 2942 1438 2964 Vers.
1456 2942 1492 2964 27.
1511 2942 1549 2964 26.
1977 2940 1996 2953 ¹³
2014 2942 2079 2963 Vers.
2100 2942 2118 2963 1.

2099 1856 2103 1860 .
2132 1841 2172 1860 loco
2183 1840 2243 1865 1111111111

2165 1864 2221 1884 mutin.
