2243 3348
219 1039 321 1058 Secundus.

240 1424 320 1443 Tertius.

234 1895 320 1918 Quartus.

234 2066 319 2090 Quintus.

246 2322 319 2341 Serius.

224 2491 318 2514 Septimus

204 2519 245 2532 cum
266 2516 319 2537 parte

203 2537 251 2556 infra
265 2537 318 2556 edili.

342 144 358 172 6
1096 134 1331 165 lNTRODUCTlO.

341 221 375 246 ibi
394 221 527 247 ascribitur
545 221 634 246 celebri
652 220 737 245 nostro
757 219 799 244 Fr.
818 218 906 243 Ioanni
925 217 953 241 de
977 215 1084 247 Rupella
1109 215 1183 246 (mor-

341 264 401 289 tuus
419 264 458 289 est
482 264 546 289 circa
570 270 610 288 an.
636 261 724 293 1245).
750 261 807 286 Non
834 260 973 285 invenimus
1001 258 1060 283 alibi
1088 256 1181 284 ullum,

341 308 383 339 qui
403 306 527 338 praedicto
545 306 634 331 Ioanni
652 305 702 329 tale
721 303 866 335 opusculum
885 302 989 327 tribuat.
1009 301 1073 326 Hinc
1092 299 1183 330 princi-

342 351 410 382 pium
427 350 505 375 libelli
524 349 563 374 hic
582 348 754 373 describimus:
785 356 797 368 «
810 345 903 377 Incipit
928 351 1057 376 processus
1080 342 1183 368 Ioannis

342 393 370 418 de
389 393 502 423 Rupella‚
521 392 550 416 ut
568 391 646 419 credo,
666 389 764 414 Fratris
783 388 882 413 Ordinis
900 388 1032 412 Minorum.
1053 386 1113 411 Cum
1131 385 1183 416 plu-

341 443 381 461 res
400 436 451 460 sint
469 434 533 459 modi
552 433 693 465 negotiandi
712 432 776 456 circa
795 430 915 459 themata,
934 430 963 454 ut
981 429 1069 454 melius
1088 428 1183 459 pateat,

341 478 448 510 qualiter
472 478 534 502 vitia
558 476 610 501 sint
629 475 738 503 vitanda,
757 474 782 498 et
800 473 907 504 qualiter
934 473 999 497 circa
1023 471 1123 503 singula
1151 471 1184 495 sit

341 521 471 554 agendum,
491 521 598 551 primum
611 519 640 543 dc
659 519 738 549 primo
750 517 790 541 hic
803 516 913 541 notatur.
932 530 967 533 —-
979 515 1078 540 Primus
1098 514 1184 539 modus

342 565 388 594 est,
407 563 505 595 quando
523 562 551 587 de
571 561 698 593 proposito
717 560 826 584 themate
845 558 982 583 assumitur
1001 565 1051 582 una
1070 557 1139 582 radix
1157 557 1182 581 in

340 607 386 631 hac
404 606 496 635 forma:
516 604 623 636 ponatur
643 610 686 634 pro
709 602 832 627 themate:
854 600 944 626 Sobrie
966 602 989 625 ei
1014 601 1078 625 iuste
1096 600 1120 624 ct
1139 599 1184 630 pic

340 650 454 674 *vivamus
474 648 501 672 in
514 647 560 672 hoc
572 646 672 671 saeculo
686 645 706 675 ¹;
724 645 837 669 eliciatur
850 644 909 669 talis
922 644 1000 672 radix,
1014 643 1107 668 scilicet
1120 642 1184 673 quod

340 691 421 716 verbis
440 690 575 721 propositis
588 688 735 714 describitur
749 687 865 718 perfectio
877 687 924 711 viri
937 686 1011 715 iusti:
1024 685 1053 710 de
1071 685 1184 710 assumta

340 734 420 759 radice
440 732 611 764 producuntur
629 731 769 756 immediate
788 730 858 758 rami,
877 730 919 761 qui
937 729 967 753 de
980 729 1034 760 ipsa
1053 728 1134 753 radice
1147 735 1184 752 ar-

340 776 474 801 tificialiter
493 775 581 800 exeant
606 775 631 800 et
656 781 701 805 pro
727 773 887 802 sufficientia:
913 772 982 797 verbi
1006 772 1097 803 gratia,
1123 771 1184 800 dico,

340 819 404 851 quod
422 820 447 844 in
466 819 549 843 verbis
568 818 702 849 propositis
723 816 871 841 describitur
897 815 1012 846 perfectio
1037 815 1084 839 viri
1109 814 1183 843 iusti:

339 862 513 887 assumendum
533 861 571 886 est
589 861 638 885 ita:
659 860 701 884 sed
720 860 778 891 quia
803 858 919 890 perfectio
944 858 990 882 viri
1016 856 1075 882 iusti
1101 856 1185 888 potest

340 913 393 930 esse
413 912 456 936 per
474 904 652 929 ordinationem
666 903 704 927 sui
717 902 747 926 ad
767 909 803 927 se.
825 902 875 925 sive
894 901 925 925 ad
939 900 1091 931 prociarum
1110 900 1135 924 et
1154 899 1185 923 ad

339 948 438 977 Delum
456 947 492 971 ita
510 947 559 971 tria
578 946 693 970 dicuntur
706 955 718 967 »
741 944 787 969 etc.

409 990 562 1021 Waddingus
576 988 584 1001 ³
611 988 713 1013 ascribit
730 988 818 1013 Ioanni
838 987 966 1011 Guallensi
993 985 1134 1017 (Wallensi)
1155 985 1184 1009 si-

339 1034 420 1058 milem
432 1033 575 1061 tractatum,
589 1033 629 1063 qui
641 1032 746 1056 habetur
759 1031 881 1061 Parisiis,
895 1030 1008 1055 biblioth.
1022 1029 1183 1058 Mazzarinea,

340 1076 391 1101 eod.
411 1076 469 1105 295,
489 1075 590 1100 membr.
610 1082 674 1099 saec.
692 1074 764 1098 XIV:
793 1083 804 1095 «
819 1073 918 1104 Incipit
941 1073 1067 1097 tractatus
1091 1071 1185 1101 fratris

339 1119 449 1144 Iocmm's
471 1118 600 1143 Gctllensis
619 1118 648 1142 (lc
660 1117 726 1142 Arte
734 1116 889 1147 predicandi
901 1126 925 1141 ».
946 1116 1059 1140 Divisum
1076 1115 1114 1140 est
1127 1122 1185 1146 opu-

340 1162 433 1187 sculum
453 1162 477 1186 in
496 1162 512 1186 4
526 1161 642 1192 capitula.
657 1175 691 1177 —
703 1160 772 1185 Idem
792 1166 854 1190 opus
872 1159 979 1184 habetur
998 1159 1071 1183 etiam
1091 1159 1117 1183 in
1135 1158 1184 1183 alio

340 1205 419 1230 codice
432 1205 546 1232 Parisiis,
566 1203 677 1228 biblioth.
691 1203 842 1229 Nationalis,
857 1202 958 1228 Collect.
977 1202 1112 1233 Supplem.,
1132 1201 1183 1226 cod.

341 1248 435 1277 17834,
455 1248 557 1272 membr.
571 1254 632 1272 saec.
647 1247 699 1275 XV,
713 1246 755 1277 qui
768 1246 848 1271 multa
861 1245 937 1270 babet
949 1245 1056 1270 eiusdem
1076 1245 1185 1270 auctoris

340 1298 428 1322 opera:
448 1291 509 1315 illud
528 1290 627 1321 incipit:
653 1300 664 1311 «ι
679 1289 740 1314 Cum
754 1289 835 1314 almus
850 1289 944 1313 Christi
957 1288 1081 1313 confessor
1097 1288 1185 1312 beatus

338 1334 484 1359 Francisc-us
496 1344 508 1356 »
516 1352 522 1357 .

408 1376 527 1408 Neapoli,
548 1376 659 1401 biblioth.
686 1375 822 1404 National.,
846 1375 885 1400 est
903 1375 955 1400 cod.
981 1375 1045 1405 sign.
1070 1374 1104 1399 N.
1128 1374 1182 1399 VII.

339 1420 367 1445 F.
392 1420 434 1444 29.
459 1419 560 1444 membr.
586 1426 648 1444 saec.
676 1418 728 1447 XV,
754 1419 779 1443 in
804 1425 851 1449 quo
876 1418 918 1443 fol.
945 1417 995 1442 186
1026 1425 1047 1442 r.
1075 1417 1182 1448 legitur:

342 1462 485 1487 «Doctrina
504 1462 565 1487 bone
585 1462 694 1487 Venture
719 1461 748 1485 (le
777 1461 858 1486 Dlodo
879 1460 1039 1491 predicandi.
1062 1460 1093 1485 In
1118 1460 1184 1484 omni

338 1505 520 1536 predicamento
547 1505 640 1536 quanto
668 1512 682 1529 a
710 1504 853 1535 predicante
880 1504 961 1534 magis
989 1502 1100 1528 ordinate
1127 1509 1184 1533 pro-

339 1548 446 1577 ceditur,
459 1548 529 1572 tanto
539 1548 570 1572 ab
584 1547 741 1572 audientibus
754 1547 877 1571 attentius
890 1546 1056 1574 auscultatur,
1070 1546 1123 1570 ideo
1136 1545 1181 1570 etc.

339 1591 467 1622 Imprimis
485 1591 563 1622 igitur
582 1591 621 1615 est
633 1591 745 1615 ordinate
758 1590 909 1619 notandum,
929 1589 993 1621 quod
1006 1589 1182 1614 assumendum

338 1634 377 1658 est
387 1633 470 1658 thema
481 1642 509 1658 ex
519 1641 590 1658 sacra
603 1634 731 1664 Scriptura
744 1633 882 1664 theologica
892 1643 916 1657 >›.
926 1647 961 1650 —
971 1632 1024 1657 Hoc
1037 1633 1183 1663 opusculum

336 1677 431 1701 nullius
450 1677 488 1701 est
507 1677 636 1706 momenti;
650 1676 726 1701 habet
738 1677 837 1702 tantum
851 1677 988 1707 congeriem
1002 1676 1182 1700 sententiarum

338 1720 363 1744 et
381 1720 547 1751 exemplorum
572 1720 734 1751 undequaque
753 1719 888 1748 collectam,
909 1720 1056 1750 praesertim
1076 1727 1103 1743 ex
1126 1726 1183 1750 ope-

338 1763 407 1787 ribus
426 1763 449 1787 S.
469 1763 589 1794 Gregorii.
610 1763 751 1787 Certissime
771 1770 819 1787 non
838 1762 922 1793 potest
939 1762 1043 1787 attribui
1062 1763 1085 1788 S.
1105 1762 1184 1787 Bona-

338 1805 466 1829 venturae.

408 1848 553 1878 Bononiae,
570 1848 682 1873 biblioth.
703 1848 812 1879 Collegii,
826 1848 851 1872 in
864 1847 915 1872 cod.
935 1847 977 1872 50.
991 1847 1033 1872 fol.
1054 1855 1116 1872 saec.
1130 1847 1182 1876 XV,

339 1891 446 1915 habetur
469 1891 594 1915 tractatus
612 1891 654 1915 Fr.
680 1891 797 1915 Ludovici
822 1891 851 1915 de
876 1890 959 1915 Rocha
983 1890 1042 1915 Ord.
1066 1890 1127 1915 Min.
1155 1890 1183 1915 de

339 1934 409 1959 modo
428 1934 589 1959 diversimode
608 1934 773 1965 praedicandi,
787 1934 828 1965 qui
846 1934 946 1964 incipit:
971 1944 982 1955 «
993 1934 1096 1958 Parvuli
1111 1934 1184 1964 petie-

337 1977 398 2001 runt
416 1984 526 2007 panem»
550 1976 596 2001 etc.

407 2019 536 2051 Fribzwgsi
551 2020 577 2044 in
590 2019 733 2051 Brisgovia,
746 2019 860 2044 biblioth.
874 2019 1065 2047 Universitatis,
1080 2020 1118 2044 est
1131 2020 1183 2044 cod.

337 2070 362 2087 n.
383 2062 425 2087 97.
446 2070 508 2087 saec.
527 2063 579 2092 XV,
594 2064 619 2087 in
633 2070 679 2094 quo
696 2062 802 2087 habetur
822 2063 940 2093 quaedam
954 2062 1009 2087 Ars
1023 2062 1183 2093 praedicato-

337 2106 395 2135 ria:
413 2106 470 2136 post
489 2106 607 2137 Explicit
628 2105 735 2137 legitur:
759 2116 771 2127 κ
785 2105 880 2130 Nicolai
899 2106 998 2137 Eyfeler
1018 2105 1183 2130 Confluentini

337 2148 396 2173 Ord.
415 2148 475 2173 Min.
495 2148 593 2173 Fratris
612 2149 662 2173 Ars
676 2149 853 2179 predicatoria,
872 2149 942 2173 iuxta
955 2149 1019 2180 quod
1037 2149 1183 2173 referentem

337 2191 433 2216 audivit
452 2192 532 2216 virum
552 2192 597 2216 Dei
609 2192 723 2216 Fratrem
738 2192 837 2216 Patrem
851 2192 970 2216 Ioannem
984 2192 1012 2216 de
1026 2192 1183 2222 Capistrano,

339 2234 396 2259 dum
415 2234 561 2265 interpretis
581 2234 726 2266 fungeretur
745 2234 822 2259 officio
842 2235 945 2259 feliciter
958 2245 983 2260 ».

408 2277 527 2308 Hispali,
548 2277 660 2302 biblioth.
681 2277 797 2306 Colomb..
817 2278 845 2302 Y.
875 2278 926 2302 cod.
948 2277 1006 2302 130.
1036 2277 1077 2302 17.
1102 2278 1182 2302 chart.

338 2327 400 2344 saec.
411 2320 463 2344 XV.
474 2320 528 2344 Fol.
542 2319 658 2344 227-230
671 2320 777 2345 habetur
790 2320 935 2351 opusculum
946 2320 975 2344 cle
988 2321 1089 2345 Forma
1098 2321 1183 2351 predi-

336 2363 426 2393 candi,
449 2363 513 2394 quod
538 2363 637 2394 incipit:
658 2363 772 2394 Benifflze
794 2363 868 2394 Ieszi,
888 2364 913 2388 et
937 2363 1038 2387 desinit:
1064 2363 1184 2394 Explicit

336 2405 486 2436 opusculum
505 2405 551 2430 hoc
568 2405 700 2430 cuiusdam
719 2406 813 2431 novicii
831 2407 861 2431 cle
878 2405 965 2436 forma
978 2406 1160 2437 praedicandi.

407 2448 566 2479 Florentiae,
586 2448 699 2473 biblioth.
718 2449 856 2479 National.,
882 2449 933 2474 cod.
959 2450 1032 2474 class.
1050 2450 1124 2474 VIII.
1150 2450 1180 2475 D.

337 2490 415 2515 1412.
433 2491 536 2516 membr.
556 2499 618 2517 saec.
638 2491 691 2517 XV.
710 2491 786 2516 habet
805 2492 866 2517 duos
884 2492 913 2516 de
931 2493 1002 2517 modo
1024 2493 1181 2524 praedicandi

336 2533 470 2563 tractatus,
489 2541 593 2565 quorum
613 2534 734 2559 secundus
753 2542 802 2560 non
821 2535 859 2559 est
877 2536 926 2559 nisi
945 2536 1021 2560 tertia
1045 2543 1104 2566 pars
1129 2536 1182 2560 tra-

336 2577 419 2601 ctatus
437 2577 503 2602 infra
521 2578 635 2608 impressi
655 2578 679 2602 ct
706 2578 806 2609 incipit:
831 2578 916 2603 «Octo
942 2579 1005 2604 modi
1034 2579 1094 2603 sunt
1119 2579 1181 2603 dila-

336 2620 406 2644 tandi
426 2627 562 2645 sermonem
576 2631 600 2646 ».
620 2621 719 2645 Primus
739 2628 796 2646 vero
821 2621 946 2646 tractatus
973 2622 1060 2653 incipit
1079 2622 1121 2647 fol.
1147 2622 1179 2647 18

335 2671 359 2688 v.
380 2664 424 2688 sic:
460 2674 472 2685 «
486 2664 579 2695 Incipit
599 2664 703 2695 quedam
727 2672 770 2689 ars
788 2665 929 2696 predicandi
949 2666 973 2690 et
992 2666 1179 2691 sermocinandi.

1239 212 1278 237 Ad
1299 212 1443 243 petitionem
1462 212 1590 237 cuiusdam
1609 212 1692 238 dilecti
1710 213 1758 238 mei
1786 212 1955 242 satisfaciens,
1980 213 2086 244 predica-

1239 255 1320 280 tiones
1343 255 1369 280 et
1396 255 1613 280 sermocinationes
1637 255 1811 281 instruendum
1825 256 1855 288 (l)
1881 256 2006 281 tractatus
2031 256 2086 286 iste,

1240 298 1282 329 qui
1301 298 1330 322 de
1348 298 1403 323 arte
1422 297 1564 329 predicandi
1583 298 1608 322 et
1626 299 1805 324 sermocinandi
1824 299 1856 324 ad
1875 299 1993 330 populum
2012 299 2037 324 et
2055 299 2086 324 ad

1239 341 1331 366 clerum
1350 340 1505 370 intitulatur,
1525 340 1683 366 constructus
1701 341 1747 366 est.
1766 342 1798 366 In
1817 349 1864 373 quo
1887 342 1994 373 quatuor
2012 342 2088 367 conti-

1239 383 1332 408 nentur
1350 383 1469 414 capitula,
1482 384 1507 408 in
1521 391 1625 415 quorum
1638 385 1718 415 primo
1731 386 1859 415 ponuntur
1872 385 1979 416 quatuor
1991 384 2086 411 famosa

1239 434 1330 458 genera
1345 426 1519 457 predicationis
1538 426 1563 451 et
1582 426 1807 457 sermocinationis:
1821 427 1846 452 et
1863 428 1983 459 eligemus
2001 428 2087 459 postea

1239 469 1361 498 alterum,
1380 469 1409 493 de
1428 476 1476 500 quo
1489 469 1528 494 est
1540 469 1709 494 tractandum.
1722 469 1752 494 In
1767 470 1873 495 secundo
1885 470 1995 501 capitulo
2008 470 2087 496 osten-

1240 512 1321 540 detur,
1342 511 1406 542 quid
1428 512 1461 536 sit
1485 512 1619 543 predicatio
1647 512 1673 537 et
1697 513 1869 538 sermocinatio
1893 512 2043 543 distinctive,
2063 513 2088 539 et

1240 562 1288 586 quc
1315 554 1340 580 et
1368 556 1430 586 quot
1448 555 1473 579 et
1491 555 1577 586 qualis
1597 556 1659 580 ordo
1685 556 1852 587 requirantur.
1878 556 1908 581 In
1936 555 2010 581 tertio
2029 563 2087 582 vero

1240 598 1367 623 (labuntur
1386 598 1467 623 multa
1485 598 1640 627 documenta,
1659 606 1705 630 que
1725 598 1784 624 sunt
1803 599 1834 624 ad
1854 599 2021 630 proprietates
2039 607 2088 624 ser-

1241 641 1414 666 mocinationis
1433 641 1614 666 observandum
1635 642 1773 667 necessaria
1792 642 1925 667 secundum
1945 649 2087 674 processum

1240 684 1265 709 et
1283 684 1392 709 ordinem
1412 691 1495 709 eorum
1514 692 1561 715 que
1579 684 1610 709 ad
1629 685 1856 710 sermocinationem
1874 685 2043 717 requiruntur.
2056 686 2087 711 In

1240 727 1330 758 quarto
1348 734 1406 752 vero
1425 727 1515 759 agetur
1533 727 1562 752 de
1581 727 1729 758 specialibus
1752 728 1905 753 sermonibus
1917 738 1930 750 2>
1953 728 2000 753 etc.

1311 770 1374 800 Quia
1392 771 1417 795 in
1436 770 1482 795 hoc
1501 770 1613 795 tractatu
1631 771 1793 795 inveniuntur
1812 771 1896 802 aliqua
1915 771 1978 796 scitu
2003 771 2087 803 digna,

1241 813 1387 844 praesertim
1407 813 1528 845 quaedam
1547 814 1576 838 de
1595 814 1751 844 prothemate
1764 812 1774 830 -³
1794 814 1947 843 documenta,
1967 821 2029 845 quae
2050 814 2089 839 de·

1241 856 1300 881 sunt
1319 857 1343 881 in
1363 856 1475 881 tractatu
1495 857 1562 882 infra
1580 857 1670 882 iterum
1690 857 1762 885 edito,
1789 857 1956 888 opportunum
1981 857 2087 888 videtur,

1240 900 1269 924 ut
1287 900 1372 931 aliqua
1390 900 1446 924 inde
1465 907 1639 931 excerpamus:

1311 943 1432 968 Primum
1449 951 1529 975 genus
1548 943 1607 968 dicit
1626 944 1713 969 debere
1726 951 1780 969 cnm
1800 944 1883 969 verbis
1895 944 2038 975 Scripturae
2052 944 2089 975 (in

1240 986 1351 1011 themate
1370 986 1517 1019 propositis)
1537 987 1642 1011 realiter
1661 987 1686 1012 et
1710 987 1832 1012 vocaliter
1854 987 2010 1012 concordare..
2035 987 2089 1012 Hoc

1240 1036 1320 1060 genus
1338 1036 1391 1054 esse
1410 1029 1528 1054 subtilius
1547 1029 1572 1054 et
1590 1029 1622 1054 ab
1640 1029 1744 1054 eruditis
1763 1030 1787 1054 in
1807 1030 1936 1061 Scriptura
1955 1030 1980 1054 et
1996 1029 2089 1055 moder-

1240 1073 1280 1097 nis
1298 1072 1440 1097 doctoribus
1458 1072 1594 1102 usitatum3
1614 1072 1659 1097 hoc
1678 1073 1757 1097 solum
1777 1080 1791 1097 a
1804 1072 1883 1100 doctis
1901 1080 1954 1098 esse
1967 1080 2089 1104 usurpan-

1241 1115 1299 1140 dum
1319 1115 1344 1140 et
1361 1115 1428 1140 infra
1447 1116 1625 1146 exponendum.
1645 1116 1790 1141 Secundum
1808 1123 1887 1147 genus
1910 1116 1983 1141 curat
2008 1115 2088 1141 solum

1241 1159 1270 1184 de
1288 1159 1355 1184 reali
1373 1166 1428 1184 cum
1453 1159 1584 1190 Scriptura
1608 1159 1797 1189 concordantia,
1817 1167 1865 1184 non
1885 1159 1914 1184 de
1938 1159 2035 1190 vocali,
2063 1158 2089 1184 et

1241 1209 1293 1227 esse
1313 1202 1338 1226 in
1366 1209 1413 1226 11311
1444 1201 1535 1232 «apud
1554 1202 1651 1226 noviter
1669 1203 1695 1226 in
1723 1202 1849 1233 theologia
1872 1202 1990 1231 eruditos,
2016 1201 2089 1226 sicuti

1241 1245 1301 1269 sunt
1319 1245 1467 1270 claustrales
1487 1245 1607 1274 monachi,
1628 1245 1670 1276 qui
1689 1245 1770 1269 Biblia
1789 1245 1814 1269 et
1841 1245 1988 1270 Sanctorum
2016 1245 2089 1276 origi-

1240 1288 1308 1312 nalia
1328 1288 1482 1319 frequentius
1502 1288 1647 1319 relegenteS,
1666 1295 1710 1319 per
1729 1296 1754 1313 se
1768 1289 1835 1319 ipsos
1853 1288 1996 1320 aliqualiter
2010 1288 2035 1312 in
2048 1295 2089 1312 sa-

1240 1332 1289 1356 cris
1306 1332 1400 1356 litteris
1419 1331 1567 1356 erudiuntur
1586 1332 1611 1356 et
1624 1332 1702 1356 solum
1716 1331 1840 1362 quaerunt
1852 1332 1916 1363 quod
1935 1331 2050 1356 aedificat
2062 1341 2087 1355 ».

1242 1375 1358 1399 Tertium
1376 1381 1455 1405 genus
1474 1375 1572 1399 omnino
1592 1374 1773 1405 reprobandum
1793 1374 1874 1406 quoad
1891 1381 1974 1399 vocem
1993 1375 2018 1399 et
2039 1381 2089 1400 non

1240 1425 1293 1442 rem
1312 1417 1459 1442 concordare
1477 1425 1532 1442 cum
1558 1417 1694 1448 Scriptura,
1720 1418 1749 1441 ut
1773 1419 1793 1442 si
1812 1418 1868 1449 quis
1892 1418 1971 1447 dicat,
2000 1418 2089 1449 «quod

1240 1461 1331 1491 triplex
1349 1460 1401 1485 dies
1420 1461 1552 1491 reperitur,
1572 1460 1665 1485 scilicet
1686 1461 1737 1485 dies
1763 1460 1903 1490 creationis,
1930 1460 2089 1485 recreationis

1240 1504 1265 1528 et
1283 1503 1480 1535 glorificationis,
1500 1504 1524 1527 et
1543 1511 1588 1534 pro
1607 1504 1794 1529 confirmatione
1807 1503 1867 1528 citet
1882 1504 1945 1528 illud
1957 1503 2051 1528 Psalmi
2064 1502 2087 1528 ⁴:

1240 1547 1312 1572 Haec
1323 1548 1360 1571 cst
1369 1547 1431 1577 (lies,
1443 1554 1521 1577 quam
1531 1546 1590 1577 fecit
1600 1547 1729 1572 Dominus
1739 1547 1793 1575 etc„
1804 1547 1914 1578 aliosque
1924 1546 2008 1571 textus
2015 1557 2027 1569 »
2042 1547 2088 1572 etc.

1243 1590 1370 1622 Quartam
1388 1597 1468 1621 genus
1487 1590 1539 1619 est,
1564 1599 1577 1612 ‹<
1589 1590 1654 1621 quod
1673 1590 1807 1615 observant
1820 1590 1917 1621 antiqui
1934 1589 2026 1618 Sancti,
2046 1590 2089 1614 sic-

1240 1632 1269 1657 ut
1288 1632 1445 1664 Augustinus
1468 1633 1493 1657 et
1516 1632 1659 1657 Bernartius
1684 1633 1709 1657 et
1737 1632 1810 1657 multi
1834 1633 1885 1662 alii,
1911 1639 2015 1664 quorum
2041 1639 2089 1657 ser-

1220 1670 1223 1673 *
1240 1683 1324 1700 mones
1343 1676 1367 1700 in
1387 1675 1497 1700 Ecclesia
1510 1676 1655 1705 recitantur,
1675 1676 1700 1700 in
1714 1675 1803 1706 quibus
1817 1683 1865 1700 non
1886 1675 2034 1706 proponitur
2046 1675 2089 1700 ali-

1235 1716 1305 1749 ⁴qu0d
1323 1718 1415 1748 thema,
1435 1719 1500 1750 quod
1519 1719 1552 1743 sit
1570 1719 1675 1743 materia
1694 1718 1860 1749 praedicandi,
1880 1725 1924 1743 nec
1949 1718 2031 1743 solent
2055 1718 2090 1743 di-

1240 1762 1347 1786 visiones
1367 1762 1405 1786 vel
1425 1762 1596 1787 distInctiones
1609 1762 1677 1791 fieri,
1697 1769 1759 1793 quae
1773 1761 1930 1793 postmodum
1943 1762 2089 1787 concorden-

1240 1804 1290 1833 tur,
1309 1804 1351 1829 sed
1371 1805 1441 1836 quasi
1465 1805 1593 1829 narrative
1618 1804 1729 1835 procedit
1741 1814 1765 1828 ».
1786 1804 1838 1829 Hoc
1860 1811 1939 1835 genus
1965 1804 2088 1835 praedica-

1240 1847 1316 1871 tionis
1334 1847 1393 1872 dicit
1412 1855 1427 1872 a
1446 1847 1569 1872 modernis
1591 1847 1732 1872 doctoribus
1757 1854 1805 1872 non
1829 1847 1969 1877 observari:
1995 1847 2088 1872 addens

1240 1891 1304 1915 hanc
1323 1891 1443 1915 rationem
1457 1891 1520 1915 satis
1533 1891 1693 1921 singularem,
1707 1891 1765 1921 quia
1778 1891 1820 1915 isti
1834 1890 1946 1922 (Patres)
1965 1900 1977 1912 ‹<
1987 1890 2089 1915 fuerunt

1240 1934 1310 1965 quasi
1323 1934 1446 1958 Ecclesiae
1459 1934 1604 1958 fundatores
1617 1944 1641 1963 >›‚
1661 1934 1685 1958 et
1704 1934 1756 1958 ideo
1780 1943 1792 1955 ‹<
1804 1940 1899 1958 omnem
1917 1933 2088 1959 curiositatem

1240 1977 1368 2002 evitarunt
1381 1977 1409 2001 de
1424 1977 1561 2001 thematum
1576 1977 1776 2001 distinctionibus
1789 1976 1814 2001 et
1828 1977 1992 2002 membrorum
2008 1976 2088 2002 subdi-

1241 2020 1376 2045 visionibus
1389 2020 1414 2044 et
1427 2020 1556 2051 utriusque
1569 2020 1749 2045 concordantiis
1762 2030 1785 2044 ».
1806 2020 1845 2044 Ad
1861 2020 1991 2045 modernos
2004 2020 2088 2045 autem

1240 2063 1375 2094 pertinere,
1395 2063 1442 2091 ait,
1462 2063 1528 2087 dicta
1546 2063 1652 2087 Pati-um
1672 2070 1791 2094 exponere
1810 2063 1835 2087 et
1854 2063 2009 2089 concordare.

1311 2106 1395 2135 Quoad
1415 2106 1521 2136 primum
1542 2113 1620 2137 genus
1638 2106 1755 2135 inculcat,
1769 2106 1797 2130 ut
1815 2106 1902 2131 divisio
1916 2106 1940 2130 et
1954 2113 1980 2131 re
1993 2106 2018 2131 et
2030 2113 2088 2131 voce

1240 2149 1369 2174 concordet
1388 2156 1443 2173 cum
1464 2149 1545 2173 verbis
1564 2149 1696 2177 thematis:
1716 2149 1827 2180 loquitur
1840 2150 1915 2173 etiam
1928 2149 1957 2174 de
1971 2149 2086 2180 themate,

1240 2194 1265 2217 et
1284 2192 1369 2217 deinde
1388 2192 1417 2217 de
1425 2192 1588 2223 prothemata
1600 2193 1672 2217 dicit:
1697 2202 1709 2215 κ
1723 2193 1934 2218 Considerandum
1953 2193 2003 2222 est,
2022 2193 2087 2224 quod

1241 2236 1412 2266 multipliciter
1432 2235 1494 2259 solet
1513 2236 1589 2266 accipi
1605 2235 1755 2266 protheum,
1774 2235 1840 2260 inter
1853 2243 1914 2267 quos
1934 2235 2020 2260 modus
2033 2242 2087 2260 con-

1239 2279 1368 2309 gruentior
1387 2278 1425 2303 est
1444 2279 1553 2309 accipere
1572 2278 1702 2309 prothema
1722 2278 1750 2303 de
1769 2278 1859 2307 Biblia,
1879 2279 1904 2303 et
1922 2286 1953 2303 ne
1972 2278 2087 2303 videatur

1239 2322 1426 2346 occasionaliter
1445 2322 1599 2351 assumtum,
1619 2322 1690 2346 debet
1709 2323 1733 2346 in
1753 2322 1836 2353 aliquo
1855 2322 1974 2347 vocabulo
2003 2328 2086 2347 secun-

1239 2364 1297 2388 dum
1316 2371 1399 2389 vocem
1424 2371 1479 2389 cnm
1504 2364 1614 2389 themate
1639 2365 1794 2393 concordare,
1820 2365 1845 2389 et
1870 2365 1890 2389 si
1918 2365 2086 2396 competenter

1239 2407 1293 2432 fieri
1311 2407 1401 2438 potest,
1421 2414 1476 2432 cum
1496 2408 1665 2438 principaliori
1678 2407 1804 2437 vocabulo,
1819 2408 1888 2432 cuius
1908 2407 2041 2432 subdivisio
2060 2407 2086 2431 in

1239 2457 1355 2481 processu
1369 2451 1488 2475 sermonis
1502 2450 1540 2475 est
1553 2451 1723 2482 prosequenda
1733 2461 1757 2475 ».
1777 2450 1872 2475 Auctor
1885 2450 1930 2476 hoc
1946 2450 2086 2482 exemplum

1238 2494 1324 2519 affert:
1349 2504 1361 2516 ‹<
1374 2494 1467 2518 Thema
1491 2494 1542 2519 est:
1562 2494 1660 2519 Beatus
1678 2495 1725 2523 cir,
1745 2494 1790 2525 qui
1812 2494 1882 2519 timet
1903 2494 2046 2519 Dominum
2060 2493 2086 2524 ⁵,-

1239 2537 1382 2568 prothema:
1402 2537 1487 2568 Beati,
1507 2538 1552 2568 qui
1570 2537 1683 2561 audiunt
1700 2537 1804 2561 'zverbmn
1822 2537 1873 2562 Dei
1891 2538 1916 2561 et
1938 2537 2086 2562 custodiunt

1238 2580 1318 2611 illud,
1347 2580 1410 2611 quod
1429 2580 1526 2611 quidem
1555 2588 1609 2605 cum
1635 2580 1744 2605 themate
1768 2581 1793 2605 in
1819 2581 1990 2612 principaliori
2017 2587 2085 2605 voca-

1237 2623 1302 2651 bulo,
1323 2623 1387 2654 quod
1406 2624 1562 2654 postmodum
1582 2624 1630 2648 fuit
1649 2624 1811 2653 subdivisum,
1831 2625 1855 2649 et
1874 2625 1926 2649 eius
1951 2623 2084 2648 subdivisio

1237 2666 1376 2698 prosecuta,
1397 2666 1536 2705 concordat.
1562 2666 1635 2691 Istud
1659 2667 1737 2698 igitur
1762 2667 1892 2698 prothema
1915 2668 1949 2692 sic
1974 2667 2084 2691 sumtum

401 2805 405 2819 ¹
425 2805 468 2827 Tit.
487 2806 508 2833 2,
529 2806 563 2828 12.

397 2835 406 2848 ‘-'
425 2837 553 2864 Scriptores
570 2837 626 2860 Ord.
643 2838 695 2860 Min.
712 2844 765 2865 pag.
788 2838 837 2860 143.

398 2868 406 2880 ³
425 2869 447 2890 ln
465 2868 612 2891 sermonibus
629 2869 805 2892 solemnioribus
823 2869 881 2892 illius
895 2870 975 2893 aetatis
991 2870 1078 2893 solebat
1089 2874 1180 2899 praeter

337 2902 422 2922 textum
440 2900 513 2927 ipsius
530 2900 636 2922 thematis
649 2901 707 2923 alius
716 2900 780 2923 locus
791 2901 923 2929 Scripturae
934 2902 955 2924 in
968 2902 1062 2925 exordio
1074 2903 1178 2930 proferri,

336 2931 432 2953 nornine
447 2931 603 2960 prothemata
621 2935 725 2954 vocatus.
741 2933 849 2961 Exempla
866 2933 934 2955 huius
951 2934 1015 2961 plura
1033 2933 1145 2956 habentur
1157 2934 1178 2956 in

1236 2809 1385 2831 sermonibus
1402 2810 1424 2831 S.
1444 2809 1628 2837 nonavenmrac;
1641 2809 1681 2831 alia
1695 2810 1759 2837 plura
1772 2809 1881 2831 videntur
1896 2815 1907 2830 a
1924 2807 2084 2831 collectoribus

1236 2842 1319 2863 horum
1343 2846 1477 2863 sermonum
1498 2841 1601 2863 consulto
1622 2841 1716 2863 omissa.
1736 2841 1801 2863 Plura
1821 2840 1851 2863 de
1867 2841 1974 2868 themate,
1994 2840 2084 2867 prothe-

1236 2875 1297 2894 mate
1313 2874 1357 2894 ete.
1374 2872 1442 2894 docet
1459 2872 1540 2899 Lecoy,
1559 2872 1592 2895 Lu
1612 2871 1693 2895 chaire
1710 2871 1848 2901 Frunqnise,
1867 2877 1889 2899 p.
1908 2872 1931 2893 ll.
1948 2877 1968 2894 c.
1986 2870 2011 2898 4,
2030 2876 2084 2898 pag.

1236 2904 1280 2925 266
1299 2909 1364 2931 seqq.
1847 2902 1856 2915 ⁴
1875 2903 1955 2925 Psalm.
1976 2901 2028 2929 117,
2046 2901 2084 2923 24.

1299 2934 1308 2947 ⁵
1326 2935 1408 2956 Psalm.
1431 2935 1479 2963 llll,
1498 2935 1524 2961 rl;
1542 2935 1645 2963 sequitur
1662 2935 1716 2957 Luc.
1735 2935 1771 2962 11,
1789 2935 1826 2956 28.
