2243 3348
6 671 21 690 ’,ι
31 666 121 690 scriptura

18 280 119 303 anundum.

11 470 16 560 ἰ

6 562 14 622 jl

7 647 11 663 κ
45 642 119 666 Figurae

8 692 72 715 eptem.

6 779 10 860 ὲ

35 2430 105 2450 Divisio
108 2445 112 2450 .

703 142 859 170 DOMtNtCA
882 143 898 170 I.
921 143 1103 172 ADVENTUS.
1126 144 1236 172 SERMO
1258 144 1320 172 Vlll.

215 221 293 249 Circa
314 221 381 249 haec
402 224 481 254 nota,
497 220 570 257 quod
586 220 652 257 quia
676 220 749 248 istud
765 220 927 256 mysterium
943 223 985 248 est

137 272 191 297 tam
217 276 381 301 arcanum,
415 267 489 304 quod
520 267 625 295 nullius
657 266 756 303 ingenii
791 266 985 302 perspicacitas

137 318 226 352 potest
247 314 497 351 comprehendere;
520 316 574 342 tam
597 313 708 347 altum,
724 313 798 349 quod
824 313 928 341 nullius
943 313 983 341 in-

137 361 301 398 telligentiae
322 361 453 389 vivacitas
475 364 562 397 potest
585 360 766 397 investigare;
783 362 836 387 tam
856 358 985 396 profun-

137 409 224 442 dum,
246 408 318 444 quod
343 408 446 436 nullius
477 407 650 444 eloquentiae
679 407 722 435 vel
743 406 845 443 eloquii
868 406 984 434 facultas

136 458 227 492 potest
246 462 394 483 enarrare:
417 454 477 482 ideo
499 454 618 490 Spiritus
639 457 752 482 sanctus
783 453 836 481 sul)
866 452 984 481 diversis

137 501 234 539 figuris
265 501 333 529 illud
364 500 536 534 manifestat,
565 503 596 528 ut
628 500 702 537 quod
730 508 786 528 una
812 508 865 528 non
896 502 984 536 potest

136 549 223 577 altera
243 548 378 584 suppleat.

214 595 292 623 Circa
323 594 396 631 quod
426 597 504 628 nota,
527 594 600 631 quod
629 594 751 631 puritas
781 593 984 630 elegantissima

136 641 256 679 Virginis
277 641 379 670 electae
400 641 579 678 concipientis
593 644 620 669 et
635 641 721 677 ipsius
736 640 922 677 conceptionis
937 640 984 668 de-

137 689 263 725 signatur
285 688 311 716 in
333 691 427 717 sancta
448 688 592 724 Scriptura
613 688 665 716 sub
687 687 849 724 metaphora
871 695 924 715 non
941 695 984 715 so-

137 736 194 764 lum
215 735 303 763 nubis
323 735 454 763 candidae
475 735 533 763 sive
553 734 709 767 candentis,
731 734 778 762 sed
810 734 891 762 etiam
915 733 985 761 rubi

136 781 298 810 mirabiliter
319 781 479 809 inflammati
495 784 523 810 et
537 781 703 809 incombusti
725 780 758 809 ad
773 780 982 817 designandum,

136 828 209 865 quod
230 828 283 856 fuit
314 828 372 856 sine
403 829 582 864 corruptione
614 827 720 861 carnis;
744 827 828 855 Exodi
862 827 982 855 terti01:

142 874 275 908 Videbat,
297 875 373 912 quod
394 874 489 903 rubus
510 875 628 903 arderet
641 878 667 902 ct
680 883 739 902 non
753 873 981 902 combureretur.

136 937 172 943 —
201 921 305 959 Virque
337 921 500 950 mirabiliter
528 921 689 949 virescentis
710 924 737 949 et
757 920 929 949 florescentis
949 920 983 949 ad

135 968 349 1005 designandum,
371 968 444 1005 quod
473 968 525 996 fuit
553 968 611 997 sine
640 968 813 996 successione
835 967 982 1004 temporis;

135 1015 320 1044 Numerorum
342 1014 447 1043 decimo
478 1015 594 1051 septimo
607 1014 632 1042 ¹³:
660 1015 781 1048 Invenit,
801 1014 983 1051 yerminasse

135 1062 253 1099 virqam
277 1063 380 1090 Aaron
402 1062 432 1090 in
452 1062 537 1090 domo
560 1062 635 1095 Levi,
654 1065 680 1090 et
700 1061 884 1099 turqentibus
904 1069 983 1098 yem-

134 1109 206 1143 mis,
228 1113 389 1145 eruperant
408 1108 502 1145 flores.
525 1126 564 1129 —
592 1108 707 1137 Vellet-is
722 1108 886 1136 mirabiliter
908 1116 982 1136 com-

135 1156 204 1193 pluti
228 1159 255 1185 et
275 1156 386 1184 irrorati
409 1156 442 1184 ad
464 1156 679 1193 designandum,
695 1156 767 1192 quod
790 1155 842 1184 fuit
863 1155 922 1184 sine
936 1155 983 1184 de-

134 1203 279 1232 lectatione
302 1203 436 1237 lil)idinis;
459 1203 581 1231 Indicum
609 1203 727 1232 sext0³:
752 1203 896 1239 Eoepresso
929 1203 982 1231 uel-

135 1250 201 1284 lere,
224 1249 366 1279 conclzam
387 1259 454 1278 rore
475 1250 610 1287 impleuit.
634 1267 672 1271 —
694 1249 788 1278 Nubis
818 1250 982 1278 mirabiliter

132 1296 279 1325 irrorantis
300 1296 334 1324 ad
355 1296 571 1333 designandum,
593 1296 666 1333 quod
696 1296 747 1324 fuit
775 1304 839 1325 cum
862 1296 982 1332 plenitu-

132 1343 196 1372 dine
216 1343 326 1372 fontalis
346 1343 466 1380 gratiae;
490 1344 669 1372 Ecclesiastici
687 1343 828 1380 trigesimo
844 1344 980 1380 quintossz

135 1390 229 1426 Quasi
248 1390 338 1419 nubes
356 1390 476 1428 pluviae
497 1391 528 1419 in
550 1395 675 1427 tempore
695 1390 846 1418 siccitatis.
863 1406 900 1410 —-
925 1390 980 1418 Iri-

133 1437 179 1466 dis
199 1438 363 1466 mirabiliter
385 1437 546 1474 refulgentis
567 1437 601 1466 ad
616 1437 825 1474 designandum,
841 1437 915 1474 quod
930 1437 982 1465 suit

133 1492 195 1513 cum
217 1485 388 1521 plenitudine
409 1484 518 1513 fontalis
540 1484 705 1521 sapientiae;
722 1484 900 1513 Ecclesiastici
916 1492 983 1520 qua-

132 1531 287 1567 dragesimo
310 1532 428 1559 tertio5:
451 1531 517 1559 Vide
538 1540 645 1560 arcum
666 1534 690 1559 et
711 1530 825 1559 benedic
846 1540 912 1559 eum
931 1531 983 1568 qui
1009 1529 1010 1532 ’

131 1577 199 1615 fecit
219 1577 320 1611 illum;
341 1578 425 1607 valde
445 1578 592 1614 speciosus
614 1582 655 1606 est
683 1578 714 1606 in
744 1577 895 1615 splendore
916 1586 978 1606 suo.

132 1625 231 1653 Arcus
263 1625 289 1653 in
321 1625 410 1659 nube,
435 1624 563 1653 Christus
590 1625 617 1653 in
648 1624 759 1661 Virgine
790 1625 980 1661 quadricolor,

132 1672 197 1709 quia
218 1672 401 1708 cognitionem
423 1672 527 1700 hahens
548 1672 702 1705 innatam,
718 1671 863 1709 infusam,
879 1672 981 1710 acqui-

131 1718 221 1747 sitam
242 1721 269 1747 et
288 1719 458 1755 gloriosam.
482 1736 517 1739 -—
541 1718 654 1747 Sideris
674 1719 839 1747 mirabiliter
860 1719 980 1755 dirigen-

132 1765 167 1795 tis
187 1765 221 1794 ad
242 1765 457 1802 designandum,
480 1766 554 1802 quod
575 1766 628 1794 fuit
655 1774 718 1795 cum
748 1766 913 1795 rectitudine
935 1774 981 1795 ve-

131 1812 262 1841 nerabilis
286 1812 370 1846 vitae;
394 1812 573 1841 Ecclesiastici
596 1813 863 1850 quinquagesimo⁶z
886 1813 982 1849 Quasi

131 1858 212 1887 stella
234 1859 382 1887 matutina
413 1860 444 1887 in
476 1859 568 1888 medio
599 1859 721 1888 nebulae
751 1864 777 1888 et
797 1860 886 1898 quasi
907 1860 979 1888 luna

128 1905 216 1943 plena
237 1906 268 1934 in
290 1905 391 1934 diebus
411 1906 475 1934 suis
497 1906 578 1935 lucet.

452 1993 544 2021 Semo
566 1992 621 2021 Vlll
634 1993 653 2021 ⁷.

200 2074 278 2104 Item,
293 2082 373 2100 sermo
386 2075 485 2100 Fratris
503 2075 695 2101 Bonaventurae
715 2077 796 2107 prima
808 2076 937 2101 Dominica
950 2077 979 2101 de

129 2117 248 2143 Adventu
265 2119 291 2143 in
310 2118 381 2143 domo
400 2118 603 2143 Praedicatoruu]
622 2126 704 2144 coram
724 2119 857 2144 Fratribus
870 2120 895 2144 in
909 2120 979 2145 Mon-

130 2160 291 2192 tepessulano
309 2162 335 2186 in
355 2161 480 2192 Capitale.

213 2234 359 2263 Germinet
380 2239 462 2264 terra
484 2234 604 2264 herbam
625 2236 764 2265 virentem
784 2240 809 2265 et
822 2236 979 2274 facientem

129 2290 226 2310 semen
247 2285 271 2310 et
287 2282 399 2319 lignum
413 2281 593 2320 pomiferum
606 2282 721 2320 faciens
734 2282 869 2320 fructum
891 2284 978 2313 iuxta

128 2337 221 2367 yenus
241 2337 340 2363 suum,
362 2329 473 2358 Genesis
494 2330 585 2367 primo
596 2330 616 2358 ⁸.

209 2376 290 2405 Sacer
312 2376 432 2412 Moyses,
453 2377 563 2406 fontalis
585 2377 655 2406 lucis
676 2377 753 2406 radio
774 2378 931 2407 illustratus
952 2381 979 2407 et

129 2422 266 2457 elevatus,
282 2423 403 2460 explicat
418 2424 496 2453 nohis
509 2424 566 2452 Filii
582 2424 629 2453 Dei
645 2424 794 2454 adventurn
810 2425 837 2453 in
853 2432 978 2459 carnem,

130 2477 213 2506 quem
233 2469 314 2498 modo
335 2470 425 2499 colere
447 2471 603 2508 coepimus,
618 2475 754 2508 quantum
776 2472 810 2500 ad
825 2472 878 2500 tria
892 2472 978 2507 facta,

131 2516 255 2545 scililicet
269 2520 404 2554 quantum
419 2517 453 2546 ad
467 2517 677 2555 fecunditatem
698 2519 827 2548 caelicam
844 2519 979 2556 gloriosae

131 2566 158 2592 et
172 2564 259 2593 almae
280 2564 409 2601 Viryinis
424 2565 628 2602 concipientis,
645 2565 696 2594 ibi:
717 2566 865 2594 Germinet
879 2569 979 2600 terra;

130 2614 267 2648 quantum
289 2611 321 2640 ad
342 2612 559 2649 qratiositatem
574 2621 716 2642 amoenam
732 2616 760 2642 et
774 2614 899 2650 pulcram
915 2622 979 2643 con-

1845 149 1880 178 33

1041 224 1135 257 ceptae.
1157 221 1255 249 bea-tae
1273 222 1385 258 prolis;
1407 222 1459 250 ibi:
1482 222 1600 251 lierbauz
1626 224 1780 257 circumitu
1796 234 1882 262 quan-

1042 270 1098 295 tum
1121 267 1154 295 ad
1177 268 1360 296 universalem
1383 272 1410 297 et
1430 269 1639 298 desiderativam
1657 271 1808 299 utilitatem
1829 271 1882 300 ltu-

1040 314 1124 341 mani
1136 315 1267 350 yeneriS,
1284 314 1336 342 ihi:
1352 319 1375 343 et
1390 314 1543 351 facientem
1558 325 1652 344 semen
1667 321 1691 345 et
1706 318 1818 354 liynum
1832 327 1882 354 po-

1040 359 1180 397 miferum
1200 359 1314 397 faciens
1335 360 1469 397 fructum
1492 362 1577 390 iitoeta
1594 372 1685 399 qenus
1705 372 1803 392 suum.

1120 407 1136 434 l.
1159 407 1236 435 Circa
1259 408 1324 435 haec
1348 411 1420 441 nota,
1441 409 1514 445 qnod
1536 409 1655 445 Virginis
1676 410 1763 438 almae
1789 411 1882 439 conei-

1037 453 1143 489 pientis
1163 452 1330 490 fecunditas
1351 457 1377 483 et
1398 455 1546 491 singularis
1567 456 1702 484 nobilitas
1723 457 1882 493 designatur

1040 500 1093 528 sul]
1114 501 1276 536 metaphora.
1297 504 1393 529 terrae
1414 503 1662 538 supernaturaliter
1688 504 1882 540 germinantis,

1039 550 1067 576 et
1088 547 1140 575 hoc
1161 547 1194 575 ad
1222 547 1420 583 designandum
1442 556 1491 577 seu
1523 549 1717 578 insinuandum
1739 551 1798 578 eius
1820 559 1882 587 pro-

1039 594 1230 622 fundissimam
1243 593 1444 628 humilitatem,
1457 598 1487 623 ut
1501 596 1558 624 hic:
1576 596 1722 625 Germinet
1736 601 1817 625 terra
1831 600 1881 626 etc.

1039 657 1078 661 —
1099 640 1220 668 Radicis
1249 642 1498 677 supernaturaliter
1530 643 1706 679 pullulantis,
1728 647 1754 672 et
1777 644 1828 672 hoc
1849 644 1882 672 ad

1039 687 1235 716 insinuandum
1257 687 1317 715 eius
1339 687 1528 717 inconcussam
1553 690 1708 723 uirtutem;
1740 691 1785 718 lob
1810 691 1883 727 vige-

1039 734 1109 763 simo
1136 734 1247 762 n0n09:
1272 734 1368 762 Racttx
1395 743 1459 762 mea
1481 739 1583 771 aperta
1604 741 1645 764 est
1670 745 1752 764 secus
1773 746 1882 775 aquas,-

1040 781 1219 810 Ecclesiastici
1245 781 1376 817 vigesimo
1397 785 1512 817 quarto:
1540 783 1684 811 Radieavi
1715 784 1746 811 in
1774 784 1881 820 populo

1039 827 1239 864 honorificato.
1256 844 1293 848 -—
1310 828 1410 856 Fontis
1432 830 1681 864 supernaturaliter
1703 831 1841 864 satiantis,
1856 834 1883 859 et

1040 875 1091 903 hoc
1112 874 1145 903 ad
1168 874 1363 903 insinuandum
1386 875 1445 903 eius
1468 875 1684 904 liberalissimam
1713 877 1883 910 caritatem,-

1039 921 1150 950 Genesis
1172 921 1293 950 secundo
1306 922 1344 948 ¹⁰:
1378 922 1432 949 Sed
1463 921 1530 958 fons
1561 923 1730 951 ascendebat
1751 932 1765 951 e
1787 928 1882 958 terra,

1039 968 1175 1005 irriyans
1196 968 1366 996 universam
1382 968 1565 1005 superficiem
1581 973 1690 1002 terrae,⁸
1705 970 1878 998 canticorum

1039 1019 1154 1052 quarto:
1178 1016 1255 1043 Fons
1286 1014 1457 1049 hortorum,
1477 1020 1583 1052 puteus
1615 1025 1764 1054 aquarum
1791 1017 1885 1045 eiven-

1039 1063 1123 1096 tium,
1139 1070 1214 1100 quae
1227 1061 1325 1098 fluant
1346 1062 1454 1098 impetu
1476 1062 1510 1090 de
1533 1062 1649 1091 Libano.
1666 1079 1702 1083 —
1727 1063 1823 1091 Fluvii
1838 1072 1883 1091 su-

1039 1109 1255 1146 pernaturaliter
1277 1109 1433 1146 irrigantis,
1449 1112 1475 1138 et
1497 1110 1548 1138 hoc
1563 1110 1596 1138 ad
1613 1110 1805 1138 insinuandum
1825 1111 1884 1139 eius

1010 1149 1011 1153 ¹
1038 1156 1304 1185 abundantissimam
1316 1156 1453 1193 pietatem
1461 1167 1471 1189 ,·
1492 1156 1603 1184 Genesis
1625 1157 1745 1185 secundo
1758 1158 1795 1185 ¹¹:
1820 1157 1884 1185 Flu-

1038 1203 1105 1231 vius
1125 1203 1329 1240 egrediebatur
1351 1203 1384 1231 (Ie
1406 1203 1465 1231 loco
1498 1203 1652 1240 voluptatis
1688 1204 1728 1232 ad
1755 1205 1884 1241 irriyan-

1038 1250 1107 1278 dum
1126 1250 1318 1286 paradisum.

1118 1297 1145 1324 ll.
1155 1296 1280 1325 Gratiosa
1294 1304 1358 1325 vero
1369 1297 1531 1325 amoenitas
1543 1297 1787 1333 superhenedictae
1798 1298 1884 1334 ipsius

1035 1344 1130 1380 prolis
1150 1344 1311 1380 designatur
1333 1344 1385 1372 suh
1408 1344 1568 1380 metaphora
1584 1352 1669 1372 rosae
1690 1345 1883 1381 praefulgidae,

1038 1396 1064 1420 et
1086 1392 1137 1420 hoc
1169 1391 1202 1419 ad
1231 1391 1427 1419 insinuandum
1458 1391 1632 1419 suauitatem
1656 1391 1742 1427 ipsius
1763 1392 1883 1425 animae;

1038 1438 1216 1467 Ecclesiastici
1244 1438 1473 1475 quinquagesimo
1485 1438 1524 1466 ¹²:
1548 1438 1642 1474 Quasi
1661 1438 1714 1475 flos
1745 1447 1884 1467 rosarum

1038 1485 1068 1513 in
1090 1484 1191 1513 diebus
1213 1485 1318 1512 uernis.
1341 1501 1379 1504 ——
1405 1484 1502 1512 Urnae
1532 1492 1649 1518 aureae,
1672 1489 1698 1513 et
1720 1485 1771 1513 hoc
1792 1485 1825 1513 ad
1847 1485 1885 1513 in-

1038 1532 1206 1560 sinuandum
1235 1532 1413 1568 capacitatem
1446 1532 1624 1560 multiformis
1646 1532 1731 1569 ipsius
1750 1533 1884 1569 qratiac:

1037 1579 1071 1607 ad
1091 1579 1227 1608 Hebraeos
1248 1587 1321 1607 nono
1333 1579 1371 1607 ¹³:
1395 1579 1430 1607 ln
1460 1587 1520 1616 qua
1542 1588 1622 1607 urna
1653 1588 1747 1607 aurea
1778 1578 1884 1607 liabens

1037 1634 1151 1654 manna
1172 1629 1197 1654 ct
1217 1626 1305 1663 virya
1328 1627 1441 1659 Aaron,
1463 1635 1538 1664 quae
1559 1625 1746 1663 fronduerat,
1760 1630 1784 1654 et
1800 1626 1882 1655 tabu-

1038 1673 1082 1702 lae
1097 1674 1266 1702 testamenti.
1283 1690 1321 1693 —
1338 1674 1434 1701 Areae
1447 1674 1467 1690 ¹⁴¹
1490 1681 1559 1701 auro
1578 1673 1780 1707 circumtectae,
1793 1676 1820 1701 et
1832 1673 1883 1701 hoc

1037 1721 1069 1749 ad
1086 1720 1282 1749 insinuandum
1298 1720 1461 1749 claritatem
1477 1720 1655 1757 plenitudinis
1673 1720 1833 1757 sapientiae;
1850 1719 1884 1748 ad

1038 1768 1173 1796 Hebraeos
1195 1768 1318 1796 nonoff:
1342 1767 1457 1796 Habens
1478 1776 1583 1796 aream
1612 1768 1828 1796 circumtectam
1849 1775 1883 1795 eac

1037 1815 1118 1843 omni
1128 1819 1216 1852 parte
1231 1823 1316 1843 auro.
1333 1831 1372 1835 —
1387 1815 1532 1843 Aureolae
1553 1815 1727 1848 aromaticae,
1742 1818 1768 1842 et
1784 1814 1834 1842 hoc
1849 1813 1883 1841 ad

1036 1861 1233 1890 insinuandum
1256 1861 1447 1890 celebritatem
1469 1862 1564 1898 ipsius
1585 1862 1679 1894 vitae,·
1707 1861 1881 1889 Canticorum

1036 1912 1117 1937 sexto
1128 1909 1167 1936 ¹⁶:
1192 1901 1317 1937 Dilectus
1337 1917 1419 1937 meus
1440 1909 1586 1937 descendit
1606 1909 1637 1937 in
1657 1907 1775 1936 bortum
1794 1916 1883 1935 suum

1036 1956 1076 1984 act
1097 1956 1250 1984 aureolam
1272 1960 1451 1984 aromatum.

1115 2003 1154 2030 lll.
1178 2003 1382 2031 Perdesiderata
1404 2003 1489 2031 huius
1510 2003 1645 2031 adventus
1659 2002 1782 2036 utilitas,
1798 2010 1880 2038 quam

1035 2049 1099 2078 fecit
1118 2050 1267 2079 adveniens
1288 2050 1363 2086 ipse,
1383 2050 1544 2087 designatur
1564 2050 1617 2078 sul]
1639 2050 1800 2086 metaphora
1813 2048 1882 2077 solis

1035 2097 1214 2134 singulariter
1235 2097 1357 2131 stantis,
1379 2100 1407 2125 et
1438 2098 1489 2126 hoc
1517 2097 1551 2125 ad
1575 2096 1773 2133 designandum
1795 2096 1881 2132 ipsius

1035 2144 1302 2173 immutabilitatem
1324 2144 1510 2178 celsitudinis;
1534 2144 1610 2172 losue
1625 2143 1730 2171 decimo
1744 2143 1779 2170 ¹⁷:
1801 2142 1883 2170 Stetit

1034 2190 1078 2219 sol
1098 2191 1129 2219 in
1149 2191 1244 2219 medio
1265 2191 1345 2219 caeli.
1362 2207 1398 2212 —
1415 2191 1491 2220 Solis
1512 2190 1689 2227 singulariter
1704 2189 1880 2217 retroceden-

1035 2239 1084 2272 tis,
1107 2241 1134 2266 et
1155 2239 1207 2266 hoc
1229 2238 1262 2266 ad
1284 2238 1483 2275 designandum
1507 2238 1593 2274 ipsius
1624 2236 1788 2265 mirabilem
1815 2243 1881 2263 con-

1035 2285 1264 2318 descensionem,·
1285 2285 1369 2314 Isaiae
1400 2285 1541 2322 trigesimo
1572 2287 1667 2313 octavo
1680 2283 1717 2311 ¹⁸:
1741 2283 1881 2311 Reversus

1034 2336 1075 2361 est
1094 2332 1137 2360 sol
1158 2333 1253 2361 decem
1274 2332 1358 2360 lineis
1376 2341 1431 2369 per
1455 2332 1584 2369 gyradus,
1600 2339 1671 2369 quos
1685 2329 1878 2358 descenderat.

1035 2396 1072 2399 —
1088 2379 1163 2408 Solis
1178 2379 1356 2416 singulariter
1370 2379 1557 2412 sublatentis,
1572 2381 1600 2406 et
1615 2378 1666 2406 hoc
1687 2376 1720 2405 ad
1740 2376 1880 2404 insinuan-

1034 2426 1101 2455 dum
1124 2426 1212 2463 ipsius
1232 2426 1424 2454 venerabilem
1445 2425 1678 2462 dispositionem;
1693 2422 1804 2452 secundi
1827 2423 1880 2450 Ma-

1035 2473 1221 2502 chabaeorum
1254 2474 1345 2510 primo
1358 2473 1396 2501 ¹⁹:
1426 2473 1548 2509 Tempus
1569 2470 1664 2509 affitit,
1687 2478 1743 2508 quo
1774 2469 1816 2497 sol
1836 2477 1880 2497 re-

1034 2519 1131 2557 fulsit,
1153 2521 1205 2558 qui
1221 2521 1310 2557 prius
1331 2524 1395 2548 erat
1423 2519 1454 2549 in
1475 2519 1583 2547 nubilo.
1608 2535 1641 2538 —
1666 2517 1739 2546 Solis
1760 2516 1880 2552 singula—

1036 2568 1104 2596 riter
1126 2568 1312 2605 reqyrantis,
1334 2571 1361 2596 et
1382 2568 1433 2595 hoc
1455 2567 1488 2595 ad
1511 2565 1706 2595 insinuandum
1729 2563 1814 2600 ipsius
1829 2562 1878 2591 zeli

1037 2614 1225 2643 incessabilem
1251 2614 1493 2647 solticitudinem;
1526 2612 1701 2641 Ecclesiastae
1733 2610 1821 2647 primo
1839 2609 1878 2637 2⁰:

194 2743 202 2755 ¹
221 2744 287 2766 Vers.
305 2745 326 2766 2.
844 2746 854 2759 ²
871 2748 937 2771 Vers.
955 2748 977 2770 8.

193 2782 203 2795 ³
220 2783 285 2806 Vers.
303 2784 340 2805 38.
829 2786 838 2799 ⁴
857 2787 921 2810 Vers.
939 2788 976 2810 26.

192 2820 202 2833 ⁶
219 2822 285 2844 Vers.
307 2823 342 2844 12.
843 2824 853 2837 ⁶
870 2826 936 2848 Vers.
955 2826 977 2848 6.

192 2859 200 2872 ⁷
218 2862 248 2883 Ex
266 2861 349 2884 eodem
366 2861 446 2884 codice
464 2862 500 2884 sol.
519 2862 531 2884 4
550 2869 573 2884 ν.
828 2862 837 2876 ‘³
855 2864 920 2887 Vers.
942 2865 975 2887 11.

192 2898 202 2911 ⁹
221 2900 285 2923 Vers.
303 2900 345 2928 49;
362 2900 466 2929 sequitur
485 2902 550 2924 Eccli.
569 2901 606 2930 24,
625 2902 660 2924 16.

193 2938 213 2952 ¹⁰
230 2939 294 2961 Vei-s.
313 2939 339 2966 6,
357 2940 461 2968 sequitur
478 2940 542 2963 Cant.
561 2940 581 2968 4,
601 2940 636 2963 l5.
818 2941 836 2954 ¹¹
855 2943 920 2965 Vers.
943 2943 977 2966 10.

223 2985 249 3009 S.
260 2985 350 3009 Bonae.
367 2999 398 3003 —
414 2987 483 3010 Tom.
501 2988 538 3010 lX.

1098 2747 1117 2760 ¹²
1135 2748 1202 2770 Vers.
1220 2748 1241 2770 8.
1736 2742 1755 2755 ¹⁵
1772 2742 1837 2764 Vers.
1855 2741 1877 2763 4.

1097 2786 1117 2799 ¹⁴¹
1134 2787 1175 2809 Hic
1192 2789 1214 2809 et
1239 2787 1295 2809 infra
1314 2793 1356 2814 pro
1374 2787 1450 2809 Areae
1466 2785 1518 2807 cod.
1536 2784 1605 2806 hahet
1622 2788 1703 2805 vocem
1721 2786 1826 2808 mensae,
1850 2780 1879 2802 de

1033 2832 1078 2855 qua
1098 2826 1183 2848 mentio
1201 2826 1225 2848 fit
1242 2832 1265 2848 v.
1283 2827 1304 2848 2.
1322 2829 1343 2848 et
1361 2826 1401 2847 ct’r.
1418 2824 1487 2847 Exod.
1505 2824 1542 2851 25,
1560 2824 1597 2845 23.
1620 2828 1666 2850 seq.

1098 2864 1117 2877 ¹⁵
1134 2865 1201 2887 Vers.
1219 2865 1240 2888 4.
1737 2859 1756 2872 ¹⁵
1774 2860 1838 2882 Vers.
1858 2860 1878 2881 1.

1097 2902 1116 2917 ¹⁷
1135 2904 1200 2926 Vers.
1220 2904 1255 2926 13.
1736 2897 1755 2913 ¹⁸
1773 2899 1839 2922 Vers.
1857 2899 1878 2923 8.

1098 2941 1117 2955 ¹⁹
1135 2943 1201 2965 Vers.
1219 2943 1257 2965 22.
1736 2938 1755 2952 ²⁰
1773 2939 1838 2961 Vers.
1856 2939 1877 2961 6.

1901 414 1945 433 Pars
1958 415 1972 433 1.

1900 1298 1945 1316 Pars
1958 1298 1979 1316 11.

1899 2000 1943 2018 Pars
1956 1999 1985 2017 111.
