<?xml version="1.0" encoding="UTF-8"?>
<!DOCTYPE html PUBLIC "-//W3C//DTD XHTML 1.0 Transitional//EN"
    "http://www.w3.org/TR/xhtml1/DTD/xhtml1-transitional.dtd">
<html xmlns="http://www.w3.org/1999/xhtml" xml:lang="en" lang="en">
 <head>
  <title>
</title>
<meta http-equiv="Content-Type" content="text/html;charset=utf-8" />
  <meta name='ocr-system' content='tesseract 3.04.00' />
  <meta name='ocr-capabilities' content='ocr_page ocr_carea ocr_par ocr_line ocrx_word'/>
</head>
<body>
  <div class='ocr_page' id='page_1' title='image "./doctorisseraphic09bona_0593.png"; bbox 0 0 2243 3348; ppageno 0'>
   <div class='ocr_carea' id='block_1_1' title="bbox 0 233 32 1510">
    <p class='ocr_par' dir='ltr' id='par_1_1' title="bbox 0 233 32 1510">
     <span class='ocr_line' id='line_1_1' title="bbox 9 233 30 325; baseline 0 -37"><span class='ocrx_word' id='word_1_1' title='bbox 9 233 30 325; x_wconf 95' lang='lat' dir='ltr'>    </span> 
     </span>
     <span class='ocr_line' id='line_1_2' title="bbox 0 325 32 1510; baseline 0 0"><span class='ocrx_word' id='word_1_2' title='bbox 0 325 32 1510; x_wconf 95' lang='lat' dir='ltr'>  </span> 
     </span>
    </p>
   </div>
   <div class='ocr_carea' id='block_1_2' title="bbox 21 269 121 353">
    <p class='ocr_par' dir='ltr' id='par_1_2' title="bbox 21 269 121 353">
     <span class='ocr_line' id='line_1_3' title="bbox 21 269 121 294; baseline -0.01 -5"><span class='ocrx_word' id='word_1_3' title='bbox 21 269 23 275; x_wconf 78' lang='lat'><strong>⁴</strong></span> <span class='ocrx_word' id='word_1_4' title='bbox 31 270 121 294; x_wconf 75' lang='lat' dir='ltr'>adruplex</span> 
     </span>
     <span class='ocr_line' id='line_1_4' title="bbox 29 293 113 312; baseline 0 0"><span class='ocrx_word' id='word_1_5' title='bbox 29 293 113 312; x_wconf 74' lang='lat' dir='ltr'>mititudo</span> 
     </span>
     <span class='ocr_line' id='line_1_5' title="bbox 21 317 97 353; baseline 0 -18"><span class='ocrx_word' id='word_1_6' title='bbox 21 338 23 353; x_wconf 50' lang='lat'><strong>⁴</strong></span> <span class='ocrx_word' id='word_1_7' title='bbox 36 317 97 336; x_wconf 80' lang='lat' dir='ltr'>faciei.</span> 
     </span>
    </p>
   </div>
   <div class='ocr_carea' id='block_1_3' title="bbox 17 1298 117 1352">
    <p class='ocr_par' dir='ltr' id='par_1_3' title="bbox 17 1298 117 1352">
     <span class='ocr_line' id='line_1_6' title="bbox 33 1298 117 1318; baseline 0 -1"><span class='ocrx_word' id='word_1_8' title='bbox 33 1298 117 1318; x_wconf 88' lang='lat' dir='ltr'>Domini-</span> 
     </span>
     <span class='ocr_line' id='line_1_7' title="bbox 17 1327 79 1352; baseline 0.016 -11"><span class='ocrx_word' id='word_1_9' title='bbox 17 1342 18 1352; x_wconf 27' lang='lat'><em>*</em></span> <span class='ocrx_word' id='word_1_10' title='bbox 39 1327 79 1342; x_wconf 80' lang='lat' dir='ltr'>cus.</span> 
     </span>
    </p>
   </div>
   <div class='ocr_carea' id='block_1_4' title="bbox 7 1523 114 1672">
    <p class='ocr_par' dir='ltr' id='par_1_4' title="bbox 7 1507 114 1672">
     <span class='ocr_line' id='line_1_8' title="bbox 8 1523 15 1562; baseline 0 -3"><span class='ocrx_word' id='word_1_11' title='bbox 8 1523 15 1562; x_wconf 87' lang='grc'><strong><em>5</em></strong></span> 
     </span>
     <span class='ocr_line' id='line_1_9' title="bbox 8 1615 114 1654; baseline 0 -8"><span class='ocrx_word' id='word_1_12' title='bbox 8 1615 13 1654; x_wconf 56' lang='grc' dir='ltr'>ξ</span> <span class='ocrx_word' id='word_1_13' title='bbox 20 1627 64 1654; x_wconf 69' lang='lat' dir='ltr'>teies</span> <span class='ocrx_word' id='word_1_14' title='bbox 75 1627 114 1647; x_wconf 84' lang='lat' dir='ltr'>leo-</span> 
     </span>
     <span class='ocr_line' id='line_1_10' title="bbox 7 1654 76 1672; baseline -0.014 -2"><span class='ocrx_word' id='word_1_15' title='bbox 7 1654 13 1672; x_wconf 73' lang='lat' dir='ltr'>li</span> <span class='ocrx_word' id='word_1_16' title='bbox 40 1656 76 1669; x_wconf 75' lang='lat' dir='ltr'>nis.</span> 
     </span>
    </p>
   </div>
   <div class='ocr_carea' id='block_1_5' title="bbox 0 2297 115 3145">
    <p class='ocr_par' dir='ltr' id='par_1_5' title="bbox 0 2297 115 3145">
     <span class='ocr_line' id='line_1_11' title="bbox 0 2297 115 3145; baseline 0 0"><span class='ocrx_word' id='word_1_17' title='bbox 0 2297 115 3145; x_wconf 95' lang='lat' dir='ltr'> </span> 
     </span>
    </p>
   </div>
   <div class='ocr_carea' id='block_1_6' title="bbox 770 191 1251 221">
    <p class='ocr_par' dir='ltr' id='par_1_6' title="bbox 770 191 1251 221">
     <span class='ocr_line' id='line_1_12' title="bbox 770 191 1251 221; baseline 0 -2"><span class='ocrx_word' id='word_1_18' title='bbox 770 191 811 219; x_wconf 87' lang='lat' dir='ltr'>DE</span> <span class='ocrx_word' id='word_1_19' title='bbox 833 191 858 219; x_wconf 87' lang='lat' dir='ltr'>S.</span> <span class='ocrx_word' id='word_1_20' title='bbox 881 191 1066 220; x_wconf 75' lang='lat' dir='ltr'>LAURENTIO</span> <span class='ocrx_word' id='word_1_21' title='bbox 1087 192 1251 221; x_wconf 83' lang='lat' dir='ltr'>MARTYRE.</span> 
     </span>
    </p>
   </div>
   <div class='ocr_carea' id='block_1_7' title="bbox 134 264 984 631">
    <p class='ocr_par' dir='ltr' id='par_1_7' title="bbox 134 264 984 631">
     <span class='ocr_line' id='line_1_13' title="bbox 138 264 984 305; baseline 0.007 -13"><span class='ocrx_word' id='word_1_22' title='bbox 138 264 240 292; x_wconf 87' lang='lat' dir='ltr'>sufficit</span> <span class='ocrx_word' id='word_1_23' title='bbox 258 273 321 299; x_wconf 86' lang='lat' dir='ltr'>una,</span> <span class='ocrx_word' id='word_1_24' title='bbox 337 268 445 302; x_wconf 83' lang='lat' dir='ltr'>oportet</span> <span class='ocrx_word' id='word_1_25' title='bbox 459 266 554 295; x_wconf 85' lang='lat' dir='ltr'>faciem</span> <span class='ocrx_word' id='word_1_26' title='bbox 571 271 751 302; x_wconf 81' lang='lat' dir='ltr'>commutare,</span> <span class='ocrx_word' id='word_1_27' title='bbox 766 268 840 305; x_wconf 86' lang='lat' dir='ltr'>quod</span> <span class='ocrx_word' id='word_1_28' title='bbox 855 277 909 297; x_wconf 85' lang='lat' dir='ltr'>non</span> <span class='ocrx_word' id='word_1_29' title='bbox 924 272 984 305; x_wconf 88' lang='lat' dir='ltr'>pot-</span> 
     </span>
     <span class='ocr_line' id='line_1_14' title="bbox 138 310 983 349; baseline 0.006 -10"><span class='ocrx_word' id='word_1_30' title='bbox 138 313 178 339; x_wconf 91' lang='lat' dir='ltr'>est</span> <span class='ocrx_word' id='word_1_31' title='bbox 192 310 253 339; x_wconf 84' lang='lat' dir='ltr'>fieri</span> <span class='ocrx_word' id='word_1_32' title='bbox 271 311 375 348; x_wconf 81' lang='lat' dir='ltr'>absque</span> <span class='ocrx_word' id='word_1_33' title='bbox 389 313 568 349; x_wconf 79' lang='lat' dir='ltr'>omnipotenti</span> <span class='ocrx_word' id='word_1_34' title='bbox 585 314 696 343; x_wconf 85' lang='lat' dir='ltr'>virtute.</span> <span class='ocrx_word' id='word_1_35' title='bbox 712 315 798 344; x_wconf 90' lang='lat' dir='ltr'>Huius</span> <span class='ocrx_word' id='word_1_36' title='bbox 812 315 888 344; x_wconf 85' lang='lat' dir='ltr'>faciei</span> <span class='ocrx_word' id='word_1_37' title='bbox 911 323 983 344; x_wconf 88' lang='lat' dir='ltr'>com—</span> 
     </span>
     <span class='ocr_line' id='line_1_15' title="bbox 139 358 984 399; baseline 0.005 -13"><span class='ocrx_word' id='word_1_38' title='bbox 139 360 258 387; x_wconf 78' lang='lat' dir='ltr'><strong>mutatae</strong></span> <span class='ocrx_word' id='word_1_39' title='bbox 279 358 457 396; x_wconf 84' lang='lat' dir='ltr'>quadruplex</span> <span class='ocrx_word' id='word_1_40' title='bbox 472 363 513 388; x_wconf 90' lang='lat' dir='ltr'>est</span> <span class='ocrx_word' id='word_1_41' title='bbox 534 360 684 389; x_wconf 88' lang='lat' dir='ltr'>similitudo</span> <span class='ocrx_word' id='word_1_42' title='bbox 696 362 716 389; x_wconf 82' lang='lat'>1.</span> <span class='ocrx_word' id='word_1_43' title='bbox 732 362 823 390; x_wconf 83' lang='lat' dir='ltr'>Prima</span> <span class='ocrx_word' id='word_1_44' title='bbox 837 365 878 390; x_wconf 91' lang='lat' dir='ltr'>est</span> <span class='ocrx_word' id='word_1_45' title='bbox 891 361 984 399; x_wconf 82' lang='lat' dir='ltr'>facies</span> 
     </span>
     <span class='ocr_line' id='line_1_16' title="bbox 137 403 983 443; baseline 0.005 -11"><span class='ocrx_word' id='word_1_46' title='bbox 137 403 278 439; x_wconf 79' lang='lat' dir='ltr'>bominis,</span> <span class='ocrx_word' id='word_1_47' title='bbox 301 409 327 434; x_wconf 87' lang='lat' dir='ltr'>et</span> <span class='ocrx_word' id='word_1_48' title='bbox 349 406 419 434; x_wconf 90' lang='lat' dir='ltr'>hanc</span> <span class='ocrx_word' id='word_1_49' title='bbox 441 406 539 435; x_wconf 89' lang='lat' dir='ltr'>hahuit</span> <span class='ocrx_word' id='word_1_50' title='bbox 566 415 615 443; x_wconf 88' lang='lat' dir='ltr'>per</span> <span class='ocrx_word' id='word_1_51' title='bbox 638 407 780 436; x_wconf 87' lang='lat' dir='ltr'>lenitatem</span> <span class='ocrx_word' id='word_1_52' title='bbox 802 408 983 442; x_wconf 85' lang='lat' dir='ltr'>elementiae;</span> 
     </span>
     <span class='ocr_line' id='line_1_17' title="bbox 136 452 982 491; baseline 0.004 -11"><span class='ocrx_word' id='word_1_53' title='bbox 136 452 256 480; x_wconf 88' lang='lat' dir='ltr'>secunda</span> <span class='ocrx_word' id='word_1_54' title='bbox 277 456 317 481; x_wconf 84' lang='lat' dir='ltr'>est</span> <span class='ocrx_word' id='word_1_55' title='bbox 338 452 430 490; x_wconf 81' lang='lat' dir='ltr'>facies</span> <span class='ocrx_word' id='word_1_56' title='bbox 458 453 562 487; x_wconf 88' lang='lat' dir='ltr'>leonis,</span> <span class='ocrx_word' id='word_1_57' title='bbox 585 457 612 482; x_wconf 90' lang='grc'>01</span> <span class='ocrx_word' id='word_1_58' title='bbox 634 454 704 483; x_wconf 88' lang='lat' dir='ltr'>hanc</span> <span class='ocrx_word' id='word_1_59' title='bbox 731 454 828 483; x_wconf 90' lang='lat' dir='ltr'>habuit</span> <span class='ocrx_word' id='word_1_60' title='bbox 850 463 899 491; x_wconf 90' lang='lat' dir='ltr'>per</span> <span class='ocrx_word' id='word_1_61' title='bbox 919 463 982 483; x_wconf 86' lang='lat' dir='ltr'>ma-</span> 
     </span>
     <span class='ocr_line' id='line_1_18' title="bbox 134 499 983 535; baseline 0.004 -8"><span class='ocrx_word' id='word_1_62' title='bbox 134 499 359 535; x_wconf 65' lang='lat' dir='ltr'>‚qnanimitatem</span> <span class='ocrx_word' id='word_1_63' title='bbox 380 500 560 528; x_wconf 85' lang='lat' dir='ltr'>constantiae</span> <span class='ocrx_word' id='word_1_64' title='bbox 567 511 577 533; x_wconf 94' lang='lat'>,·</span> <span class='ocrx_word' id='word_1_65' title='bbox 593 501 673 529; x_wconf 84' lang='lat' dir='ltr'>tertia</span> <span class='ocrx_word' id='word_1_66' title='bbox 693 505 735 529; x_wconf 89' lang='lat' dir='ltr'>est</span> <span class='ocrx_word' id='word_1_67' title='bbox 753 501 842 535; x_wconf 84' lang='lat' dir='ltr'>bovis,</span> <span class='ocrx_word' id='word_1_68' title='bbox 864 505 891 530; x_wconf 89' lang='lat' dir='ltr'>et</span> <span class='ocrx_word' id='word_1_69' title='bbox 912 502 983 530; x_wconf 85' lang='lat' dir='ltr'>hanc</span> 
     </span>
     <span class='ocr_line' id='line_1_19' title="bbox 138 545 982 585; baseline 0.002 -11"><span class='ocrx_word' id='word_1_70' title='bbox 138 545 233 574; x_wconf 87' lang='lat' dir='ltr'>habuit</span> <span class='ocrx_word' id='word_1_71' title='bbox 254 553 303 582; x_wconf 88' lang='lat' dir='ltr'>per</span> <span class='ocrx_word' id='word_1_72' title='bbox 318 545 510 574; x_wconf 76' lang='lat' dir='ltr'>bumilitatem</span> <span class='ocrx_word' id='word_1_73' title='bbox 526 546 718 580; x_wconf 85' lang='lat' dir='ltr'>obedientiae,·</span> <span class='ocrx_word' id='word_1_74' title='bbox 733 552 832 584; x_wconf 83' lang='lat' dir='ltr'>quarta</span> <span class='ocrx_word' id='word_1_75' title='bbox 846 551 887 576; x_wconf 90' lang='lat' dir='ltr'>est</span> <span class='ocrx_word' id='word_1_76' title='bbox 902 548 982 585; x_wconf 85' lang='lat' dir='ltr'>aqui-</span> 
     </span>
     <span class='ocr_line' id='line_1_20' title="bbox 136 592 980 631; baseline 0.002 -11"><span class='ocrx_word' id='word_1_77' title='bbox 136 592 196 626; x_wconf 89' lang='lat' dir='ltr'>lae,</span> <span class='ocrx_word' id='word_1_78' title='bbox 218 595 244 621; x_wconf 90' lang='lat' dir='ltr'>et</span> <span class='ocrx_word' id='word_1_79' title='bbox 267 593 336 621; x_wconf 93' lang='lat' dir='ltr'>hanc</span> <span class='ocrx_word' id='word_1_80' title='bbox 358 593 455 621; x_wconf 85' lang='lat' dir='ltr'>hahuit</span> <span class='ocrx_word' id='word_1_81' title='bbox 470 601 519 629; x_wconf 92' lang='lat' dir='ltr'>per</span> <span class='ocrx_word' id='word_1_82' title='bbox 531 594 786 630; x_wconf 81' lang='lat' dir='ltr'>perspicacitatem</span> <span class='ocrx_word' id='word_1_83' title='bbox 798 595 980 631; x_wconf 79' lang='lat' dir='ltr'>prudentiae.</span> 
     </span>
    </p>
   </div>
   <div class='ocr_carea' id='block_1_8' title="bbox 110 638 982 677">
    <p class='ocr_par' dir='ltr' id='par_1_8' title="bbox 110 638 982 677">
     <span class='ocr_line' id='line_1_21' title="bbox 110 638 982 677; baseline 0.002 -10"><span class='ocrx_word' id='word_1_84' title='bbox 110 644 122 658; x_wconf 87' lang='lat'>··</span> <span class='ocrx_word' id='word_1_85' title='bbox 136 655 173 660; x_wconf 88' lang='lat'>—</span> <span class='ocrx_word' id='word_1_86' title='bbox 195 639 285 667; x_wconf 81' lang='lat' dir='ltr'>Prima</span> <span class='ocrx_word' id='word_1_87' title='bbox 305 642 346 668; x_wconf 88' lang='lat' dir='ltr'>est</span> <span class='ocrx_word' id='word_1_88' title='bbox 367 639 449 668; x_wconf 84' lang='lat' dir='ltr'>facies</span> <span class='ocrx_word' id='word_1_89' title='bbox 471 638 613 673; x_wconf 75' lang='lat' dir='ltr'>hominis,</span> <span class='ocrx_word' id='word_1_90' title='bbox 629 643 656 669; x_wconf 88' lang='lat' dir='ltr'>et</span> <span class='ocrx_word' id='word_1_91' title='bbox 677 640 748 669; x_wconf 89' lang='lat' dir='ltr'>hanc</span> <span class='ocrx_word' id='word_1_92' title='bbox 770 641 868 669; x_wconf 85' lang='lat' dir='ltr'>habuit</span> <span class='ocrx_word' id='word_1_93' title='bbox 886 649 934 677; x_wconf 90' lang='lat' dir='ltr'>per</span> <span class='ocrx_word' id='word_1_94' title='bbox 950 641 982 669; x_wconf 90' lang='lat' dir='ltr'>le-</span> 
     </span>
    </p>
   </div>
   <div class='ocr_carea' id='block_1_9' title="bbox 131 686 982 2035">
    <p class='ocr_par' dir='ltr' id='par_1_9' title="bbox 131 686 982 1558">
     <span class='ocr_line' id='line_1_22' title="bbox 135 686 982 723; baseline 0.002 -9"><span class='ocrx_word' id='word_1_95' title='bbox 135 687 255 715; x_wconf 75' lang='lat' dir='ltr'>nitatem</span> <span class='ocrx_word' id='word_1_96' title='bbox 277 686 457 719; x_wconf 85' lang='lat' dir='ltr'>clementiae;</span> <span class='ocrx_word' id='word_1_97' title='bbox 485 686 635 715; x_wconf 85' lang='lat' dir='ltr'>Ezechielis</span> <span class='ocrx_word' id='word_1_98' title='bbox 656 688 746 723; x_wconf 87' lang='lat' dir='ltr'>primo</span> <span class='ocrx_word' id='word_1_99' title='bbox 761 688 788 715; x_wconf 83' lang='lat'>2:</span> <span class='ocrx_word' id='word_1_100' title='bbox 815 688 982 716; x_wconf 79' lang='lat' dir='ltr'><em>Similitudo</em></span> 
     </span>
     <span class='ocr_line' id='line_1_23' title="bbox 135 731 981 770; baseline 0.001 -9"><span class='ocrx_word' id='word_1_101' title='bbox 135 733 233 761; x_wconf 81' lang='lat' dir='ltr'>vallas</span> <span class='ocrx_word' id='word_1_102' title='bbox 254 741 366 767; x_wconf 82' lang='lat' dir='ltr'>eoram,</span> <span class='ocrx_word' id='word_1_103' title='bbox 381 732 473 769; x_wconf 85' lang='lat' dir='ltr'>facies</span> <span class='ocrx_word' id='word_1_104' title='bbox 487 731 622 761; x_wconf 84' lang='lat' dir='ltr'>ltominis.</span> <span class='ocrx_word' id='word_1_105' title='bbox 638 733 720 764; x_wconf 86' lang='lat' dir='ltr'>Hanc,</span> <span class='ocrx_word' id='word_1_106' title='bbox 735 734 805 767; x_wconf 85' lang='lat' dir='ltr'>dico,</span> <span class='ocrx_word' id='word_1_107' title='bbox 822 734 918 762; x_wconf 88' lang='lat' dir='ltr'>habuit</span> <span class='ocrx_word' id='word_1_108' title='bbox 933 742 981 770; x_wconf 92' lang='lat' dir='ltr'>per</span> 
     </span>
     <span class='ocr_line' id='line_1_24' title="bbox 135 779 982 816; baseline 0.001 -9"><span class='ocrx_word' id='word_1_109' title='bbox 135 779 279 808; x_wconf 87' lang='lat' dir='ltr'>lenitatem</span> <span class='ocrx_word' id='word_1_110' title='bbox 300 779 478 812; x_wconf 87' lang='lat' dir='ltr'>clementiae,</span> <span class='ocrx_word' id='word_1_111' title='bbox 502 787 573 816; x_wconf 88' lang='lat' dir='ltr'>quae</span> <span class='ocrx_word' id='word_1_112' title='bbox 594 783 635 808; x_wconf 91' lang='lat' dir='ltr'>est</span> <span class='ocrx_word' id='word_1_113' title='bbox 663 780 832 808; x_wconf 87' lang='lat' dir='ltr'>nobilissima</span> <span class='ocrx_word' id='word_1_114' title='bbox 855 788 918 816; x_wconf 88' lang='lat' dir='ltr'>pars</span> <span class='ocrx_word' id='word_1_115' title='bbox 939 781 982 808; x_wconf 91' lang='lat' dir='ltr'>iu-</span> 
     </span>
     <span class='ocr_line' id='line_1_25' title="bbox 135 826 981 863; baseline 0 -9"><span class='ocrx_word' id='word_1_116' title='bbox 135 826 223 855; x_wconf 85' lang='lat' dir='ltr'>stitiae</span> <span class='ocrx_word' id='word_1_117' title='bbox 251 829 278 854; x_wconf 88' lang='lat' dir='ltr'>et</span> <span class='ocrx_word' id='word_1_118' title='bbox 307 826 427 855; x_wconf 81' lang='lat' dir='ltr'>maxime</span> <span class='ocrx_word' id='word_1_119' title='bbox 448 826 578 862; x_wconf 88' lang='lat' dir='ltr'>competit</span> <span class='ocrx_word' id='word_1_120' title='bbox 599 826 718 860; x_wconf 89' lang='lat' dir='ltr'>homini,</span> <span class='ocrx_word' id='word_1_121' title='bbox 740 827 806 863; x_wconf 83' lang='lat' dir='ltr'>quia</span> <span class='ocrx_word' id='word_1_122' title='bbox 833 827 893 855; x_wconf 92' lang='lat' dir='ltr'>eius</span> <span class='ocrx_word' id='word_1_123' title='bbox 918 834 981 863; x_wconf 91' lang='lat' dir='ltr'>pro-</span> 
     </span>
     <span class='ocr_line' id='line_1_26' title="bbox 135 873 981 910; baseline 0.001 -9"><span class='ocrx_word' id='word_1_124' title='bbox 135 873 194 910; x_wconf 88' lang='lat' dir='ltr'>prie</span> <span class='ocrx_word' id='word_1_125' title='bbox 222 873 366 910; x_wconf 90' lang='lat' dir='ltr'>proprium</span> <span class='ocrx_word' id='word_1_126' title='bbox 396 876 452 907; x_wconf 89' lang='lat' dir='ltr'>est,</span> <span class='ocrx_word' id='word_1_127' title='bbox 475 873 626 902; x_wconf 88' lang='lat' dir='ltr'>secundum</span> <span class='ocrx_word' id='word_1_128' title='bbox 654 873 866 910; x_wconf 83' lang='lat' dir='ltr'>Philosophum,</span> <span class='ocrx_word' id='word_1_129' title='bbox 893 884 906 898; x_wconf 90' lang='lat'>«</span> <span class='ocrx_word' id='word_1_130' title='bbox 922 881 981 902; x_wconf 89' lang='lat' dir='ltr'>esse</span> 
     </span>
     <span class='ocr_line' id='line_1_27' title="bbox 136 920 981 954; baseline 0.001 -6"><span class='ocrx_word' id='word_1_131' title='bbox 136 923 310 949; x_wconf 85' lang='lat' dir='ltr'>mansuetum</span> <span class='ocrx_word' id='word_1_132' title='bbox 333 923 433 949; x_wconf 89' lang='lat' dir='ltr'>natura</span> <span class='ocrx_word' id='word_1_133' title='bbox 447 932 474 954; x_wconf 85' lang='lat'>»,</span> <span class='ocrx_word' id='word_1_134' title='bbox 496 923 523 949; x_wconf 89' lang='lat' dir='ltr'>et</span> <span class='ocrx_word' id='word_1_135' title='bbox 544 920 579 949; x_wconf 90' lang='lat' dir='ltr'>ab</span> <span class='ocrx_word' id='word_1_136' title='bbox 608 921 659 949; x_wconf 90' lang='lat' dir='ltr'>hac</span> <span class='ocrx_word' id='word_1_137' title='bbox 682 921 856 954; x_wconf 83' lang='lat' dir='ltr'>humanitas,</span> <span class='ocrx_word' id='word_1_138' title='bbox 885 921 911 949; x_wconf 89' lang='lat' dir='ltr'>id</span> <span class='ocrx_word' id='word_1_139' title='bbox 940 924 981 949; x_wconf 86' lang='lat' dir='ltr'>est</span> 
     </span>
     <span class='ocr_line' id='line_1_28' title="bbox 135 967 980 1004; baseline 0 -8"><span class='ocrx_word' id='word_1_140' title='bbox 135 967 302 1004; x_wconf 75' lang='lat' dir='ltr'>benignitas,</span> <span class='ocrx_word' id='word_1_141' title='bbox 324 971 352 996; x_wconf 90' lang='lat' dir='ltr'>et</span> <span class='ocrx_word' id='word_1_142' title='bbox 372 967 399 995; x_wconf 91' lang='lat' dir='ltr'>in</span> <span class='ocrx_word' id='word_1_143' title='bbox 421 967 472 995; x_wconf 87' lang='lat' dir='ltr'>hac</span> <span class='ocrx_word' id='word_1_144' title='bbox 494 967 617 995; x_wconf 78' lang='lat' dir='ltr'>Salvator</span> <span class='ocrx_word' id='word_1_145' title='bbox 632 967 820 1004; x_wconf 82' lang='lat' dir='ltr'>principaliter</span> <span class='ocrx_word' id='word_1_146' title='bbox 838 967 923 1002; x_wconf 85' lang='lat' dir='ltr'>fulsit,</span> <span class='ocrx_word' id='word_1_147' title='bbox 939 975 980 996; x_wconf 86' lang='lat' dir='ltr'>se-</span> 
     </span>
     <span class='ocr_line' id='line_1_29' title="bbox 134 1013 980 1051; baseline -0.001 -8"><span class='ocrx_word' id='word_1_148' title='bbox 134 1014 256 1043; x_wconf 88' lang='lat' dir='ltr'>cundum</span> <span class='ocrx_word' id='word_1_149' title='bbox 279 1014 346 1042; x_wconf 88' lang='lat' dir='ltr'>illud</span> <span class='ocrx_word' id='word_1_150' title='bbox 365 1014 398 1042; x_wconf 89' lang='lat' dir='ltr'>ad</span> <span class='ocrx_word' id='word_1_151' title='bbox 415 1013 602 1051; x_wconf 85' lang='lat' dir='ltr'>Philippenses</span> <span class='ocrx_word' id='word_1_152' title='bbox 617 1014 738 1042; x_wconf 87' lang='lat' dir='ltr'>secundo</span> <span class='ocrx_word' id='word_1_153' title='bbox 753 1014 779 1042; x_wconf 75' lang='lat'>³:</span> <span class='ocrx_word' id='word_1_154' title='bbox 796 1015 829 1042; x_wconf 89' lang='lat' dir='ltr'>In</span> <span class='ocrx_word' id='word_1_155' title='bbox 843 1014 980 1043; x_wconf 83' lang='lat' dir='ltr'>similita-</span> 
     </span>
     <span class='ocr_line' id='line_1_30' title="bbox 135 1060 979 1098; baseline 0.001 -9"><span class='ocrx_word' id='word_1_156' title='bbox 135 1061 231 1090; x_wconf 87' lang='lat' dir='ltr'>dinem</span> <span class='ocrx_word' id='word_1_157' title='bbox 252 1060 401 1090; x_wconf 76' lang='lat' dir='ltr'>hominnm</span> <span class='ocrx_word' id='word_1_158' title='bbox 423 1060 523 1098; x_wconf 80' lang='lat' dir='ltr'>factas</span> <span class='ocrx_word' id='word_1_159' title='bbox 537 1064 561 1089; x_wconf 87' lang='lat' dir='ltr'>et</span> <span class='ocrx_word' id='word_1_160' title='bbox 576 1060 678 1089; x_wconf 73' lang='lat' dir='ltr'>liabita</span> <span class='ocrx_word' id='word_1_161' title='bbox 692 1062 825 1090; x_wconf 79' lang='lat' dir='ltr'>inventas</span> <span class='ocrx_word' id='word_1_162' title='bbox 839 1065 872 1090; x_wconf 80' lang='lat' dir='ltr'>ut</span> <span class='ocrx_word' id='word_1_163' title='bbox 886 1061 979 1096; x_wconf 84' lang='lat' dir='ltr'>ltomo,</span> 
     </span>
     <span class='ocr_line' id='line_1_31' title="bbox 134 1108 981 1145; baseline 0.001 -9"><span class='ocrx_word' id='word_1_164' title='bbox 134 1111 160 1137; x_wconf 92' lang='lat' dir='ltr'>et</span> <span class='ocrx_word' id='word_1_165' title='bbox 181 1108 209 1136; x_wconf 92' lang='lat' dir='ltr'>in</span> <span class='ocrx_word' id='word_1_166' title='bbox 230 1108 282 1136; x_wconf 89' lang='lat' dir='ltr'>hac</span> <span class='ocrx_word' id='word_1_167' title='bbox 297 1108 402 1144; x_wconf 87' lang='lat' dir='ltr'>(etiam)</span> <span class='ocrx_word' id='word_1_168' title='bbox 419 1108 525 1145; x_wconf 89' lang='lat' dir='ltr'>primus</span> <span class='ocrx_word' id='word_1_169' title='bbox 546 1108 643 1142; x_wconf 90' lang='lat' dir='ltr'>homo,</span> <span class='ocrx_word' id='word_1_170' title='bbox 665 1108 817 1136; x_wconf 85' lang='lat' dir='ltr'>secundum</span> <span class='ocrx_word' id='word_1_171' title='bbox 841 1108 908 1137; x_wconf 91' lang='lat' dir='ltr'>illud</span> <span class='ocrx_word' id='word_1_172' title='bbox 929 1108 981 1138; x_wconf 90' lang='lat' dir='ltr'>Ge-</span> 
     </span>
     <span class='ocr_line' id='line_1_32' title="bbox 134 1154 980 1193; baseline -0.004 -9"><span class='ocrx_word' id='word_1_173' title='bbox 134 1155 206 1184; x_wconf 91' lang='lat' dir='ltr'>nesis</span> <span class='ocrx_word' id='word_1_174' title='bbox 234 1156 323 1192; x_wconf 90' lang='lat' dir='ltr'>primo</span> <span class='ocrx_word' id='word_1_175' title='bbox 337 1155 365 1183; x_wconf 75' lang='lat'>4:</span> <span class='ocrx_word' id='word_1_176' title='bbox 392 1155 554 1183; x_wconf 73' lang='lat' dir='ltr'>Faciamus</span> <span class='ocrx_word' id='word_1_177' title='bbox 582 1154 727 1183; x_wconf 82' lang='lat' dir='ltr'>bominem</span> <span class='ocrx_word' id='word_1_178' title='bbox 754 1155 795 1183; x_wconf 85' lang='lat' dir='ltr'>ad</span> <span class='ocrx_word' id='word_1_179' title='bbox 823 1155 980 1193; x_wconf 68' lang='lat' dir='ltr'>imayinem</span> 
     </span>
     <span class='ocr_line' id='line_1_33' title="bbox 133 1201 980 1235; baseline 0.001 -5"><span class='ocrx_word' id='word_1_180' title='bbox 133 1205 158 1230; x_wconf 87' lang='lat' dir='ltr'>et</span> <span class='ocrx_word' id='word_1_181' title='bbox 171 1201 394 1230; x_wconf 79' lang='lat' dir='ltr'>similitudinem</span> <span class='ocrx_word' id='word_1_182' title='bbox 408 1206 560 1235; x_wconf 58' lang='lat' dir='ltr'>nostr-anu</span> <span class='ocrx_word' id='word_1_183' title='bbox 575 1204 602 1230; x_wconf 91' lang='lat' dir='ltr'>et</span> <span class='ocrx_word' id='word_1_184' title='bbox 623 1201 776 1230; x_wconf 89' lang='lat' dir='ltr'>secundum</span> <span class='ocrx_word' id='word_1_185' title='bbox 792 1201 871 1230; x_wconf 88' lang='lat' dir='ltr'>istam</span> <span class='ocrx_word' id='word_1_186' title='bbox 890 1202 980 1231; x_wconf 88' lang='lat' dir='ltr'>omnis</span> 
     </span>
     <span class='ocr_line' id='line_1_34' title="bbox 135 1247 982 1286; baseline 0.001 -10"><span class='ocrx_word' id='word_1_187' title='bbox 135 1249 179 1277; x_wconf 83' lang='lat' dir='ltr'>lex</span> <span class='ocrx_word' id='word_1_188' title='bbox 201 1248 304 1284; x_wconf 88' lang='lat' dir='ltr'>scripta</span> <span class='ocrx_word' id='word_1_189' title='bbox 331 1251 373 1277; x_wconf 89' lang='lat' dir='ltr'>est</span> <span class='ocrx_word' id='word_1_190' title='bbox 398 1248 424 1276; x_wconf 92' lang='lat' dir='ltr'>in</span> <span class='ocrx_word' id='word_1_191' title='bbox 454 1248 536 1276; x_wconf 88' lang='lat' dir='ltr'>corde</span> <span class='ocrx_word' id='word_1_192' title='bbox 564 1248 699 1276; x_wconf 88' lang='lat' dir='ltr'>hominis:</span> <span class='ocrx_word' id='word_1_193' title='bbox 729 1247 771 1276; x_wconf 90' lang='lat' dir='ltr'>Ne</span> <span class='ocrx_word' id='word_1_194' title='bbox 797 1247 896 1286; x_wconf 80' lang='lat' dir='ltr'>facias</span> <span class='ocrx_word' id='word_1_195' title='bbox 927 1248 982 1277; x_wconf 90' lang='lat' dir='ltr'>alii</span> 
     </span>
     <span class='ocr_line' id='line_1_35' title="bbox 133 1295 979 1334; baseline 0.001 -11"><span class='ocrx_word' id='word_1_196' title='bbox 133 1295 210 1334; x_wconf 82' lang='lat' dir='ltr'>qnod</span> <span class='ocrx_word' id='word_1_197' title='bbox 232 1295 284 1324; x_wconf 84' lang='lat' dir='ltr'>tibi</span> <span class='ocrx_word' id='word_1_198' title='bbox 303 1304 362 1324; x_wconf 86' lang='lat' dir='ltr'>non</span> <span class='ocrx_word' id='word_1_199' title='bbox 382 1295 427 1324; x_wconf 83' lang='lat' dir='ltr'>vis</span> <span class='ocrx_word' id='word_1_200' title='bbox 447 1295 521 1331; x_wconf 79' lang='lat' dir='ltr'>steri.</span> <span class='ocrx_word' id='word_1_201' title='bbox 538 1311 574 1316; x_wconf 87' lang='lat'>——</span> <span class='ocrx_word' id='word_1_202' title='bbox 591 1295 644 1324; x_wconf 89' lang='lat' dir='ltr'>l-loc</span> <span class='ocrx_word' id='word_1_203' title='bbox 662 1295 714 1324; x_wconf 89' lang='lat' dir='ltr'>fuit</span> <span class='ocrx_word' id='word_1_204' title='bbox 735 1295 761 1323; x_wconf 87' lang='lat' dir='ltr'>in</span> <span class='ocrx_word' id='word_1_205' title='bbox 784 1295 864 1324; x_wconf 86' lang='lat' dir='ltr'>beato</span> <span class='ocrx_word' id='word_1_206' title='bbox 885 1296 979 1330; x_wconf 86' lang='lat' dir='ltr'>Patre;</span> 
     </span>
     <span class='ocr_line' id='line_1_36' title="bbox 134 1342 980 1379; baseline -0.001 -8"><span class='ocrx_word' id='word_1_207' title='bbox 134 1342 207 1371; x_wconf 91' lang='lat' dir='ltr'>unde</span> <span class='ocrx_word' id='word_1_208' title='bbox 221 1342 346 1379; x_wconf 87' lang='lat' dir='ltr'>implevit</span> <span class='ocrx_word' id='word_1_209' title='bbox 362 1342 428 1371; x_wconf 91' lang='lat' dir='ltr'>illud</span> <span class='ocrx_word' id='word_1_210' title='bbox 445 1342 623 1371; x_wconf 87' lang='lat' dir='ltr'>Ecclesiastici</span> <span class='ocrx_word' id='word_1_211' title='bbox 647 1342 744 1371; x_wconf 88' lang='lat' dir='ltr'>tertio:</span> <span class='ocrx_word' id='word_1_212' title='bbox 760 1342 828 1376; x_wconf 82' lang='lat' dir='ltr'><em>Fili,</em></span> <span class='ocrx_word' id='word_1_213' title='bbox 851 1342 881 1370; x_wconf 88' lang='lat' dir='ltr'>in</span> <span class='ocrx_word' id='word_1_214' title='bbox 895 1351 980 1371; x_wconf 86' lang='lat' dir='ltr'>man-</span> 
     </span>
     <span class='ocr_line' id='line_1_37' title="bbox 132 1388 979 1427; baseline -0.001 -9"><span class='ocrx_word' id='word_1_215' title='bbox 132 1390 285 1418; x_wconf 77' lang='lat' dir='ltr'>suetudine</span> <span class='ocrx_word' id='word_1_216' title='bbox 306 1397 397 1427; x_wconf 86' lang='lat' dir='ltr'>opera</span> <span class='ocrx_word' id='word_1_217' title='bbox 412 1393 461 1417; x_wconf 78' lang='lat' dir='ltr'>tna</span> <span class='ocrx_word' id='word_1_218' title='bbox 478 1388 590 1426; x_wconf 77' lang='lat' dir='ltr'>perfice.</span> <span class='ocrx_word' id='word_1_219' title='bbox 607 1389 682 1418; x_wconf 89' lang='lat' dir='ltr'>Unde</span> <span class='ocrx_word' id='word_1_220' title='bbox 703 1389 755 1418; x_wconf 88' lang='lat' dir='ltr'>fuit</span> <span class='ocrx_word' id='word_1_221' title='bbox 776 1389 871 1418; x_wconf 91' lang='lat' dir='ltr'>similis</span> <span class='ocrx_word' id='word_1_222' title='bbox 886 1390 979 1426; x_wconf 84' lang='lat' dir='ltr'>Moysi,</span> 
     </span>
     <span class='ocr_line' id='line_1_38' title="bbox 131 1436 980 1474; baseline -0.001 -8"><span class='ocrx_word' id='word_1_223' title='bbox 131 1436 166 1466; x_wconf 84' lang='lat' dir='ltr'>de</span> <span class='ocrx_word' id='word_1_224' title='bbox 187 1445 242 1474; x_wconf 89' lang='lat' dir='ltr'>quo</span> <span class='ocrx_word' id='word_1_225' title='bbox 263 1437 365 1465; x_wconf 87' lang='lat' dir='ltr'>dicitur</span> <span class='ocrx_word' id='word_1_226' title='bbox 387 1437 573 1465; x_wconf 90' lang='lat' dir='ltr'>Numerorum</span> <span class='ocrx_word' id='word_1_227' title='bbox 595 1436 758 1465; x_wconf 87' lang='lat' dir='ltr'>duodecimo</span> <span class='ocrx_word' id='word_1_228' title='bbox 773 1437 800 1464; x_wconf 79' lang='lat'>⁵:</span> <span class='ocrx_word' id='word_1_229' title='bbox 823 1438 887 1465; x_wconf 89' lang='lat' dir='ltr'>Erat</span> <span class='ocrx_word' id='word_1_230' title='bbox 907 1438 980 1473; x_wconf 87' lang='lat' dir='ltr'>Moy-</span> 
     </span>
     <span class='ocr_line' id='line_1_39' title="bbox 132 1483 979 1522; baseline -0.001 -9"><span class='ocrx_word' id='word_1_231' title='bbox 132 1491 175 1513; x_wconf 87' lang='lat' dir='ltr'>ses</span> <span class='ocrx_word' id='word_1_232' title='bbox 195 1484 242 1512; x_wconf 85' lang='lat' dir='ltr'>vir</span> <span class='ocrx_word' id='word_1_233' title='bbox 263 1483 439 1512; x_wconf 81' lang='lat' dir='ltr'>mitissimas</span> <span class='ocrx_word' id='word_1_234' title='bbox 460 1491 550 1520; x_wconf 80' lang='lat' dir='ltr'>saper</span> <span class='ocrx_word' id='word_1_235' title='bbox 565 1492 663 1512; x_wconf 86' lang='lat' dir='ltr'>omnes</span> <span class='ocrx_word' id='word_1_236' title='bbox 684 1483 826 1518; x_wconf 77' lang='lat' dir='ltr'>homines,</span> <span class='ocrx_word' id='word_1_237' title='bbox 849 1484 901 1522; x_wconf 84' lang='lat' dir='ltr'>qui</span> <span class='ocrx_word' id='word_1_238' title='bbox 920 1492 979 1512; x_wconf 89' lang='lat' dir='ltr'>mo-</span> 
     </span>
     <span class='ocr_line' id='line_1_40' title="bbox 131 1529 444 1558; baseline -0.003 0"><span class='ocrx_word' id='word_1_239' title='bbox 131 1529 281 1558; x_wconf 81' lang='lat' dir='ltr'>rabantur</span> <span class='ocrx_word' id='word_1_240' title='bbox 302 1530 333 1558; x_wconf 91' lang='lat' dir='ltr'>in</span> <span class='ocrx_word' id='word_1_241' title='bbox 355 1533 444 1558; x_wconf 82' lang='lat' dir='ltr'>[erra.</span> 
     </span>
    </p>

    <p class='ocr_par' dir='ltr' id='par_1_10' title="bbox 132 1576 980 2035">
     <span class='ocr_line' id='line_1_41' title="bbox 211 1576 980 1613; baseline 0 -9"><span class='ocrx_word' id='word_1_242' title='bbox 211 1576 336 1605; x_wconf 88' lang='lat' dir='ltr'>Secunda</span> <span class='ocrx_word' id='word_1_243' title='bbox 350 1579 392 1605; x_wconf 89' lang='lat' dir='ltr'>est</span> <span class='ocrx_word' id='word_1_244' title='bbox 405 1576 488 1605; x_wconf 81' lang='lat' dir='ltr'>facies</span> <span class='ocrx_word' id='word_1_245' title='bbox 503 1576 606 1609; x_wconf 83' lang='lat' dir='ltr'>leont&#39;s;</span> <span class='ocrx_word' id='word_1_246' title='bbox 620 1576 769 1605; x_wconf 80' lang='lat' dir='ltr'>Ezechielis</span> <span class='ocrx_word' id='word_1_247' title='bbox 783 1577 909 1613; x_wconf 76' lang='lat' dir='ltr'>pl&#39;lss]O⁶:</span> <span class='ocrx_word' id='word_1_248' title='bbox 923 1578 980 1605; x_wconf 87' lang='lat' dir='ltr'>Fa—</span> 
     </span>
     <span class='ocr_line' id='line_1_42' title="bbox 133 1623 980 1660; baseline 0.001 -9"><span class='ocrx_word' id='word_1_249' title='bbox 133 1623 189 1652; x_wconf 97' lang='lat' dir='ltr'>cies</span> <span class='ocrx_word' id='word_1_250' title='bbox 211 1623 300 1652; x_wconf 88' lang='lat' dir='ltr'>leonis</span> <span class='ocrx_word' id='word_1_251' title='bbox 321 1632 339 1651; x_wconf 89' lang='lat' dir='ltr'>a</span> <span class='ocrx_word' id='word_1_252' title='bbox 361 1623 472 1651; x_wconf 71' lang='lat' dir='ltr'>dextris</span> <span class='ocrx_word' id='word_1_253' title='bbox 487 1623 621 1660; x_wconf 77' lang='lat' dir='ltr'>ipsorum</span> <span class='ocrx_word' id='word_1_254' title='bbox 636 1626 773 1660; x_wconf 70' lang='lat' dir='ltr'>quatuor.</span> <span class='ocrx_word' id='word_1_255' title='bbox 796 1624 828 1652; x_wconf 88' lang='lat' dir='ltr'>Et</span> <span class='ocrx_word' id='word_1_256' title='bbox 849 1624 920 1652; x_wconf 90' lang='lat' dir='ltr'>hanc</span> <span class='ocrx_word' id='word_1_257' title='bbox 935 1624 980 1652; x_wconf 87' lang='lat' dir='ltr'>ha-</span> 
     </span>
     <span class='ocr_line' id='line_1_43' title="bbox 135 1670 979 1707; baseline -0.001 -8"><span class='ocrx_word' id='word_1_258' title='bbox 135 1670 193 1699; x_wconf 87' lang='lat' dir='ltr'>buit</span> <span class='ocrx_word' id='word_1_259' title='bbox 220 1678 270 1707; x_wconf 86' lang='lat' dir='ltr'>per</span> <span class='ocrx_word' id='word_1_260' title='bbox 298 1670 573 1707; x_wconf 65' lang='lat' dir='ltr'>magnanimitatem</span> <span class='ocrx_word' id='word_1_261' title='bbox 602 1670 798 1703; x_wconf 74' lang='lat' dir='ltr'>constantiae,</span> <span class='ocrx_word' id='word_1_262' title='bbox 827 1670 979 1699; x_wconf 85' lang='lat' dir='ltr'>secundum</span> 
     </span>
     <span class='ocr_line' id='line_1_44' title="bbox 133 1716 978 1754; baseline -0.001 -8"><span class='ocrx_word' id='word_1_263' title='bbox 133 1717 200 1746; x_wconf 91' lang='lat' dir='ltr'>illud</span> <span class='ocrx_word' id='word_1_264' title='bbox 227 1717 439 1746; x_wconf 80' lang='lat' dir='ltr'>Proverbiorum</span> <span class='ocrx_word' id='word_1_265' title='bbox 462 1717 618 1753; x_wconf 82' lang='lat' dir='ltr'>trigesimo:</span> <span class='ocrx_word' id='word_1_266' title='bbox 640 1717 711 1751; x_wconf 91' lang='lat' dir='ltr'>Leo,</span> <span class='ocrx_word' id='word_1_267' title='bbox 731 1716 916 1754; x_wconf 81' lang='lat' dir='ltr'>fortissimas</span> <span class='ocrx_word' id='word_1_268' title='bbox 937 1717 978 1745; x_wconf 86' lang='lat' dir='ltr'>be-</span> 
     </span>
     <span class='ocr_line' id='line_1_45' title="bbox 132 1763 980 1800; baseline 0.001 -8"><span class='ocrx_word' id='word_1_269' title='bbox 132 1764 275 1797; x_wconf 83' lang='lat' dir='ltr'>stiarum,</span> <span class='ocrx_word' id='word_1_270' title='bbox 297 1764 337 1792; x_wconf 86' lang='lat' dir='ltr'>ad</span> <span class='ocrx_word' id='word_1_271' title='bbox 357 1763 469 1792; x_wconf 76' lang='lat' dir='ltr'>nullius</span> <span class='ocrx_word' id='word_1_272' title='bbox 481 1763 598 1800; x_wconf 80' lang='lat' dir='ltr'>pavebit</span> <span class='ocrx_word' id='word_1_273' title='bbox 618 1771 783 1792; x_wconf 81' lang='lat' dir='ltr'>occursum.</span> <span class='ocrx_word' id='word_1_274' title='bbox 807 1780 843 1784; x_wconf 97' lang='lat'><strong>—</strong></span> <span class='ocrx_word' id='word_1_275' title='bbox 865 1764 908 1792; x_wconf 83' lang='lat' dir='ltr'>Sic</span> <span class='ocrx_word' id='word_1_276' title='bbox 929 1764 980 1793; x_wconf 87' lang='lat' dir='ltr'>iste</span> 
     </span>
     <span class='ocr_line' id='line_1_46' title="bbox 132 1811 980 1845; baseline 0 -6"><span class='ocrx_word' id='word_1_277' title='bbox 132 1811 229 1840; x_wconf 86' lang='lat' dir='ltr'>heatus</span> <span class='ocrx_word' id='word_1_278' title='bbox 245 1811 331 1845; x_wconf 88' lang='lat' dir='ltr'>Pater,</span> <span class='ocrx_word' id='word_1_279' title='bbox 347 1811 392 1840; x_wconf 91' lang='lat' dir='ltr'>cui</span> <span class='ocrx_word' id='word_1_280' title='bbox 414 1811 541 1840; x_wconf 85' lang='lat' dir='ltr'>convenit</span> <span class='ocrx_word' id='word_1_281' title='bbox 559 1811 627 1840; x_wconf 90' lang='lat' dir='ltr'>illud</span> <span class='ocrx_word' id='word_1_282' title='bbox 640 1811 736 1840; x_wconf 90' lang='lat' dir='ltr'>Elisei:</span> <span class='ocrx_word' id='word_1_283' title='bbox 755 1811 789 1839; x_wconf 89' lang='lat' dir='ltr'>ln</span> <span class='ocrx_word' id='word_1_284' title='bbox 802 1811 903 1840; x_wconf 84' lang='lat' dir='ltr'>diebus</span> <span class='ocrx_word' id='word_1_285' title='bbox 916 1812 980 1840; x_wconf 80' lang='lat' dir='ltr'>suis</span> 
     </span>
     <span class='ocr_line' id='line_1_47' title="bbox 132 1857 979 1895; baseline 0.001 -9"><span class='ocrx_word' id='word_1_286' title='bbox 132 1866 190 1886; x_wconf 88' lang='lat' dir='ltr'>non</span> <span class='ocrx_word' id='word_1_287' title='bbox 201 1857 354 1895; x_wconf 77' lang='lat' dir='ltr'><em>pertimuit</em></span> <span class='ocrx_word' id='word_1_288' title='bbox 368 1858 551 1895; x_wconf 80' lang='lat' dir='ltr'>principem,</span> <span class='ocrx_word' id='word_1_289' title='bbox 574 1857 753 1887; x_wconf 88' lang='lat' dir='ltr'>Ecclesiastici</span> <span class='ocrx_word' id='word_1_290' title='bbox 769 1858 979 1895; x_wconf 84' lang='lat' dir='ltr'>quadragesimo</span> 
     </span>
     <span class='ocr_line' id='line_1_48' title="bbox 132 1905 979 1939; baseline 0 -6"><span class='ocrx_word' id='word_1_291' title='bbox 132 1908 237 1934; x_wconf 89' lang='lat' dir='ltr'>octavo.</span> <span class='ocrx_word' id='word_1_292' title='bbox 252 1905 319 1933; x_wconf 90' lang='lat' dir='ltr'>Nam</span> <span class='ocrx_word' id='word_1_293' title='bbox 335 1913 398 1933; x_wconf 85' lang='lat' dir='ltr'>cum</span> <span class='ocrx_word' id='word_1_294' title='bbox 413 1905 583 1933; x_wconf 84' lang='lat' dir='ltr'>intentarent</span> <span class='ocrx_word' id='word_1_295' title='bbox 597 1905 620 1933; x_wconf 89' lang='lat' dir='ltr'>ei</span> <span class='ocrx_word' id='word_1_296' title='bbox 636 1905 740 1939; x_wconf 86' lang='lat' dir='ltr'>minas,</span> <span class='ocrx_word' id='word_1_297' title='bbox 755 1905 878 1934; x_wconf 88' lang='lat' dir='ltr'>dicebat:</span> <span class='ocrx_word' id='word_1_298' title='bbox 898 1917 911 1930; x_wconf 70' lang='lat' dir='ltr'>a</span> <span class='ocrx_word' id='word_1_299' title='bbox 923 1906 979 1934; x_wconf 92' lang='lat' dir='ltr'>Uti-</span> 
     </span>
     <span class='ocr_line' id='line_1_49' title="bbox 132 1951 979 1981; baseline 0 0"><span class='ocrx_word' id='word_1_300' title='bbox 132 1960 194 1981; x_wconf 89' lang='lat' dir='ltr'>nam</span> <span class='ocrx_word' id='word_1_301' title='bbox 216 1959 260 1980; x_wconf 85' lang='lat' dir='ltr'>me</span> <span class='ocrx_word' id='word_1_302' title='bbox 281 1955 369 1980; x_wconf 88' lang='lat' dir='ltr'>totum</span> <span class='ocrx_word' id='word_1_303' title='bbox 391 1951 531 1980; x_wconf 77' lang='lat' dir='ltr'>frustatim</span> <span class='ocrx_word' id='word_1_304' title='bbox 563 1951 722 1980; x_wconf 86' lang='lat' dir='ltr'>divideretis</span> <span class='ocrx_word' id='word_1_305' title='bbox 750 1955 776 1980; x_wconf 89' lang='lat' dir='ltr'>et</span> <span class='ocrx_word' id='word_1_306' title='bbox 805 1952 979 1981; x_wconf 76' lang='lat' dir='ltr'>dImitteretis</span> 
     </span>
     <span class='ocr_line' id='line_1_50' title="bbox 133 1998 603 2035; baseline -0.002 -8"><span class='ocrx_word' id='word_1_307' title='bbox 133 1998 157 2027; x_wconf 86' lang='lat' dir='ltr'>in</span> <span class='ocrx_word' id='word_1_308' title='bbox 180 2006 241 2027; x_wconf 91' lang='lat' dir='ltr'>meo</span> <span class='ocrx_word' id='word_1_309' title='bbox 262 1998 395 2035; x_wconf 84' lang='lat' dir='ltr'>sanguine</span> <span class='ocrx_word' id='word_1_310' title='bbox 416 1998 535 2027; x_wconf 84' lang='lat' dir='ltr'>volutari</span> <span class='ocrx_word' id='word_1_311' title='bbox 551 1998 561 2015; x_wconf 93' lang='lat'>⁷</span> <span class='ocrx_word' id='word_1_312' title='bbox 576 2009 603 2026; x_wconf 82' lang='lat'>».</span> 
     </span>
    </p>
   </div>
   <div class='ocr_carea' id='block_1_10' title="bbox 680 2125 978 2154">
    <p class='ocr_par' dir='ltr' id='par_1_11' title="bbox 680 2125 978 2154">
     <span class='ocr_line' id='line_1_51' title="bbox 680 2125 978 2154; baseline 0.003 -1"><span class='ocrx_word' id='word_1_313' title='bbox 680 2125 722 2153; x_wconf 88' lang='lat' dir='ltr'>DE</span> <span class='ocrx_word' id='word_1_314' title='bbox 744 2125 769 2153; x_wconf 83' lang='lat' dir='ltr'>S.</span> <span class='ocrx_word' id='word_1_315' title='bbox 792 2125 978 2154; x_wconf 69' lang='lat' dir='ltr'>LAURENTIO</span> 
     </span>
    </p>
   </div>
   <div class='ocr_carea' id='block_1_11' title="bbox 485 2236 623 2264">
    <p class='ocr_par' dir='ltr' id='par_1_12' title="bbox 485 2236 623 2264">
     <span class='ocr_line' id='line_1_52' title="bbox 485 2236 623 2264; baseline 0.007 -1"><span class='ocrx_word' id='word_1_316' title='bbox 485 2236 576 2264; x_wconf 70' lang='lat' dir='ltr'>Sanno</span> <span class='ocrx_word' id='word_1_317' title='bbox 592 2236 623 2264; x_wconf 72' lang='lat'>¹2.</span> 
     </span>
    </p>
   </div>
   <div class='ocr_carea' id='block_1_12' title="bbox 133 2328 979 2458">
    <p class='ocr_par' dir='ltr' id='par_1_13' title="bbox 133 2328 979 2458">
     <span class='ocr_line' id='line_1_53' title="bbox 210 2328 978 2367; baseline 0.001 -10"><span class='ocrx_word' id='word_1_318' title='bbox 210 2328 351 2357; x_wconf 84' lang='lat' dir='ltr'>Probavit</span> <span class='ocrx_word' id='word_1_319' title='bbox 371 2337 416 2357; x_wconf 91' lang='lat' dir='ltr'>me</span> <span class='ocrx_word' id='word_1_320' title='bbox 443 2329 531 2367; x_wconf 80' lang='lat' dir='ltr'>quasi</span> <span class='ocrx_word' id='word_1_321' title='bbox 558 2337 687 2363; x_wconf 81' lang='lat' dir='ltr'>auram,</span> <span class='ocrx_word' id='word_1_322' title='bbox 709 2329 786 2367; x_wconf 86' lang='lat' dir='ltr'>qaod</span> <span class='ocrx_word' id='word_1_323' title='bbox 803 2338 858 2366; x_wconf 84' lang='lat' dir='ltr'>per</span> <span class='ocrx_word' id='word_1_324' title='bbox 883 2330 978 2367; x_wconf 73' lang='lat' dir='ltr'>iynem</span> 
     </span>
     <span class='ocr_line' id='line_1_54' title="bbox 133 2376 628 2413; baseline 0 -9"><span class='ocrx_word' id='word_1_325' title='bbox 133 2376 257 2410; x_wconf 78' lang='lat' dir='ltr'>transit,</span> <span class='ocrx_word' id='word_1_326' title='bbox 280 2376 325 2405; x_wconf 87' lang='lat' dir='ltr'>lob</span> <span class='ocrx_word' id='word_1_327' title='bbox 347 2376 478 2413; x_wconf 79' lang='lat' dir='ltr'>vigesimo</span> <span class='ocrx_word' id='word_1_328' title='bbox 499 2376 581 2405; x_wconf 90' lang='lat' dir='ltr'>tertio</span> <span class='ocrx_word' id='word_1_329' title='bbox 598 2376 628 2404; x_wconf 76' lang='lat'>¹³.</span> 
     </span>
     <span class='ocr_line' id='line_1_55' title="bbox 210 2423 979 2458; baseline 0.001 -7"><span class='ocrx_word' id='word_1_330' title='bbox 210 2423 301 2452; x_wconf 84' lang='lat' dir='ltr'>Verba</span> <span class='ocrx_word' id='word_1_331' title='bbox 322 2423 374 2452; x_wconf 89' lang='lat' dir='ltr'>ista</span> <span class='ocrx_word' id='word_1_332' title='bbox 394 2423 466 2452; x_wconf 89' lang='lat' dir='ltr'>beati</span> <span class='ocrx_word' id='word_1_333' title='bbox 499 2423 559 2458; x_wconf 84' lang='lat' dir='ltr'>Iob,</span> <span class='ocrx_word' id='word_1_334' title='bbox 582 2423 662 2452; x_wconf 83' lang='lat' dir='ltr'>ouius</span> <span class='ocrx_word' id='word_1_335' title='bbox 690 2423 780 2452; x_wconf 87' lang='lat' dir='ltr'>virtus</span> <span class='ocrx_word' id='word_1_336' title='bbox 801 2423 853 2452; x_wconf 85' lang='lat' dir='ltr'>fuit</span> <span class='ocrx_word' id='word_1_337' title='bbox 879 2432 896 2452; x_wconf 83' lang='lat' dir='ltr'>a</span> <span class='ocrx_word' id='word_1_338' title='bbox 922 2424 979 2452; x_wconf 89' lang='lat' dir='ltr'>Deo</span> 
     </span>
    </p>
   </div>
   <div class='ocr_carea' id='block_1_13' title="bbox 94 2469 978 2507">
    <p class='ocr_par' dir='ltr' id='par_1_14' title="bbox 94 2469 978 2507">
     <span class='ocr_line' id='line_1_56' title="bbox 94 2469 978 2507; baseline 0.001 -9"><span class='ocrx_word' id='word_1_339' title='bbox 94 2471 98 2475; x_wconf 84' lang='lat'>&#39;</span> <span class='ocrx_word' id='word_1_340' title='bbox 114 2486 118 2490; x_wconf 91' lang='lat'><em>-</em></span> <span class='ocrx_word' id='word_1_341' title='bbox 131 2469 321 2506; x_wconf 88' lang='lat' dir='ltr'>multipliciter</span> <span class='ocrx_word' id='word_1_342' title='bbox 336 2470 460 2507; x_wconf 87' lang='lat' dir='ltr'>probata,</span> <span class='ocrx_word' id='word_1_343' title='bbox 475 2474 502 2499; x_wconf 88' lang='lat' dir='ltr'>et</span> <span class='ocrx_word' id='word_1_344' title='bbox 517 2474 674 2507; x_wconf 78' lang='lat' dir='ltr'>competere</span> <span class='ocrx_word' id='word_1_345' title='bbox 689 2474 804 2507; x_wconf 86' lang='lat' dir='ltr'>possunt</span> <span class='ocrx_word' id='word_1_346' title='bbox 819 2470 898 2499; x_wconf 89' lang='lat' dir='ltr'>beato</span> <span class='ocrx_word' id='word_1_347' title='bbox 909 2471 978 2499; x_wconf 87' lang='lat' dir='ltr'>Lau-</span> 
     </span>
    </p>
   </div>
   <div class='ocr_carea' id='block_1_14' title="bbox 131 2516 978 2554">
    <p class='ocr_par' dir='ltr' id='par_1_15' title="bbox 131 2516 978 2554">
     <span class='ocr_line' id='line_1_57' title="bbox 131 2516 978 2554; baseline 0.002 -10"><span class='ocrx_word' id='word_1_348' title='bbox 131 2516 229 2551; x_wconf 88' lang='lat' dir='ltr'>rentio,</span> <span class='ocrx_word' id='word_1_349' title='bbox 251 2517 297 2554; x_wconf 91' lang='lat' dir='ltr'>qui</span> <span class='ocrx_word' id='word_1_350' title='bbox 321 2525 374 2545; x_wconf 91' lang='lat' dir='ltr'>non</span> <span class='ocrx_word' id='word_1_351' title='bbox 399 2519 506 2545; x_wconf 84' lang='lat' dir='ltr'>tantum</span> <span class='ocrx_word' id='word_1_352' title='bbox 529 2517 681 2546; x_wconf 87' lang='lat' dir='ltr'>secundum</span> <span class='ocrx_word' id='word_1_353' title='bbox 703 2517 920 2554; x_wconf 80' lang='lat' dir='ltr'>metaphoricam</span> <span class='ocrx_word' id='word_1_354' title='bbox 943 2518 978 2546; x_wconf 90' lang='lat' dir='ltr'>si-</span> 
     </span>
    </p>
   </div>
   <div class='ocr_carea' id='block_1_15' title="bbox 1005 274 1014 2027">
    <p class='ocr_par' dir='ltr' id='par_1_16' title="bbox 1005 274 1014 2027">
     <span class='ocr_line' id='line_1_58' title="bbox 1005 274 1014 2027; baseline 0 0"><span class='ocrx_word' id='word_1_355' title='bbox 1005 274 1014 2027; x_wconf 95' lang='lat' dir='ltr'> </span> 
     </span>
    </p>
   </div>
   <div class='ocr_carea' id='block_1_16' title="bbox 1829 198 1883 226">
    <p class='ocr_par' dir='ltr' id='par_1_17' title="bbox 1829 198 1883 226">
     <span class='ocr_line' id='line_1_59' title="bbox 1829 198 1883 226; baseline -0.019 0"><span class='ocrx_word' id='word_1_356' title='bbox 1829 198 1883 226; x_wconf 75' lang='lat'>563</span> 
     </span>
    </p>
   </div>
   <div class='ocr_carea' id='block_1_17' title="bbox 1033 271 1885 2037">
    <p class='ocr_par' dir='ltr' id='par_1_18' title="bbox 1037 271 1885 1466">
     <span class='ocr_line' id='line_1_60' title="bbox 1118 271 1883 311; baseline 0.007 -13"><span class='ocrx_word' id='word_1_357' title='bbox 1118 271 1209 299; x_wconf 88' lang='lat' dir='ltr'>Tertia</span> <span class='ocrx_word' id='word_1_358' title='bbox 1220 272 1283 307; x_wconf 86' lang='lat' dir='ltr'>(est)</span> <span class='ocrx_word' id='word_1_359' title='bbox 1295 271 1377 301; x_wconf 86' lang='lat' dir='ltr'>facies</span> <span class='ocrx_word' id='word_1_360' title='bbox 1389 272 1477 307; x_wconf 78' lang='lat' dir='ltr'>bovis,</span> <span class='ocrx_word' id='word_1_361' title='bbox 1489 273 1522 302; x_wconf 88' lang='lat' dir='ltr'>de</span> <span class='ocrx_word' id='word_1_362' title='bbox 1537 281 1592 310; x_wconf 87' lang='lat' dir='ltr'>qua</span> <span class='ocrx_word' id='word_1_363' title='bbox 1603 274 1751 311; x_wconf 81' lang='lat' dir='ltr'>Ezechielis</span> <span class='ocrx_word' id='word_1_364' title='bbox 1762 275 1852 311; x_wconf 86' lang='lat' dir='ltr'>primo</span> <span class='ocrx_word' id='word_1_365' title='bbox 1860 274 1883 302; x_wconf 76' lang='lat'>8:</span> 
     </span>
     <span class='ocr_line' id='line_1_61' title="bbox 1041 317 1885 358; baseline 0.007 -14"><span class='ocrx_word' id='word_1_366' title='bbox 1041 317 1143 345; x_wconf 78' lang='lat' dir='ltr'>Facies</span> <span class='ocrx_word' id='word_1_367' title='bbox 1172 317 1250 346; x_wconf 88' lang='lat' dir='ltr'>bovis</span> <span class='ocrx_word' id='word_1_368' title='bbox 1278 326 1298 346; x_wconf 86' lang='lat' dir='ltr'>a</span> <span class='ocrx_word' id='word_1_369' title='bbox 1325 319 1455 348; x_wconf 82' lang='lat' dir='ltr'>sinistris</span> <span class='ocrx_word' id='word_1_370' title='bbox 1483 320 1617 357; x_wconf 82' lang='lat' dir='ltr'>ipsoram</span> <span class='ocrx_word' id='word_1_371' title='bbox 1645 324 1783 358; x_wconf 75' lang='lat' dir='ltr'>quatuor.</span> <span class='ocrx_word' id='word_1_372' title='bbox 1812 322 1885 350; x_wconf 86' lang='lat' dir='ltr'>Hanc</span> 
     </span>
     <span class='ocr_line' id='line_1_62' title="bbox 1040 363 1884 401; baseline 0.006 -10"><span class='ocrx_word' id='word_1_373' title='bbox 1040 364 1138 392; x_wconf 87' lang='lat' dir='ltr'>habuit</span> <span class='ocrx_word' id='word_1_374' title='bbox 1158 372 1207 400; x_wconf 89' lang='lat' dir='ltr'>per</span> <span class='ocrx_word' id='word_1_375' title='bbox 1229 363 1422 394; x_wconf 78' lang='lat' dir='ltr'>bumilitatem</span> <span class='ocrx_word' id='word_1_376' title='bbox 1437 365 1621 401; x_wconf 79' lang='lat' dir='ltr'>obedientiae,</span> <span class='ocrx_word' id='word_1_377' title='bbox 1643 367 1795 396; x_wconf 87' lang='lat' dir='ltr'>secundum</span> <span class='ocrx_word' id='word_1_378' title='bbox 1817 368 1884 396; x_wconf 91' lang='lat' dir='ltr'>illud</span> 
     </span>
     <span class='ocr_line' id='line_1_63' title="bbox 1039 410 1885 451; baseline 0.005 -13"><span class='ocrx_word' id='word_1_379' title='bbox 1039 410 1157 446; x_wconf 82' lang='lat' dir='ltr'>Apostoli</span> <span class='ocrx_word' id='word_1_380' title='bbox 1179 411 1284 447; x_wconf 85' lang='lat' dir='ltr'>primae</span> <span class='ocrx_word' id='word_1_381' title='bbox 1305 411 1338 439; x_wconf 85' lang='lat' dir='ltr'>ad</span> <span class='ocrx_word' id='word_1_382' title='bbox 1353 411 1509 441; x_wconf 87' lang='lat' dir='ltr'>Corinthios</span> <span class='ocrx_word' id='word_1_383' title='bbox 1529 421 1601 441; x_wconf 91' lang='lat' dir='ltr'>nono</span> <span class='ocrx_word' id='word_1_384' title='bbox 1617 413 1642 441; x_wconf 81' lang='lat'>⁹:</span> <span class='ocrx_word' id='word_1_385' title='bbox 1663 413 1727 442; x_wconf 88' lang='lat' dir='ltr'>Non</span> <span class='ocrx_word' id='word_1_386' title='bbox 1749 414 1885 451; x_wconf 65' lang='lat' dir='ltr'>alligabis</span> 
     </span>
     <span class='ocr_line' id='line_1_64' title="bbox 1039 456 1884 497; baseline 0.006 -13"><span class='ocrx_word' id='word_1_387' title='bbox 1039 465 1071 485; x_wconf 78' lang='lat' dir='ltr'>os</span> <span class='ocrx_word' id='word_1_388' title='bbox 1092 456 1157 485; x_wconf 85' lang='lat' dir='ltr'>bovi</span> <span class='ocrx_word' id='word_1_389' title='bbox 1177 457 1334 486; x_wconf 76' lang='lat' dir='ltr'>trituranti</span> <span class='ocrx_word' id='word_1_390' title='bbox 1341 481 1349 492; x_wconf 90' lang='lat'>,</span> <span class='ocrx_word' id='word_1_391' title='bbox 1371 462 1398 486; x_wconf 88' lang='lat' dir='ltr'>et</span> <span class='ocrx_word' id='word_1_392' title='bbox 1419 459 1540 488; x_wconf 86' lang='lat' dir='ltr'>sumitur</span> <span class='ocrx_word' id='word_1_393' title='bbox 1567 460 1601 488; x_wconf 90' lang='lat' dir='ltr'>de</span> <span class='ocrx_word' id='word_1_394' title='bbox 1629 460 1760 497; x_wconf 84' lang='lat' dir='ltr'>vigesimo</span> <span class='ocrx_word' id='word_1_395' title='bbox 1787 461 1884 497; x_wconf 88' lang='lat' dir='ltr'>quinto</span> 
     </span>
     <span class='ocr_line' id='line_1_65' title="bbox 1040 503 1885 544; baseline 0.006 -14"><span class='ocrx_word' id='word_1_396' title='bbox 1040 503 1255 537; x_wconf 88' lang='lat' dir='ltr'>Deuteronomii‚</span> <span class='ocrx_word' id='word_1_397' title='bbox 1271 504 1344 540; x_wconf 89' lang='lat' dir='ltr'>quod</span> <span class='ocrx_word' id='word_1_398' title='bbox 1360 505 1504 541; x_wconf 88' lang='lat' dir='ltr'>Apostolus</span> <span class='ocrx_word' id='word_1_399' title='bbox 1519 506 1579 534; x_wconf 90' lang='lat' dir='ltr'>vult</span> <span class='ocrx_word' id='word_1_400' title='bbox 1593 506 1746 543; x_wconf 84' lang='lat' dir='ltr'>intelligere</span> <span class='ocrx_word' id='word_1_401' title='bbox 1760 507 1794 535; x_wconf 87' lang='lat' dir='ltr'>de.</span> <span class='ocrx_word' id='word_1_402' title='bbox 1808 515 1885 544; x_wconf 87' lang='lat' dir='ltr'>prae-</span> 
     </span>
     <span class='ocr_line' id='line_1_66' title="bbox 1039 550 1884 590; baseline 0.007 -13"><span class='ocrx_word' id='word_1_403' title='bbox 1039 550 1173 578; x_wconf 87' lang='lat' dir='ltr'>dicatione</span> <span class='ocrx_word' id='word_1_404' title='bbox 1195 551 1333 585; x_wconf 86' lang='lat' dir='ltr'>veritatis,</span> <span class='ocrx_word' id='word_1_405' title='bbox 1356 552 1436 580; x_wconf 89' lang='lat' dir='ltr'>cuius</span> <span class='ocrx_word' id='word_1_406' title='bbox 1450 556 1491 580; x_wconf 89' lang='lat' dir='ltr'>est</span> <span class='ocrx_word' id='word_1_407' title='bbox 1512 553 1621 582; x_wconf 87' lang='lat' dir='ltr'>sulcare</span> <span class='ocrx_word' id='word_1_408' title='bbox 1642 557 1744 582; x_wconf 88' lang='lat' dir='ltr'>terram</span> <span class='ocrx_word' id='word_1_409' title='bbox 1764 557 1791 582; x_wconf 90' lang='lat' dir='ltr'>et</span> <span class='ocrx_word' id='word_1_410' title='bbox 1806 562 1884 590; x_wconf 85' lang='lat' dir='ltr'>prae—</span> 
     </span>
     <span class='ocr_line' id='line_1_67' title="bbox 1039 596 1880 637; baseline 0.006 -13"><span class='ocrx_word' id='word_1_411' title='bbox 1039 596 1163 625; x_wconf 83' lang='lat' dir='ltr'>scindere</span> <span class='ocrx_word' id='word_1_412' title='bbox 1185 605 1296 626; x_wconf 86' lang='lat' dir='ltr'>vomere</span> <span class='ocrx_word' id='word_1_413' title='bbox 1312 598 1387 626; x_wconf 88' lang='lat' dir='ltr'>verbi</span> <span class='ocrx_word' id='word_1_414' title='bbox 1410 598 1467 627; x_wconf 88' lang='lat' dir='ltr'>Dei.</span> <span class='ocrx_word' id='word_1_415' title='bbox 1483 599 1560 635; x_wconf 86' lang='lat' dir='ltr'>Quod</span> <span class='ocrx_word' id='word_1_416' title='bbox 1582 600 1653 628; x_wconf 89' lang='lat' dir='ltr'>enim</span> <span class='ocrx_word' id='word_1_417' title='bbox 1676 608 1725 637; x_wconf 88' lang='lat' dir='ltr'>per</span> <span class='ocrx_word' id='word_1_418' title='bbox 1739 609 1880 629; x_wconf 81' lang='lat' dir='ltr'>vomerem</span> 
     </span>
     <span class='ocr_line' id='line_1_68' title="bbox 1039 643 1882 680; baseline 0.007 -10"><span class='ocrx_word' id='word_1_419' title='bbox 1039 643 1205 679; x_wconf 86' lang='lat' dir='ltr'>praedicatio</span> <span class='ocrx_word' id='word_1_420' title='bbox 1227 644 1405 680; x_wconf 82' lang='lat' dir='ltr'>intelligatur,</span> <span class='ocrx_word' id='word_1_421' title='bbox 1421 645 1543 674; x_wconf 86' lang='lat' dir='ltr'>insinuat</span> <span class='ocrx_word' id='word_1_422' title='bbox 1557 646 1623 674; x_wconf 90' lang='lat' dir='ltr'>illud</span> <span class='ocrx_word' id='word_1_423' title='bbox 1646 647 1728 675; x_wconf 85' lang='lat' dir='ltr'>Isaiae</span> <span class='ocrx_word' id='word_1_424' title='bbox 1747 647 1882 675; x_wconf 89' lang='lat' dir='ltr'>secundo:</span> 
     </span>
     <span class='ocr_line' id='line_1_69' title="bbox 1040 689 1883 727; baseline 0.006 -10"><span class='ocrx_word' id='word_1_425' title='bbox 1040 690 1075 717; x_wconf 87' lang='lat' dir='ltr'>Et</span> <span class='ocrx_word' id='word_1_426' title='bbox 1095 689 1262 726; x_wconf 77' lang='lat' dir='ltr'>conflabant</span> <span class='ocrx_word' id='word_1_427' title='bbox 1274 690 1391 727; x_wconf 70' lang='lat' dir='ltr'>ytadz&#39;os</span> <span class='ocrx_word' id='word_1_428' title='bbox 1408 699 1477 719; x_wconf 80' lang='lat' dir='ltr'>sitos</span> <span class='ocrx_word' id='word_1_429' title='bbox 1499 692 1529 720; x_wconf 86' lang='lat' dir='ltr'>in</span> <span class='ocrx_word' id='word_1_430' title='bbox 1541 701 1678 727; x_wconf 79' lang='lat' dir='ltr'>vomeres,</span> <span class='ocrx_word' id='word_1_431' title='bbox 1700 697 1727 722; x_wconf 89' lang='lat' dir='ltr'>et</span> <span class='ocrx_word' id='word_1_432' title='bbox 1748 694 1883 723; x_wconf 87' lang='lat' dir='ltr'>Michaeae</span> 
     </span>
     <span class='ocr_line' id='line_1_70' title="bbox 1038 736 1883 774; baseline 0.006 -10"><span class='ocrx_word' id='word_1_433' title='bbox 1038 739 1154 772; x_wconf 83' lang='lat' dir='ltr'>quarto:</span> <span class='ocrx_word' id='word_1_434' title='bbox 1178 736 1331 765; x_wconf 86' lang='lat' dir='ltr'>Concident</span> <span class='ocrx_word' id='word_1_435' title='bbox 1357 738 1472 774; x_wconf 64' lang='lat' dir='ltr'>gladios</span> <span class='ocrx_word' id='word_1_436' title='bbox 1496 747 1565 766; x_wconf 85' lang='lat' dir='ltr'>saos</span> <span class='ocrx_word' id='word_1_437' title='bbox 1586 739 1617 766; x_wconf 88' lang='lat' dir='ltr'>in</span> <span class='ocrx_word' id='word_1_438' title='bbox 1644 748 1777 768; x_wconf 80' lang='lat' dir='ltr'>vomeres.</span> <span class='ocrx_word' id='word_1_439' title='bbox 1807 741 1883 769; x_wconf 88' lang='lat' dir='ltr'>Hunc</span> 
     </span>
     <span class='ocr_line' id='line_1_71' title="bbox 1038 784 1882 823; baseline 0.006 -13"><span class='ocrx_word' id='word_1_440' title='bbox 1038 790 1177 810; x_wconf 87' lang='lat' dir='ltr'>vomerem</span> <span class='ocrx_word' id='word_1_441' title='bbox 1200 791 1253 811; x_wconf 87' lang='lat' dir='ltr'>non</span> <span class='ocrx_word' id='word_1_442' title='bbox 1276 787 1365 819; x_wconf 85' lang='lat' dir='ltr'>potest</span> <span class='ocrx_word' id='word_1_443' title='bbox 1386 784 1497 812; x_wconf 87' lang='lat' dir='ltr'>trahere</span> <span class='ocrx_word' id='word_1_444' title='bbox 1518 785 1568 813; x_wconf 87' lang='lat' dir='ltr'>hos</span> <span class='ocrx_word' id='word_1_445' title='bbox 1588 785 1638 813; x_wconf 91' lang='lat' dir='ltr'>nisi</span> <span class='ocrx_word' id='word_1_446' title='bbox 1662 786 1757 822; x_wconf 81' lang='lat' dir='ltr'>iugum</span> <span class='ocrx_word' id='word_1_447' title='bbox 1779 790 1882 823; x_wconf 86' lang='lat' dir='ltr'>portet;</span> 
     </span>
     <span class='ocr_line' id='line_1_72' title="bbox 1038 828 1882 868; baseline 0.007 -12"><span class='ocrx_word' id='word_1_448' title='bbox 1038 828 1113 857; x_wconf 89' lang='lat' dir='ltr'>ideo:</span> <span class='ocrx_word' id='word_1_449' title='bbox 1143 829 1240 857; x_wconf 88' lang='lat' dir='ltr'>Tollite</span> <span class='ocrx_word' id='word_1_450' title='bbox 1261 829 1364 866; x_wconf 71' lang='lat' dir='ltr'>iuyum</span> <span class='ocrx_word' id='word_1_451' title='bbox 1385 839 1482 858; x_wconf 85' lang='lat' dir='ltr'>meam</span> <span class='ocrx_word' id='word_1_452' title='bbox 1502 840 1655 868; x_wconf 76' lang='lat' dir='ltr'>supervos</span> <span class='ocrx_word' id='word_1_453' title='bbox 1676 836 1737 866; x_wconf 91' lang='lat' dir='ltr'>etc.‚</span> <span class='ocrx_word' id='word_1_454' title='bbox 1756 834 1882 862; x_wconf 84' lang='lat' dir='ltr'>Matthaei</span> 
     </span>
     <span class='ocr_line' id='line_1_73' title="bbox 1038 875 1883 916; baseline 0.006 -13"><span class='ocrx_word' id='word_1_455' title='bbox 1038 875 1185 904; x_wconf 88' lang='lat' dir='ltr'>undecimo</span> <span class='ocrx_word' id='word_1_456' title='bbox 1202 876 1239 909; x_wconf 78' lang='lat'>¹⁰3</span> <span class='ocrx_word' id='word_1_457' title='bbox 1263 876 1328 913; x_wconf 87' lang='lat' dir='ltr'>quia</span> <span class='ocrx_word' id='word_1_458' title='bbox 1356 877 1450 905; x_wconf 90' lang='lat' dir='ltr'>nullus</span> <span class='ocrx_word' id='word_1_459' title='bbox 1477 881 1558 914; x_wconf 87' lang='lat' dir='ltr'>aptus</span> <span class='ocrx_word' id='word_1_460' title='bbox 1579 882 1620 906; x_wconf 90' lang='lat' dir='ltr'>est</span> <span class='ocrx_word' id='word_1_461' title='bbox 1641 878 1673 907; x_wconf 86' lang='lat' dir='ltr'>ad</span> <span class='ocrx_word' id='word_1_462' title='bbox 1699 880 1883 916; x_wconf 82' lang='lat' dir='ltr'>evangelicam</span> 
     </span>
     <span class='ocr_line' id='line_1_74' title="bbox 1037 921 1883 962; baseline 0.006 -13"><span class='ocrx_word' id='word_1_463' title='bbox 1037 921 1189 950; x_wconf 86' lang='lat' dir='ltr'>doctrinam</span> <span class='ocrx_word' id='word_1_464' title='bbox 1212 922 1262 950; x_wconf 91' lang='lat' dir='ltr'>nisi</span> <span class='ocrx_word' id='word_1_465' title='bbox 1285 923 1350 959; x_wconf 80' lang='lat' dir='ltr'>iugo</span> <span class='ocrx_word' id='word_1_466' title='bbox 1370 923 1540 952; x_wconf 84' lang='lat' dir='ltr'>obedientiae</span> <span class='ocrx_word' id='word_1_467' title='bbox 1562 925 1730 961; x_wconf 87' lang='lat' dir='ltr'>suppositus,</span> <span class='ocrx_word' id='word_1_468' title='bbox 1755 926 1787 954; x_wconf 89' lang='lat' dir='ltr'>ad</span> <span class='ocrx_word' id='word_1_469' title='bbox 1810 926 1883 962; x_wconf 87' lang='lat' dir='ltr'>quod</span> 
     </span>
     <span class='ocr_line' id='line_1_75' title="bbox 1038 968 1883 1007; baseline 0.006 -11"><span class='ocrx_word' id='word_1_470' title='bbox 1038 968 1246 997; x_wconf 81' lang='lat' dir='ltr'>convenientius</span> <span class='ocrx_word' id='word_1_471' title='bbox 1268 972 1410 1005; x_wconf 90' lang='lat' dir='ltr'>ponuntur</span> <span class='ocrx_word' id='word_1_472' title='bbox 1425 970 1480 998; x_wconf 88' lang='lat' dir='ltr'>duo</span> <span class='ocrx_word' id='word_1_473' title='bbox 1496 978 1578 1007; x_wconf 86' lang='lat' dir='ltr'>quam</span> <span class='ocrx_word' id='word_1_474' title='bbox 1601 979 1674 1000; x_wconf 90' lang='lat' dir='ltr'>unus</span> <span class='ocrx_word' id='word_1_475' title='bbox 1696 972 1753 1000; x_wconf 87' lang='lat' dir='ltr'>bos.</span> <span class='ocrx_word' id='word_1_476' title='bbox 1769 988 1807 992; x_wconf 67' lang='lat'>—</span> <span class='ocrx_word' id='word_1_477' title='bbox 1822 972 1883 1001; x_wconf 84' lang='lat' dir='ltr'>ideo</span> 
     </span>
     <span class='ocr_line' id='line_1_76' title="bbox 1038 1014 1883 1052; baseline 0.006 -10"><span class='ocrx_word' id='word_1_478' title='bbox 1038 1014 1194 1043; x_wconf 86' lang='lat' dir='ltr'>novissimis</span> <span class='ocrx_word' id='word_1_479' title='bbox 1217 1015 1259 1043; x_wconf 91' lang='lat' dir='ltr'>his</span> <span class='ocrx_word' id='word_1_480' title='bbox 1274 1016 1445 1052; x_wconf 86' lang='lat' dir='ltr'>temporibus</span> <span class='ocrx_word' id='word_1_481' title='bbox 1466 1016 1521 1045; x_wconf 89' lang='lat' dir='ltr'>duo</span> <span class='ocrx_word' id='word_1_482' title='bbox 1536 1016 1653 1046; x_wconf 86' lang='lat' dir='ltr'>Ordines</span> <span class='ocrx_word' id='word_1_483' title='bbox 1674 1018 1790 1046; x_wconf 84' lang='lat' dir='ltr'>instituti</span> <span class='ocrx_word' id='word_1_484' title='bbox 1811 1023 1883 1051; x_wconf 84' lang='lat' dir='ltr'>sunt,</span> 
     </span>
     <span class='ocr_line' id='line_1_77' title="bbox 1037 1061 1883 1102; baseline 0.006 -14"><span class='ocrx_word' id='word_1_485' title='bbox 1037 1068 1158 1097; x_wconf 86' lang='lat' dir='ltr'>quorum</span> <span class='ocrx_word' id='word_1_486' title='bbox 1181 1061 1344 1097; x_wconf 87' lang='lat' dir='ltr'>mysterium</span> <span class='ocrx_word' id='word_1_487' title='bbox 1367 1063 1516 1098; x_wconf 86' lang='lat' dir='ltr'>praecessit</span> <span class='ocrx_word' id='word_1_488' title='bbox 1537 1064 1564 1091; x_wconf 89' lang='lat' dir='ltr'>in</span> <span class='ocrx_word' id='word_1_489' title='bbox 1590 1064 1651 1092; x_wconf 87' lang='lat' dir='ltr'>libri</span> <span class='ocrx_word' id='word_1_490' title='bbox 1676 1064 1754 1100; x_wconf 92' lang='lat' dir='ltr'>primi</span> <span class='ocrx_word' id='word_1_491' title='bbox 1780 1065 1883 1102; x_wconf 77' lang='lat' dir='ltr'>Regum</span> 
     </span>
     <span class='ocr_line' id='line_1_78' title="bbox 1037 1108 1884 1146; baseline 0.005 -10"><span class='ocrx_word' id='word_1_492' title='bbox 1037 1111 1117 1137; x_wconf 79' lang='lat' dir='ltr'>sexto</span> <span class='ocrx_word' id='word_1_493' title='bbox 1140 1108 1166 1136; x_wconf 95' lang='lat' dir='ltr'>in</span> <span class='ocrx_word' id='word_1_494' title='bbox 1188 1108 1297 1137; x_wconf 88' lang='lat' dir='ltr'>duabus</span> <span class='ocrx_word' id='word_1_495' title='bbox 1318 1109 1407 1137; x_wconf 81' lang='lat' dir='ltr'>vaccis</span> <span class='ocrx_word' id='word_1_496' title='bbox 1428 1109 1498 1143; x_wconf 88' lang='lat' dir='ltr'>fetis,</span> <span class='ocrx_word' id='word_1_497' title='bbox 1525 1110 1697 1146; x_wconf 89' lang='lat' dir='ltr'>portantibus</span> <span class='ocrx_word' id='word_1_498' title='bbox 1718 1119 1810 1140; x_wconf 87' lang='lat' dir='ltr'>arcam</span> <span class='ocrx_word' id='word_1_499' title='bbox 1831 1112 1884 1140; x_wconf 57' lang='lat' dir='ltr'>Da</span> 
     </span>
     <span class='ocr_line' id='line_1_79' title="bbox 1037 1154 1884 1193; baseline 0.006 -11"><span class='ocrx_word' id='word_1_500' title='bbox 1037 1155 1102 1183; x_wconf 87' lang='lat' dir='ltr'>mini</span> <span class='ocrx_word' id='word_1_501' title='bbox 1125 1154 1159 1183; x_wconf 89' lang='lat' dir='ltr'>de</span> <span class='ocrx_word' id='word_1_502' title='bbox 1174 1158 1249 1183; x_wconf 85' lang='lat' dir='ltr'>terra</span> <span class='ocrx_word' id='word_1_503' title='bbox 1266 1155 1437 1190; x_wconf 82' lang='lat' dir='ltr'>Philisthiim,</span> <span class='ocrx_word' id='word_1_504' title='bbox 1453 1156 1486 1185; x_wconf 93' lang='lat' dir='ltr'>de</span> <span class='ocrx_word' id='word_1_505' title='bbox 1501 1156 1604 1193; x_wconf 86' lang='lat' dir='ltr'>quibus</span> <span class='ocrx_word' id='word_1_506' title='bbox 1618 1157 1735 1186; x_wconf 87' lang='lat' dir='ltr'>dicitur:</span> <span class='ocrx_word' id='word_1_507' title='bbox 1754 1158 1839 1187; x_wconf 89' lang='lat' dir='ltr'>Ibant</span> <span class='ocrx_word' id='word_1_508' title='bbox 1853 1159 1884 1187; x_wconf 85' lang='lat' dir='ltr'>in</span> 
     </span>
     <span class='ocr_line' id='line_1_80' title="bbox 1037 1202 1883 1242; baseline 0.005 -12"><span class='ocrx_word' id='word_1_509' title='bbox 1037 1202 1182 1230; x_wconf 80' lang='lat' dir='ltr'>directam</span> <span class='ocrx_word' id='word_1_510' title='bbox 1203 1211 1310 1231; x_wconf 84' lang='lat' dir='ltr'>vaccae</span> <span class='ocrx_word' id='word_1_511' title='bbox 1328 1211 1382 1240; x_wconf 80' lang='lat' dir='ltr'>per</span> <span class='ocrx_word' id='word_1_512' title='bbox 1402 1203 1493 1237; x_wconf 86' lang='lat' dir='ltr'>viam,</span> <span class='ocrx_word' id='word_1_513' title='bbox 1515 1212 1590 1242; x_wconf 85' lang='lat' dir='ltr'>qaae</span> <span class='ocrx_word' id='word_1_514' title='bbox 1611 1205 1692 1233; x_wconf 77' lang='lat' dir='ltr'>(lacit</span> <span class='ocrx_word' id='word_1_515' title='bbox 1708 1204 1883 1239; x_wconf 79' lang='lat' dir='ltr'>Betltsames,</span> 
     </span>
     <span class='ocr_line' id='line_1_81' title="bbox 1037 1249 1884 1289; baseline 0.005 -12"><span class='ocrx_word' id='word_1_516' title='bbox 1037 1253 1061 1278; x_wconf 87' lang='lat' dir='ltr'>et</span> <span class='ocrx_word' id='word_1_517' title='bbox 1083 1249 1185 1277; x_wconf 82' lang='lat' dir='ltr'>itinere</span> <span class='ocrx_word' id='word_1_518' title='bbox 1206 1258 1264 1278; x_wconf 83' lang='lat' dir='ltr'>ano</span> <span class='ocrx_word' id='word_1_519' title='bbox 1284 1250 1512 1287; x_wconf 75' lang='lat' dir='ltr'>yradiebantar‚</span> <span class='ocrx_word' id='word_1_520' title='bbox 1531 1255 1680 1288; x_wconf 65' lang='lat' dir='ltr'>pergentes</span> <span class='ocrx_word' id='word_1_521' title='bbox 1707 1256 1733 1280; x_wconf 87' lang='lat' dir='ltr'>et</span> <span class='ocrx_word' id='word_1_522' title='bbox 1752 1252 1884 1289; x_wconf 57' lang='grc'>7111191011-</span> 
     </span>
     <span class='ocr_line' id='line_1_82' title="bbox 1038 1296 1884 1337; baseline 0.006 -14"><span class='ocrx_word' id='word_1_523' title='bbox 1038 1300 1087 1330; x_wconf 85' lang='lat' dir='ltr'>tes,</span> <span class='ocrx_word' id='word_1_524' title='bbox 1108 1299 1133 1324; x_wconf 84' lang='lat' dir='ltr'>et</span> <span class='ocrx_word' id='word_1_525' title='bbox 1156 1304 1213 1324; x_wconf 85' lang='lat' dir='ltr'>non</span> <span class='ocrx_word' id='word_1_526' title='bbox 1234 1296 1418 1325; x_wconf 77' lang='lat' dir='ltr'>declinabant</span> <span class='ocrx_word' id='word_1_527' title='bbox 1438 1306 1528 1336; x_wconf 77' lang='lat' dir='ltr'>neque</span> <span class='ocrx_word' id='word_1_528' title='bbox 1555 1298 1595 1326; x_wconf 90' lang='lat' dir='ltr'>ad</span> <span class='ocrx_word' id='word_1_529' title='bbox 1622 1299 1771 1327; x_wconf 69' lang='lat' dir='ltr'>dexteram</span> <span class='ocrx_word' id='word_1_530' title='bbox 1795 1308 1884 1337; x_wconf 77' lang='lat' dir='ltr'>neque</span> 
     </span>
     <span class='ocr_line' id='line_1_83' title="bbox 1037 1343 1883 1382; baseline 0.006 -12"><span class='ocrx_word' id='word_1_531' title='bbox 1037 1343 1077 1371; x_wconf 84' lang='lat' dir='ltr'>ad</span> <span class='ocrx_word' id='word_1_532' title='bbox 1098 1343 1261 1371; x_wconf 80' lang='lat' dir='ltr'>sinistrant.</span> <span class='ocrx_word' id='word_1_533' title='bbox 1285 1344 1327 1372; x_wconf 81' lang='lat' dir='ltr'>Sic</span> <span class='ocrx_word' id='word_1_534' title='bbox 1342 1352 1408 1381; x_wconf 84' lang='lat' dir='ltr'>ergo</span> <span class='ocrx_word' id='word_1_535' title='bbox 1423 1344 1456 1373; x_wconf 90' lang='lat' dir='ltr'>ad</span> <span class='ocrx_word' id='word_1_536' title='bbox 1473 1345 1637 1373; x_wconf 89' lang='lat' dir='ltr'>trahendum</span> <span class='ocrx_word' id='word_1_537' title='bbox 1660 1346 1755 1382; x_wconf 88' lang='lat' dir='ltr'>iugum</span> <span class='ocrx_word' id='word_1_538' title='bbox 1776 1346 1883 1375; x_wconf 84' lang='lat' dir='ltr'>Domini</span> 
     </span>
     <span class='ocr_line' id='line_1_84' title="bbox 1037 1391 1884 1425; baseline 0.005 -7"><span class='ocrx_word' id='word_1_539' title='bbox 1037 1391 1149 1419; x_wconf 87' lang='lat' dir='ltr'>iunctus</span> <span class='ocrx_word' id='word_1_540' title='bbox 1160 1394 1200 1419; x_wconf 88' lang='lat' dir='ltr'>est</span> <span class='ocrx_word' id='word_1_541' title='bbox 1216 1391 1316 1419; x_wconf 87' lang='lat' dir='ltr'>Paulus</span> <span class='ocrx_word' id='word_1_542' title='bbox 1332 1391 1419 1425; x_wconf 81' lang='lat' dir='ltr'>Petro,</span> <span class='ocrx_word' id='word_1_543' title='bbox 1433 1392 1589 1421; x_wconf 88' lang='lat' dir='ltr'>Bernardus</span> <span class='ocrx_word' id='word_1_544' title='bbox 1604 1393 1748 1422; x_wconf 86' lang='lat' dir='ltr'>Benedicto</span> <span class='ocrx_word' id='word_1_545' title='bbox 1763 1396 1790 1422; x_wconf 91' lang='lat' dir='ltr'>et</span> <span class='ocrx_word' id='word_1_546' title='bbox 1805 1394 1884 1422; x_wconf 89' lang='lat' dir='ltr'>Fran—</span> 
     </span>
     <span class='ocr_line' id='line_1_85' title="bbox 1037 1437 1298 1466; baseline 0.004 -1"><span class='ocrx_word' id='word_1_547' title='bbox 1037 1437 1126 1466; x_wconf 85' lang='lat' dir='ltr'>ciscus</span> <span class='ocrx_word' id='word_1_548' title='bbox 1149 1438 1298 1466; x_wconf 84' lang='lat' dir='ltr'>Dominico.</span> 
     </span>
    </p>

    <p class='ocr_par' dir='ltr' id='par_1_19' title="bbox 1033 1484 1883 2037">
     <span class='ocr_line' id='line_1_86' title="bbox 1116 1484 1882 1524; baseline 0.005 -12"><span class='ocrx_word' id='word_1_549' title='bbox 1116 1484 1220 1520; x_wconf 82' lang='lat' dir='ltr'>Quarta</span> <span class='ocrx_word' id='word_1_550' title='bbox 1240 1488 1332 1513; x_wconf 88' lang='lat' dir='ltr'>autem</span> <span class='ocrx_word' id='word_1_551' title='bbox 1355 1489 1396 1514; x_wconf 91' lang='lat' dir='ltr'>est</span> <span class='ocrx_word' id='word_1_552' title='bbox 1416 1485 1498 1515; x_wconf 85' lang='lat' dir='ltr'>facies</span> <span class='ocrx_word' id='word_1_553' title='bbox 1526 1486 1659 1524; x_wconf 79' lang='lat' dir='ltr'>aquilae,</span> <span class='ocrx_word' id='word_1_554' title='bbox 1681 1487 1715 1515; x_wconf 92' lang='lat' dir='ltr'>de</span> <span class='ocrx_word' id='word_1_555' title='bbox 1742 1496 1797 1524; x_wconf 86' lang='lat' dir='ltr'>qua</span> <span class='ocrx_word' id='word_1_556' title='bbox 1820 1488 1882 1516; x_wconf 90' lang='lat' dir='ltr'>Eze—</span> 
     </span>
     <span class='ocr_line' id='line_1_87' title="bbox 1037 1531 1883 1571; baseline 0.005 -12"><span class='ocrx_word' id='word_1_557' title='bbox 1037 1531 1133 1560; x_wconf 90' lang='lat' dir='ltr'>chielis</span> <span class='ocrx_word' id='word_1_558' title='bbox 1155 1531 1245 1568; x_wconf 90' lang='lat' dir='ltr'>primo</span> <span class='ocrx_word' id='word_1_559' title='bbox 1262 1533 1299 1559; x_wconf 85' lang='lat'>¹¹:</span> <span class='ocrx_word' id='word_1_560' title='bbox 1326 1532 1429 1561; x_wconf 84' lang='lat' dir='ltr'>Facies</span> <span class='ocrx_word' id='word_1_561' title='bbox 1458 1533 1575 1570; x_wconf 81' lang='lat' dir='ltr'>aquilae</span> <span class='ocrx_word' id='word_1_562' title='bbox 1599 1534 1721 1570; x_wconf 76' lang='lat' dir='ltr'>desuper</span> <span class='ocrx_word' id='word_1_563' title='bbox 1750 1534 1883 1571; x_wconf 77' lang='lat' dir='ltr'>ipsoram</span> 
     </span>
     <span class='ocr_line' id='line_1_88' title="bbox 1037 1579 1883 1618; baseline 0.005 -12"><span class='ocrx_word' id='word_1_564' title='bbox 1037 1582 1175 1616; x_wconf 72' lang='lat' dir='ltr'>quatuor,</span> <span class='ocrx_word' id='word_1_565' title='bbox 1198 1581 1225 1607; x_wconf 88' lang='lat' dir='ltr'>et</span> <span class='ocrx_word' id='word_1_566' title='bbox 1246 1579 1317 1607; x_wconf 85' lang='lat' dir='ltr'>hanc</span> <span class='ocrx_word' id='word_1_567' title='bbox 1338 1579 1436 1608; x_wconf 85' lang='lat' dir='ltr'>habuit</span> <span class='ocrx_word' id='word_1_568' title='bbox 1460 1588 1509 1616; x_wconf 90' lang='lat' dir='ltr'>per</span> <span class='ocrx_word' id='word_1_569' title='bbox 1532 1581 1784 1617; x_wconf 74' lang='lat' dir='ltr'>perspicacitatem</span> <span class='ocrx_word' id='word_1_570' title='bbox 1807 1590 1883 1618; x_wconf 81' lang='lat' dir='ltr'>prit—</span> 
     </span>
     <span class='ocr_line' id='line_1_89' title="bbox 1037 1625 1883 1665; baseline 0.005 -12"><span class='ocrx_word' id='word_1_571' title='bbox 1037 1625 1166 1658; x_wconf 86' lang='lat' dir='ltr'>dentiae,</span> <span class='ocrx_word' id='word_1_572' title='bbox 1188 1625 1221 1654; x_wconf 89' lang='lat' dir='ltr'>de</span> <span class='ocrx_word' id='word_1_573' title='bbox 1246 1634 1301 1662; x_wconf 84' lang='lat' dir='ltr'>qua</span> <span class='ocrx_word' id='word_1_574' title='bbox 1330 1626 1375 1654; x_wconf 88' lang='lat' dir='ltr'>lob</span> <span class='ocrx_word' id='word_1_575' title='bbox 1403 1627 1543 1663; x_wconf 82' lang='lat' dir='ltr'>trigesimo</span> <span class='ocrx_word' id='word_1_576' title='bbox 1572 1635 1658 1655; x_wconf 84' lang='lat' dir='ltr'>nono:</span> <span class='ocrx_word' id='word_1_577' title='bbox 1682 1627 1822 1665; x_wconf 80' lang='lat' dir='ltr'>Nunqaid</span> <span class='ocrx_word' id='word_1_578' title='bbox 1843 1628 1883 1657; x_wconf 86' lang='lat' dir='ltr'>ad</span> 
     </span>
     <span class='ocr_line' id='line_1_90' title="bbox 1033 1672 1882 1711; baseline 0.005 -12"><span class='ocrx_word' id='word_1_579' title='bbox 1033 1676 1221 1709; x_wconf 81' lang='lat' dir='ltr'>praeceptam</span> <span class='ocrx_word' id='word_1_580' title='bbox 1234 1676 1318 1700; x_wconf 78' lang='lat' dir='ltr'>taam</span> <span class='ocrx_word' id='word_1_581' title='bbox 1333 1672 1491 1701; x_wconf 78' lang='lat' dir='ltr'>elevabitur</span> <span class='ocrx_word' id='word_1_582' title='bbox 1505 1674 1608 1711; x_wconf 81' lang='lat' dir='ltr'>aquila</span> <span class='ocrx_word' id='word_1_583' title='bbox 1619 1677 1680 1708; x_wconf 88' lang='lat' dir='ltr'>etc.‚</span> <span class='ocrx_word' id='word_1_584' title='bbox 1696 1674 1743 1703; x_wconf 90' lang='lat' dir='ltr'>ubi</span> <span class='ocrx_word' id='word_1_585' title='bbox 1754 1675 1882 1704; x_wconf 87' lang='lat' dir='ltr'>describi-</span> 
     </span>
     <span class='ocr_line' id='line_1_91' title="bbox 1037 1719 1883 1758; baseline 0.002 -11"><span class='ocrx_word' id='word_1_586' title='bbox 1037 1722 1084 1747; x_wconf 88' lang='lat' dir='ltr'>tur</span> <span class='ocrx_word' id='word_1_587' title='bbox 1099 1719 1246 1755; x_wconf 83' lang='lat' dir='ltr'>prudentia</span> <span class='ocrx_word' id='word_1_588' title='bbox 1260 1719 1288 1747; x_wconf 92' lang='lat' dir='ltr'>in</span> <span class='ocrx_word' id='word_1_589' title='bbox 1304 1720 1506 1753; x_wconf 85' lang='lat' dir='ltr'>conversand0;</span> <span class='ocrx_word' id='word_1_590' title='bbox 1522 1720 1574 1748; x_wconf 82' lang='lat' dir='ltr'>nbi</span> <span class='ocrx_word' id='word_1_591' title='bbox 1594 1721 1665 1749; x_wconf 91' lang='lat' dir='ltr'>enim</span> <span class='ocrx_word' id='word_1_592' title='bbox 1687 1720 1778 1758; x_wconf 70' lang='lat' dir='ltr'>faerit</span> <span class='ocrx_word' id='word_1_593' title='bbox 1797 1721 1883 1750; x_wconf 87' lang='lat' dir='ltr'>eada-</span> 
     </span>
     <span class='ocr_line' id='line_1_92' title="bbox 1036 1765 1882 1804; baseline 0.004 -11"><span class='ocrx_word' id='word_1_594' title='bbox 1036 1774 1096 1799; x_wconf 89' lang='lat' dir='ltr'>ver,</span> <span class='ocrx_word' id='word_1_595' title='bbox 1108 1765 1209 1794; x_wconf 87' lang='lat' dir='ltr'>statim</span> <span class='ocrx_word' id='word_1_596' title='bbox 1224 1766 1305 1794; x_wconf 86' lang='lat' dir='ltr'>adest</span> <span class='ocrx_word' id='word_1_597' title='bbox 1319 1769 1432 1802; x_wconf 85' lang='lat' dir='ltr'>propter</span> <span class='ocrx_word' id='word_1_598' title='bbox 1449 1766 1625 1803; x_wconf 83' lang='lat' dir='ltr'>vigilantiam,</span> <span class='ocrx_word' id='word_1_599' title='bbox 1638 1775 1720 1804; x_wconf 86' lang='lat' dir='ltr'>quam</span> <span class='ocrx_word' id='word_1_600' title='bbox 1738 1767 1835 1796; x_wconf 87' lang='lat' dir='ltr'>habuit</span> <span class='ocrx_word' id='word_1_601' title='bbox 1849 1767 1882 1795; x_wconf 89' lang='lat' dir='ltr'>ad</span> 
     </span>
     <span class='ocr_line' id='line_1_93' title="bbox 1036 1812 1883 1850; baseline 0.002 -10"><span class='ocrx_word' id='word_1_602' title='bbox 1036 1812 1253 1841; x_wconf 86' lang='lat' dir='ltr'>convertendum</span> <span class='ocrx_word' id='word_1_603' title='bbox 1275 1815 1441 1849; x_wconf 85' lang='lat' dir='ltr'>peccatores.</span> <span class='ocrx_word' id='word_1_604' title='bbox 1464 1813 1533 1842; x_wconf 90' lang='lat' dir='ltr'>Haec</span> <span class='ocrx_word' id='word_1_605' title='bbox 1547 1814 1640 1850; x_wconf 89' lang='lat' dir='ltr'>aquila</span> <span class='ocrx_word' id='word_1_606' title='bbox 1660 1814 1828 1850; x_wconf 83' lang='lat' dir='ltr'>provocavit</span> <span class='ocrx_word' id='word_1_607' title='bbox 1842 1814 1883 1842; x_wconf 84' lang='lat' dir='ltr'>ad</span> 
     </span>
     <span class='ocr_line' id='line_1_94' title="bbox 1036 1858 1883 1898; baseline 0.004 -12"><span class='ocrx_word' id='word_1_608' title='bbox 1036 1858 1193 1887; x_wconf 79' lang='lat' dir='ltr'>volandum</span> <span class='ocrx_word' id='word_1_609' title='bbox 1212 1859 1310 1896; x_wconf 82' lang='lat' dir='ltr'>pallos</span> <span class='ocrx_word' id='word_1_610' title='bbox 1330 1868 1414 1894; x_wconf 80' lang='lat' dir='ltr'>suos,</span> <span class='ocrx_word' id='word_1_611' title='bbox 1436 1860 1463 1888; x_wconf 88' lang='lat' dir='ltr'>id</span> <span class='ocrx_word' id='word_1_612' title='bbox 1484 1863 1525 1889; x_wconf 88' lang='lat' dir='ltr'>est</span> <span class='ocrx_word' id='word_1_613' title='bbox 1546 1868 1596 1897; x_wconf 84' lang='lat' dir='ltr'>per</span> <span class='ocrx_word' id='word_1_614' title='bbox 1617 1861 1883 1898; x_wconf 83' lang='lat' dir='ltr'>contemplationem</span> 
     </span>
     <span class='ocr_line' id='line_1_95' title="bbox 1038 1905 1881 1942; baseline 0.005 -9"><span class='ocrx_word' id='word_1_615' title='bbox 1038 1905 1160 1934; x_wconf 85' lang='lat' dir='ltr'>veritatis</span> <span class='ocrx_word' id='word_1_616' title='bbox 1175 1909 1202 1934; x_wconf 89' lang='lat' dir='ltr'>et</span> <span class='ocrx_word' id='word_1_617' title='bbox 1215 1906 1449 1935; x_wconf 69' lang='lat' dir='ltr'>exercitationem</span> <span class='ocrx_word' id='word_1_618' title='bbox 1465 1907 1584 1942; x_wconf 85' lang='lat' dir='ltr'>virtutis,</span> <span class='ocrx_word' id='word_1_619' title='bbox 1600 1907 1670 1936; x_wconf 88' lang='lat' dir='ltr'>filios</span> <span class='ocrx_word' id='word_1_620' title='bbox 1684 1908 1718 1936; x_wconf 89' lang='lat' dir='ltr'>ad</span> <span class='ocrx_word' id='word_1_621' title='bbox 1733 1908 1881 1937; x_wconf 82' lang='lat' dir='ltr'>videndum</span> 
     </span>
     <span class='ocr_line' id='line_1_96' title="bbox 1035 1952 1882 1992; baseline 0.005 -12"><span class='ocrx_word' id='word_1_622' title='bbox 1035 1952 1154 1981; x_wconf 88' lang='lat' dir='ltr'>divinam</span> <span class='ocrx_word' id='word_1_623' title='bbox 1176 1953 1266 1982; x_wconf 85' lang='lat' dir='ltr'>lucem</span> <span class='ocrx_word' id='word_1_624' title='bbox 1288 1957 1314 1982; x_wconf 91' lang='lat' dir='ltr'>et</span> <span class='ocrx_word' id='word_1_625' title='bbox 1336 1953 1538 1990; x_wconf 84' lang='lat' dir='ltr'>degustandum</span> <span class='ocrx_word' id='word_1_626' title='bbox 1559 1957 1698 1983; x_wconf 88' lang='lat' dir='ltr'>aeternam</span> <span class='ocrx_word' id='word_1_627' title='bbox 1718 1963 1822 1992; x_wconf 87' lang='lat' dir='ltr'>pacem.</span> <span class='ocrx_word' id='word_1_628' title='bbox 1844 1955 1882 1984; x_wconf 84' lang='lat' dir='ltr'>Ad</span> 
     </span>
     <span class='ocr_line' id='line_1_97' title="bbox 1036 2000 1565 2037; baseline 0 -10"><span class='ocrx_word' id='word_1_629' title='bbox 1036 2007 1119 2036; x_wconf 86' lang='lat' dir='ltr'>quam</span> <span class='ocrx_word' id='word_1_630' title='bbox 1142 2007 1191 2028; x_wconf 92' lang='lat' dir='ltr'>nos</span> <span class='ocrx_word' id='word_1_631' title='bbox 1213 2000 1340 2029; x_wconf 90' lang='lat' dir='ltr'>Christus</span> <span class='ocrx_word' id='word_1_632' title='bbox 1361 2000 1494 2037; x_wconf 85' lang='lat' dir='ltr'>perducat</span> <span class='ocrx_word' id='word_1_633' title='bbox 1515 2004 1565 2030; x_wconf 85' lang='lat' dir='ltr'>etc.</span> 
     </span>
    </p>
   </div>
   <div class='ocr_carea' id='block_1_18' title="bbox 1000 2126 1336 2164">
    <p class='ocr_par' dir='ltr' id='par_1_20' title="bbox 1000 2126 1336 2164">
     <span class='ocr_line' id='line_1_98' title="bbox 1000 2126 1336 2164; baseline 0.003 -10"><span class='ocrx_word' id='word_1_634' title='bbox 1000 2126 1155 2155; x_wconf 71' lang='lat' dir='ltr'>MARTYRE</span> <span class='ocrx_word' id='word_1_635' title='bbox 1178 2127 1227 2163; x_wconf 83' lang='lat' dir='ltr'>(io</span> <span class='ocrx_word' id='word_1_636' title='bbox 1249 2128 1336 2164; x_wconf 61' lang='lat' dir='ltr'>Aug).</span> 
     </span>
    </p>
   </div>
   <div class='ocr_carea' id='block_1_19' title="bbox 1035 2236 1882 2557">
    <p class='ocr_par' dir='ltr' id='par_1_21' title="bbox 1035 2236 1882 2557">
     <span class='ocr_line' id='line_1_99' title="bbox 1036 2236 1879 2276; baseline 0.005 -12"><span class='ocrx_word' id='word_1_637' title='bbox 1036 2236 1230 2271; x_wconf 85' lang='lat' dir='ltr'>militudinem,</span> <span class='ocrx_word' id='word_1_638' title='bbox 1246 2237 1293 2266; x_wconf 88' lang='lat' dir='ltr'>sed</span> <span class='ocrx_word' id='word_1_639' title='bbox 1314 2237 1395 2266; x_wconf 87' lang='lat' dir='ltr'>etiam</span> <span class='ocrx_word' id='word_1_640' title='bbox 1412 2238 1564 2267; x_wconf 86' lang='lat' dir='ltr'>secundum</span> <span class='ocrx_word' id='word_1_641' title='bbox 1580 2239 1720 2276; x_wconf 88' lang='lat' dir='ltr'>propriam</span> <span class='ocrx_word' id='word_1_642' title='bbox 1736 2239 1879 2268; x_wconf 85' lang='lat' dir='ltr'>veritatem</span> 
     </span>
     <span class='ocr_line' id='line_1_100' title="bbox 1036 2283 1881 2320; baseline 0.005 -9"><span class='ocrx_word' id='word_1_643' title='bbox 1036 2283 1063 2311; x_wconf 93' lang='lat' dir='ltr'>in</span> <span class='ocrx_word' id='word_1_644' title='bbox 1086 2283 1151 2320; x_wconf 57' lang='lat' dir='ltr'>igine</span> <span class='ocrx_word' id='word_1_645' title='bbox 1172 2284 1306 2320; x_wconf 85' lang='lat' dir='ltr'>probatus</span> <span class='ocrx_word' id='word_1_646' title='bbox 1327 2284 1386 2313; x_wconf 81' lang='lat' dir='ltr'>fuit.</span> <span class='ocrx_word' id='word_1_647' title='bbox 1409 2284 1622 2314; x_wconf 89' lang='lat' dir='ltr'>Commendatur</span> <span class='ocrx_word' id='word_1_648' title='bbox 1643 2289 1735 2315; x_wconf 90' lang='lat' dir='ltr'>autem</span> <span class='ocrx_word' id='word_1_649' title='bbox 1750 2286 1777 2315; x_wconf 92' lang='lat' dir='ltr'>in</span> <span class='ocrx_word' id='word_1_650' title='bbox 1796 2287 1881 2315; x_wconf 72' lang='lat' dir='ltr'>verbo</span> 
     </span>
     <span class='ocr_line' id='line_1_101' title="bbox 1035 2330 1882 2369; baseline 0.005 -11"><span class='ocrx_word' id='word_1_651' title='bbox 1035 2330 1188 2366; x_wconf 88' lang='lat' dir='ltr'>praemisso</span> <span class='ocrx_word' id='word_1_652' title='bbox 1209 2331 1320 2367; x_wconf 83' lang='lat' dir='ltr'>gloriosi</span> <span class='ocrx_word' id='word_1_653' title='bbox 1341 2331 1470 2368; x_wconf 87' lang='lat' dir='ltr'>Martyris</span> <span class='ocrx_word' id='word_1_654' title='bbox 1490 2332 1580 2368; x_wconf 84' lang='lat' dir='ltr'>passio</span> <span class='ocrx_word' id='word_1_655' title='bbox 1602 2332 1756 2369; x_wconf 88' lang='lat' dir='ltr'>tripliciter,</span> <span class='ocrx_word' id='word_1_656' title='bbox 1778 2333 1882 2362; x_wconf 87' lang='lat' dir='ltr'>scilicet</span> 
     </span>
     <span class='ocr_line' id='line_1_102' title="bbox 1036 2377 1881 2416; baseline 0.004 -11"><span class='ocrx_word' id='word_1_657' title='bbox 1036 2380 1174 2413; x_wconf 88' lang='lat' dir='ltr'>quantum</span> <span class='ocrx_word' id='word_1_658' title='bbox 1202 2377 1235 2405; x_wconf 89' lang='lat' dir='ltr'>ad</span> <span class='ocrx_word' id='word_1_659' title='bbox 1257 2378 1448 2414; x_wconf 81' lang='lat' dir='ltr'>acceptionem</span> <span class='ocrx_word' id='word_1_660' title='bbox 1477 2378 1573 2406; x_wconf 68' lang='lat' dir='ltr'>(livini</span> <span class='ocrx_word' id='word_1_661' title='bbox 1600 2378 1778 2415; x_wconf 82' lang='lat' dir='ltr'>beneplaciti,</span> <span class='ocrx_word' id='word_1_662' title='bbox 1807 2380 1881 2416; x_wconf 90' lang='lat' dir='ltr'>quod</span> 
     </span>
     <span class='ocr_line' id='line_1_103' title="bbox 1036 2423 1880 2461; baseline 0.004 -9"><span class='ocrx_word' id='word_1_663' title='bbox 1036 2423 1148 2460; x_wconf 90' lang='lat' dir='ltr'>respicit</span> <span class='ocrx_word' id='word_1_664' title='bbox 1169 2424 1288 2460; x_wconf 87' lang='lat' dir='ltr'>patiendi</span> <span class='ocrx_word' id='word_1_665' title='bbox 1310 2432 1437 2459; x_wconf 84' lang='lat' dir='ltr'>causam,</span> <span class='ocrx_word' id='word_1_666' title='bbox 1459 2433 1523 2453; x_wconf 90' lang='lat' dir='ltr'>cum</span> <span class='ocrx_word' id='word_1_667' title='bbox 1548 2425 1629 2454; x_wconf 90' lang='lat' dir='ltr'>dicit:</span> <span class='ocrx_word' id='word_1_668' title='bbox 1653 2426 1795 2455; x_wconf 83' lang='lat' dir='ltr'>Probavit</span> <span class='ocrx_word' id='word_1_669' title='bbox 1820 2435 1880 2461; x_wconf 88' lang='lat' dir='ltr'>me,</span> 
     </span>
     <span class='ocr_line' id='line_1_104' title="bbox 1035 2470 1882 2509; baseline 0.005 -11"><span class='ocrx_word' id='word_1_670' title='bbox 1035 2470 1062 2499; x_wconf 86' lang='lat' dir='ltr'>id</span> <span class='ocrx_word' id='word_1_671' title='bbox 1090 2474 1131 2499; x_wconf 89' lang='lat' dir='ltr'>est</span> <span class='ocrx_word' id='word_1_672' title='bbox 1160 2471 1308 2505; x_wconf 83' lang='lat' dir='ltr'>Dominus,</span> <span class='ocrx_word' id='word_1_673' title='bbox 1330 2471 1410 2500; x_wconf 88' lang='lat' dir='ltr'>cuius</span> <span class='ocrx_word' id='word_1_674' title='bbox 1438 2475 1479 2500; x_wconf 89' lang='lat' dir='ltr'>est</span> <span class='ocrx_word' id='word_1_675' title='bbox 1499 2472 1600 2501; x_wconf 88' lang='lat' dir='ltr'>electos</span> <span class='ocrx_word' id='word_1_676' title='bbox 1618 2472 1762 2509; x_wconf 86' lang='lat' dir='ltr'>probare,</span> <span class='ocrx_word' id='word_1_677' title='bbox 1791 2473 1818 2502; x_wconf 91' lang='lat' dir='ltr'>id</span> <span class='ocrx_word' id='word_1_678' title='bbox 1841 2476 1882 2503; x_wconf 89' lang='lat' dir='ltr'>est</span> 
     </span>
     <span class='ocr_line' id='line_1_105' title="bbox 1035 2517 1881 2557; baseline 0.004 -11"><span class='ocrx_word' id='word_1_679' title='bbox 1035 2517 1206 2554; x_wconf 87' lang='lat' dir='ltr'>approbare;</span> <span class='ocrx_word' id='word_1_680' title='bbox 1235 2518 1269 2546; x_wconf 87' lang='lat' dir='ltr'>ad</span> <span class='ocrx_word' id='word_1_681' title='bbox 1295 2517 1499 2555; x_wconf 83' lang='lat' dir='ltr'>perfectionem</span> <span class='ocrx_word' id='word_1_682' title='bbox 1527 2519 1646 2556; x_wconf 84' lang='lat' dir='ltr'>proprii</span> <span class='ocrx_word' id='word_1_683' title='bbox 1671 2520 1785 2553; x_wconf 85' lang='lat' dir='ltr'>meriti,</span> <span class='ocrx_word' id='word_1_684' title='bbox 1807 2520 1881 2557; x_wconf 89' lang='lat' dir='ltr'>quod</span> 
     </span>
    </p>
   </div>
   <div class='ocr_carea' id='block_1_20' title="bbox 752 2607 1268 2611">
    <p class='ocr_par' dir='ltr' id='par_1_22' title="bbox 752 2607 1268 2611">
     <span class='ocr_line' id='line_1_106' title="bbox 752 2607 1268 2611; baseline 0 0"><span class='ocrx_word' id='word_1_685' title='bbox 752 2607 1268 2611; x_wconf 95' lang='lat' dir='ltr'> </span> 
     </span>
    </p>
   </div>
   <div class='ocr_carea' id='block_1_21' title="bbox 132 2674 978 3016">
    <p class='ocr_par' dir='ltr' id='par_1_23' title="bbox 132 2674 978 2742">
     <span class='ocr_line' id='line_1_107' title="bbox 195 2674 978 2704; baseline 0.003 -8"><span class='ocrx_word' id='word_1_686' title='bbox 195 2674 202 2687; x_wconf 90' lang='lat'>¹</span> <span class='ocrx_word' id='word_1_687' title='bbox 221 2675 252 2696; x_wconf 90' lang='lat' dir='ltr'>De</span> <span class='ocrx_word' id='word_1_688' title='bbox 271 2676 313 2696; x_wconf 79' lang='lat' dir='ltr'>hac</span> <span class='ocrx_word' id='word_1_689' title='bbox 330 2675 471 2702; x_wconf 74' lang='lat' dir='ltr'>expositione</span> <span class='ocrx_word' id='word_1_690' title='bbox 488 2675 611 2697; x_wconf 85' lang='lat' dir='ltr'>Ezechielis</span> <span class='ocrx_word' id='word_1_691' title='bbox 629 2676 670 2697; x_wconf 81' lang='lat' dir='ltr'>cfr.</span> <span class='ocrx_word' id='word_1_692' title='bbox 686 2681 746 2704; x_wconf 83' lang='lat' dir='ltr'>quae</span> <span class='ocrx_word' id='word_1_693' title='bbox 767 2676 834 2697; x_wconf 85' lang='lat' dir='ltr'>simili</span> <span class='ocrx_word' id='word_1_694' title='bbox 858 2676 928 2698; x_wconf 90' lang='lat' dir='ltr'>modo</span> <span class='ocrx_word' id='word_1_695' title='bbox 946 2676 978 2698; x_wconf 87' lang='lat' dir='ltr'>di-</span> 
     </span>
     <span class='ocr_line' id='line_1_108' title="bbox 132 2714 823 2742; baseline 0.001 -6"><span class='ocrx_word' id='word_1_696' title='bbox 132 2716 214 2736; x_wconf 88' lang='lat' dir='ltr'>cuntur</span> <span class='ocrx_word' id='word_1_697' title='bbox 231 2720 301 2742; x_wconf 82' lang='lat' dir='ltr'>supra</span> <span class='ocrx_word' id='word_1_698' title='bbox 319 2714 340 2736; x_wconf 90' lang='lat' dir='ltr'>iu</span> <span class='ocrx_word' id='word_1_699' title='bbox 359 2720 465 2736; x_wconf 87' lang='lat' dir='ltr'>sermone</span> <span class='ocrx_word' id='word_1_700' title='bbox 484 2714 515 2736; x_wconf 87' lang='grc'>111.</span> <span class='ocrx_word' id='word_1_701' title='bbox 533 2714 562 2736; x_wconf 82' lang='lat' dir='ltr'>de</span> <span class='ocrx_word' id='word_1_702' title='bbox 580 2714 603 2736; x_wconf 82' lang='lat' dir='ltr'>S.</span> <span class='ocrx_word' id='word_1_703' title='bbox 621 2715 708 2741; x_wconf 84' lang='lat' dir='ltr'>Marco,</span> <span class='ocrx_word' id='word_1_704' title='bbox 726 2718 790 2742; x_wconf 85' lang='lat' dir='ltr'>parte</span> <span class='ocrx_word' id='word_1_705' title='bbox 808 2716 823 2737; x_wconf 88' lang='grc' dir='ltr'>Ι.</span> 
     </span>
    </p>

    <p class='ocr_par' dir='ltr' id='par_1_24' title="bbox 132 2753 976 2821">
     <span class='ocr_line' id='line_1_109' title="bbox 194 2753 976 2782; baseline 0.001 -6"><span class='ocrx_word' id='word_1_706' title='bbox 194 2753 203 2765; x_wconf 78' lang='lat'><strong>²</strong></span> <span class='ocrx_word' id='word_1_707' title='bbox 222 2754 287 2776; x_wconf 86' lang='lat' dir='ltr'>Vers.</span> <span class='ocrx_word' id='word_1_708' title='bbox 305 2754 347 2781; x_wconf 83' lang='lat' dir='ltr'>lO;</span> <span class='ocrx_word' id='word_1_709' title='bbox 368 2754 472 2782; x_wconf 82' lang='lat' dir='ltr'>sequitur</span> <span class='ocrx_word' id='word_1_710' title='bbox 497 2754 566 2782; x_wconf 80' lang='lat' dir='ltr'>Plato,</span> <span class='ocrx_word' id='word_1_711' title='bbox 591 2754 620 2776; x_wconf 87' lang='lat' dir='ltr'>de</span> <span class='ocrx_word' id='word_1_712' title='bbox 642 2753 750 2781; x_wconf 78' lang='lat' dir='ltr'>Legibus,</span> <span class='ocrx_word' id='word_1_713' title='bbox 774 2754 858 2782; x_wconf 84' lang='lat' dir='ltr'>dialog.</span> <span class='ocrx_word' id='word_1_714' title='bbox 884 2755 913 2781; x_wconf 77' lang='lat'>6,</span> <span class='ocrx_word' id='word_1_715' title='bbox 936 2756 976 2777; x_wconf 85' lang='lat' dir='ltr'>csr.</span> 
     </span>
     <span class='ocr_line' id='line_1_110' title="bbox 132 2792 597 2821; baseline 0 -6"><span class='ocrx_word' id='word_1_716' title='bbox 132 2792 232 2821; x_wconf 59' lang='lat' dir='ltr'>Ariston,</span> <span class='ocrx_word' id='word_1_717' title='bbox 250 2794 264 2815; x_wconf 93' lang='lat' dir='ltr'>l.</span> <span class='ocrx_word' id='word_1_718' title='bbox 281 2793 310 2815; x_wconf 89' lang='lat' dir='ltr'>de</span> <span class='ocrx_word' id='word_1_719' title='bbox 327 2793 424 2815; x_wconf 77' lang='lat' dir='ltr'>Animal.</span> <span class='ocrx_word' id='word_1_720' title='bbox 442 2794 520 2815; x_wconf 87' lang='lat' dir='ltr'>histor.</span> <span class='ocrx_word' id='word_1_721' title='bbox 537 2799 557 2815; x_wconf 90' lang='lat' dir='ltr'>c.</span> <span class='ocrx_word' id='word_1_722' title='bbox 575 2793 597 2815; x_wconf 80' lang='lat'>2.</span> 
     </span>
    </p>

    <p class='ocr_par' dir='ltr' id='par_1_25' title="bbox 194 2830 326 2853">
     <span class='ocr_line' id='line_1_111' title="bbox 194 2830 326 2853; baseline 0 0"><span class='ocrx_word' id='word_1_723' title='bbox 194 2830 203 2844; x_wconf 88' lang='lat'><strong>³</strong></span> <span class='ocrx_word' id='word_1_724' title='bbox 221 2832 286 2853; x_wconf 85' lang='lat' dir='ltr'>Vers.</span> <span class='ocrx_word' id='word_1_725' title='bbox 303 2831 326 2853; x_wconf 83' lang='lat'>7.</span> 
     </span>
    </p>

    <p class='ocr_par' dir='ltr' id='par_1_26' title="bbox 194 2869 879 2899">
     <span class='ocr_line' id='line_1_112' title="bbox 194 2869 879 2899; baseline 0.001 -7"><span class='ocrx_word' id='word_1_726' title='bbox 194 2869 204 2882; x_wconf 73' lang='lat'><em>⁴</em></span> <span class='ocrx_word' id='word_1_727' title='bbox 223 2871 287 2892; x_wconf 79' lang='lat' dir='ltr'>Vers.</span> <span class='ocrx_word' id='word_1_728' title='bbox 305 2870 347 2897; x_wconf 76' lang='lat'>25;</span> <span class='ocrx_word' id='word_1_729' title='bbox 364 2872 493 2899; x_wconf 87' lang='lat' dir='ltr'>sequuntur</span> <span class='ocrx_word' id='word_1_730' title='bbox 510 2869 568 2892; x_wconf 83' lang='lat' dir='ltr'>Toh.</span> <span class='ocrx_word' id='word_1_731' title='bbox 587 2869 608 2896; x_wconf 76' lang='lat' dir='ltr'>t,</span> <span class='ocrx_word' id='word_1_732' title='bbox 628 2870 663 2892; x_wconf 52' lang='lat'>116.</span> <span class='ocrx_word' id='word_1_733' title='bbox 680 2873 702 2892; x_wconf 88' lang='lat' dir='ltr'>et</span> <span class='ocrx_word' id='word_1_734' title='bbox 719 2871 784 2893; x_wconf 85' lang='lat' dir='ltr'>Eecli.</span> <span class='ocrx_word' id='word_1_735' title='bbox 803 2872 824 2899; x_wconf 76' lang='lat'>3,</span> <span class='ocrx_word' id='word_1_736' title='bbox 843 2872 879 2893; x_wconf 60' lang='lat' dir='ltr'>lt).</span> 
     </span>
    </p>

    <p class='ocr_par' dir='ltr' id='par_1_27' title="bbox 195 2908 326 2931">
     <span class='ocr_line' id='line_1_113' title="bbox 195 2908 326 2931; baseline 0 0"><span class='ocrx_word' id='word_1_737' title='bbox 195 2908 204 2921; x_wconf 82' lang='lat'>⁵</span> <span class='ocrx_word' id='word_1_738' title='bbox 223 2910 288 2931; x_wconf 87' lang='lat' dir='ltr'>Vers.</span> <span class='ocrx_word' id='word_1_739' title='bbox 305 2909 326 2931; x_wconf 88' lang='lat'>3.</span> 
     </span>
    </p>

    <p class='ocr_par' dir='ltr' id='par_1_28' title="bbox 195 2947 929 2976">
     <span class='ocr_line' id='line_1_114' title="bbox 195 2947 929 2976; baseline 0.001 -6"><span class='ocrx_word' id='word_1_740' title='bbox 195 2947 204 2960; x_wconf 75' lang='lat'>⁸</span> <span class='ocrx_word' id='word_1_741' title='bbox 222 2949 286 2970; x_wconf 78' lang='lat' dir='ltr'>Vei-s.</span> <span class='ocrx_word' id='word_1_742' title='bbox 309 2949 345 2975; x_wconf 80' lang='grc' dir='ltr'>1ος</span> <span class='ocrx_word' id='word_1_743' title='bbox 366 2952 493 2976; x_wconf 83' lang='lat' dir='ltr'>sequuntur</span> <span class='ocrx_word' id='word_1_744' title='bbox 511 2949 577 2971; x_wconf 80' lang='lat' dir='ltr'>Prov.</span> <span class='ocrx_word' id='word_1_745' title='bbox 595 2949 636 2976; x_wconf 82' lang='lat'>30,</span> <span class='ocrx_word' id='word_1_746' title='bbox 655 2949 691 2970; x_wconf 80' lang='lat'>30.</span> <span class='ocrx_word' id='word_1_747' title='bbox 709 2951 731 2971; x_wconf 89' lang='lat' dir='ltr'>et</span> <span class='ocrx_word' id='word_1_748' title='bbox 749 2949 814 2971; x_wconf 84' lang='lat' dir='ltr'>Eccli.</span> <span class='ocrx_word' id='word_1_749' title='bbox 833 2949 873 2976; x_wconf 75' lang='grc'>4-8,</span> <span class='ocrx_word' id='word_1_750' title='bbox 896 2950 929 2971; x_wconf 85' lang='grc'>13.</span> 
     </span>
    </p>

    <p class='ocr_par' dir='ltr' id='par_1_29' title="bbox 195 2986 725 3016">
     <span class='ocr_line' id='line_1_115' title="bbox 195 2986 725 3016; baseline 0.002 -7"><span class='ocrx_word' id='word_1_751' title='bbox 195 2986 203 3000; x_wconf 75' lang='lat'>⁷</span> <span class='ocrx_word' id='word_1_752' title='bbox 223 2988 280 3010; x_wconf 82' lang='lat' dir='ltr'>Vide</span> <span class='ocrx_word' id='word_1_753' title='bbox 298 2988 390 3010; x_wconf 81' lang='lat' dir='ltr'>Surium</span> <span class='ocrx_word' id='word_1_754' title='bbox 411 2988 423 3010; x_wconf 76' lang='lat'><strong>4</strong></span> <span class='ocrx_word' id='word_1_755' title='bbox 440 2988 545 3015; x_wconf 60' lang='lat' dir='ltr'>August,</span> <span class='ocrx_word' id='word_1_756' title='bbox 562 2987 600 3010; x_wconf 81' lang='lat' dir='ltr'>lib.</span> <span class='ocrx_word' id='word_1_757' title='bbox 623 2989 640 3010; x_wconf 90' lang='grc'>1.</span> <span class='ocrx_word' id='word_1_758' title='bbox 656 2987 670 3016; x_wconf 64' lang='lat'>§3</span> <span class='ocrx_word' id='word_1_759' title='bbox 687 2988 725 3010; x_wconf 74' lang='lat'>21.</span> 
     </span>
    </p>
   </div>
   <div class='ocr_carea' id='block_1_22' title="bbox 1004 2238 1009 3012">
    <p class='ocr_par' dir='ltr' id='par_1_30' title="bbox 1004 2238 1009 3012">
     <span class='ocr_line' id='line_1_116' title="bbox 1004 2238 1009 3012; baseline 0 0"><span class='ocrx_word' id='word_1_760' title='bbox 1004 2238 1009 3012; x_wconf 95' lang='lat' dir='ltr'> </span> 
     </span>
    </p>
   </div>
   <div class='ocr_carea' id='block_1_23' title="bbox 1033 2675 1880 3017">
    <p class='ocr_par' dir='ltr' id='par_1_31' title="bbox 1097 2675 1244 2698">
     <span class='ocr_line' id='line_1_117' title="bbox 1097 2675 1244 2698; baseline 0 0"><span class='ocrx_word' id='word_1_761' title='bbox 1097 2675 1106 2688; x_wconf 61' lang='grc' dir='ltr'>Β</span> <span class='ocrx_word' id='word_1_762' title='bbox 1126 2677 1189 2698; x_wconf 75' lang='lat' dir='ltr'>Vcrs.</span> <span class='ocrx_word' id='word_1_763' title='bbox 1212 2677 1244 2698; x_wconf 88' lang='grc'>10.</span> 
     </span>
    </p>

    <p class='ocr_par' dir='ltr' id='par_1_32' title="bbox 1033 2714 1772 2781">
     <span class='ocr_line' id='line_1_118' title="bbox 1096 2714 1772 2744; baseline 0 -7"><span class='ocrx_word' id='word_1_764' title='bbox 1096 2714 1105 2727; x_wconf 70' lang='lat'><strong>⁰</strong></span> <span class='ocrx_word' id='word_1_765' title='bbox 1124 2716 1189 2737; x_wconf 88' lang='lat' dir='ltr'>Vers.</span> <span class='ocrx_word' id='word_1_766' title='bbox 1207 2716 1229 2737; x_wconf 84' lang='lat'>9.</span> <span class='ocrx_word' id='word_1_767' title='bbox 1251 2715 1327 2743; x_wconf 84' lang='lat' dir='ltr'>(Dent.</span> <span class='ocrx_word' id='word_1_768' title='bbox 1347 2716 1388 2743; x_wconf 80' lang='lat'>25,</span> <span class='ocrx_word' id='word_1_769' title='bbox 1407 2715 1450 2744; x_wconf 71' lang='lat' dir='ltr'>st.);</span> <span class='ocrx_word' id='word_1_770' title='bbox 1473 2719 1601 2744; x_wconf 80' lang='lat' dir='ltr'>sequuntur</span> <span class='ocrx_word' id='word_1_771' title='bbox 1627 2716 1676 2738; x_wconf 75' lang='lat' dir='ltr'>lsai,</span> <span class='ocrx_word' id='word_1_772' title='bbox 1702 2717 1727 2743; x_wconf 80' lang='lat'>2,</span> <span class='ocrx_word' id='word_1_773' title='bbox 1751 2716 1772 2737; x_wconf 73' lang='lat' dir='ltr'>t.</span> 
     </span>
     <span class='ocr_line' id='line_1_119' title="bbox 1033 2754 1202 2781; baseline 0 -6"><span class='ocrx_word' id='word_1_774' title='bbox 1033 2755 1118 2776; x_wconf 79' lang='lat' dir='ltr'>chaeae</span> <span class='ocrx_word' id='word_1_775' title='bbox 1137 2754 1163 2781; x_wconf 63' lang='grc'>4,</span> <span class='ocrx_word' id='word_1_776' title='bbox 1181 2755 1202 2775; x_wconf 88' lang='grc'>3.</span> 
     </span>
    </p>

    <p class='ocr_par' dir='ltr' id='par_1_33' title="bbox 1096 2792 1580 2821">
     <span class='ocr_line' id='line_1_120' title="bbox 1096 2792 1580 2821; baseline 0.002 -7"><span class='ocrx_word' id='word_1_777' title='bbox 1096 2792 1116 2805; x_wconf 85' lang='lat'>¹⁰</span> <span class='ocrx_word' id='word_1_778' title='bbox 1133 2793 1198 2815; x_wconf 83' lang='lat' dir='ltr'>Vers.</span> <span class='ocrx_word' id='word_1_779' title='bbox 1218 2793 1260 2821; x_wconf 78' lang='lat'>29;</span> <span class='ocrx_word' id='word_1_780' title='bbox 1276 2793 1380 2821; x_wconf 84' lang='lat' dir='ltr'>sequitur</span> <span class='ocrx_word' id='word_1_781' title='bbox 1398 2794 1413 2815; x_wconf 85' lang='lat'>1.</span> <span class='ocrx_word' id='word_1_782' title='bbox 1430 2794 1487 2820; x_wconf 78' lang='lat' dir='ltr'>Reg.</span> <span class='ocrx_word' id='word_1_783' title='bbox 1505 2793 1525 2820; x_wconf 89' lang='lat'>6,</span> <span class='ocrx_word' id='word_1_784' title='bbox 1545 2794 1580 2815; x_wconf 49' lang='grc' dir='ltr'>Ἰ12.</span> 
     </span>
    </p>

    <p class='ocr_par' dir='ltr' id='par_1_34' title="bbox 1096 2830 1854 2860">
     <span class='ocr_line' id='line_1_121' title="bbox 1096 2830 1854 2860; baseline 0.001 -7"><span class='ocrx_word' id='word_1_785' title='bbox 1096 2830 1114 2843; x_wconf 82' lang='lat'>¹¹</span> <span class='ocrx_word' id='word_1_786' title='bbox 1133 2832 1198 2853; x_wconf 86' lang='lat' dir='ltr'>Vers.</span> <span class='ocrx_word' id='word_1_787' title='bbox 1220 2832 1258 2859; x_wconf 81' lang='lat'>10;</span> <span class='ocrx_word' id='word_1_788' title='bbox 1275 2835 1403 2860; x_wconf 88' lang='lat' dir='ltr'>sequuntur</span> <span class='ocrx_word' id='word_1_789' title='bbox 1422 2831 1459 2854; x_wconf 87' lang='lat' dir='ltr'>lob</span> <span class='ocrx_word' id='word_1_790' title='bbox 1477 2832 1514 2858; x_wconf 83' lang='lat'>39,</span> <span class='ocrx_word' id='word_1_791' title='bbox 1532 2832 1568 2853; x_wconf 78' lang='lat'>‘27-</span> <span class='ocrx_word' id='word_1_792' title='bbox 1587 2832 1624 2854; x_wconf 82' lang='lat'>30.</span> <span class='ocrx_word' id='word_1_793' title='bbox 1641 2834 1663 2854; x_wconf 88' lang='lat' dir='ltr'>et</span> <span class='ocrx_word' id='word_1_794' title='bbox 1679 2832 1746 2854; x_wconf 86' lang='lat' dir='ltr'>Dent.</span> <span class='ocrx_word' id='word_1_795' title='bbox 1763 2833 1800 2859; x_wconf 79' lang='lat'>32,</span> <span class='ocrx_word' id='word_1_796' title='bbox 1818 2833 1826 2854; x_wconf 68' lang='lat' dir='ltr'>rl</span> <span class='ocrx_word' id='word_1_797' title='bbox 1838 2833 1854 2854; x_wconf 92' lang='lat' dir='ltr'>l.</span> 
     </span>
    </p>

    <p class='ocr_par' dir='ltr' id='par_1_35' title="bbox 1033 2869 1880 3017">
     <span class='ocr_line' id='line_1_122' title="bbox 1096 2869 1879 2894; baseline 0.001 -2"><span class='ocrx_word' id='word_1_798' title='bbox 1096 2869 1115 2882; x_wconf 77' lang='lat'>¹²</span> <span class='ocrx_word' id='word_1_799' title='bbox 1132 2871 1163 2892; x_wconf 76' lang='lat' dir='ltr'>Ex</span> <span class='ocrx_word' id='word_1_800' title='bbox 1179 2871 1231 2893; x_wconf 86' lang='lat' dir='ltr'>cod.</span> <span class='ocrx_word' id='word_1_801' title='bbox 1249 2871 1344 2893; x_wconf 88' lang='lat' dir='ltr'>Tudert.</span> <span class='ocrx_word' id='word_1_802' title='bbox 1361 2877 1382 2892; x_wconf 89' lang='lat' dir='ltr'>n.</span> <span class='ocrx_word' id='word_1_803' title='bbox 1405 2871 1501 2893; x_wconf 81' lang='lat' dir='ltr'>182.s01.</span> <span class='ocrx_word' id='word_1_804' title='bbox 1521 2870 1560 2892; x_wconf 79' lang='grc'>141</span> <span class='ocrx_word' id='word_1_805' title='bbox 1582 2877 1600 2892; x_wconf 91' lang='lat' dir='ltr'>r.</span> <span class='ocrx_word' id='word_1_806' title='bbox 1617 2871 1658 2893; x_wconf 91' lang='lat' dir='ltr'>Hic</span> <span class='ocrx_word' id='word_1_807' title='bbox 1675 2871 1726 2893; x_wconf 90' lang='lat' dir='ltr'>cod.</span> <span class='ocrx_word' id='word_1_808' title='bbox 1743 2871 1801 2894; x_wconf 89' lang='lat' dir='ltr'>inter</span> <span class='ocrx_word' id='word_1_809' title='bbox 1823 2872 1879 2894; x_wconf 86' lang='lat' dir='ltr'>alios</span> 
     </span>
     <span class='ocr_line' id='line_1_123' title="bbox 1034 2909 1880 2938; baseline 0.002 -7"><span class='ocrx_word' id='word_1_810' title='bbox 1034 2910 1118 2932; x_wconf 88' lang='lat' dir='ltr'>multos</span> <span class='ocrx_word' id='word_1_811' title='bbox 1135 2909 1204 2931; x_wconf 82' lang='lat' dir='ltr'>habet</span> <span class='ocrx_word' id='word_1_812' title='bbox 1222 2909 1278 2931; x_wconf 82' lang='lat' dir='ltr'>ultra</span> <span class='ocrx_word' id='word_1_813' title='bbox 1296 2910 1325 2931; x_wconf 84' lang='lat'>30</span> <span class='ocrx_word' id='word_1_814' title='bbox 1342 2916 1473 2937; x_wconf 88' lang='lat' dir='ltr'>sermones,</span> <span class='ocrx_word' id='word_1_815' title='bbox 1490 2910 1541 2932; x_wconf 89' lang='lat' dir='ltr'>licet</span> <span class='ocrx_word' id='word_1_816' title='bbox 1558 2916 1699 2937; x_wconf 79' lang='lat' dir='ltr'>anonymos,</span> <span class='ocrx_word' id='word_1_817' title='bbox 1716 2910 1756 2938; x_wconf 83' lang='lat' dir='ltr'>qui</span> <span class='ocrx_word' id='word_1_818' title='bbox 1774 2911 1795 2932; x_wconf 82' lang='lat' dir='ltr'>S.</span> <span class='ocrx_word' id='word_1_819' title='bbox 1809 2911 1880 2933; x_wconf 85' lang='lat' dir='ltr'>Bona·</span> 
     </span>
     <span class='ocr_line' id='line_1_124' title="bbox 1033 2948 1878 2977; baseline 0.001 -6"><span class='ocrx_word' id='word_1_820' title='bbox 1033 2952 1144 2971; x_wconf 78' lang='lat' dir='ltr'>venturae</span> <span class='ocrx_word' id='word_1_821' title='bbox 1162 2948 1277 2971; x_wconf 82' lang='lat' dir='ltr'>tribuendi</span> <span class='ocrx_word' id='word_1_822' title='bbox 1294 2952 1358 2976; x_wconf 80' lang='lat' dir='ltr'>sunt,</span> <span class='ocrx_word' id='word_1_823' title='bbox 1376 2948 1510 2976; x_wconf 84' lang='lat' dir='ltr'>praesertim</span> <span class='ocrx_word' id='word_1_824' title='bbox 1524 2948 1545 2970; x_wconf 89' lang='lat' dir='ltr'>in</span> <span class='ocrx_word' id='word_1_825' title='bbox 1557 2954 1582 2970; x_wconf 83' lang='lat' dir='ltr'>ea</span> <span class='ocrx_word' id='word_1_826' title='bbox 1596 2949 1727 2971; x_wconf 83' lang='lat' dir='ltr'>collectione</span> <span class='ocrx_word' id='word_1_827' title='bbox 1741 2955 1801 2972; x_wconf 80' lang='lat' dir='ltr'>saec.</span> <span class='ocrx_word' id='word_1_828' title='bbox 1818 2950 1878 2977; x_wconf 81' lang='lat' dir='ltr'>Xlll,</span> 
     </span>
     <span class='ocr_line' id='line_1_125' title="bbox 1033 2987 1880 3017; baseline 0.001 -7"><span class='ocrx_word' id='word_1_829' title='bbox 1033 2994 1093 3017; x_wconf 80' lang='lat' dir='ltr'>quae</span> <span class='ocrx_word' id='word_1_830' title='bbox 1110 2988 1188 3016; x_wconf 83' lang='lat' dir='ltr'>incipit</span> <span class='ocrx_word' id='word_1_831' title='bbox 1205 2988 1242 3010; x_wconf 86' lang='lat' dir='ltr'>sol.</span> <span class='ocrx_word' id='word_1_832' title='bbox 1263 2988 1312 3010; x_wconf 78' lang='grc'>118.</span> <span class='ocrx_word' id='word_1_833' title='bbox 1721 2987 1740 3001; x_wconf 75' lang='lat'>¹³</span> <span class='ocrx_word' id='word_1_834' title='bbox 1758 2989 1824 3011; x_wconf 83' lang='lat' dir='ltr'>Vers.</span> <span class='ocrx_word' id='word_1_835' title='bbox 1846 2989 1880 3011; x_wconf 90' lang='lat' dir='ltr'>l0.</span> 
     </span>
    </p>
   </div>
   <div class='ocr_carea' id='block_1_24' title="bbox 1797 2716 1880 2738">
    <p class='ocr_par' dir='ltr' id='par_1_36' title="bbox 1797 2716 1880 2738">
     <span class='ocr_line' id='line_1_126' title="bbox 1797 2716 1880 2738; baseline 0 -1"><span class='ocrx_word' id='word_1_836' title='bbox 1797 2719 1817 2738; x_wconf 85' lang='lat' dir='ltr'>et</span> <span class='ocrx_word' id='word_1_837' title='bbox 1844 2716 1880 2738; x_wconf 88' lang='lat' dir='ltr'>Mi-</span> 
     </span>
    </p>
   </div>
   <div class='ocr_carea' id='block_1_25' title="bbox 1906 282 2015 324">
    <p class='ocr_par' dir='ltr' id='par_1_37' title="bbox 1906 282 2015 324">
     <span class='ocr_line' id='line_1_127' title="bbox 1906 282 2015 309; baseline 0.009 -9"><span class='ocrx_word' id='word_1_838' title='bbox 1906 282 1970 309; x_wconf 71' lang='lat' dir='ltr'>Facies</span> <span class='ocrx_word' id='word_1_839' title='bbox 1984 283 2015 301; x_wconf 85' lang='lat' dir='ltr'>bo-</span> 
     </span>
     <span class='ocr_line' id='line_1_128' title="bbox 1943 311 1977 324; baseline -0.029 0"><span class='ocrx_word' id='word_1_840' title='bbox 1943 311 1977 324; x_wconf 71' lang='lat' dir='ltr'>VIS.</span> 
     </span>
    </p>
   </div>
   <div class='ocr_carea' id='block_1_26' title="bbox 1902 981 2015 1000">
    <p class='ocr_par' dir='ltr' id='par_1_38' title="bbox 1902 981 2015 1000">
     <span class='ocr_line' id='line_1_129' title="bbox 1902 981 2015 1000; baseline 0 0"><span class='ocrx_word' id='word_1_841' title='bbox 1902 981 1915 1000; x_wconf 87' lang='lat' dir='ltr'>N</span> <span class='ocrx_word' id='word_1_842' title='bbox 1920 981 2015 1000; x_wconf 79' lang='lat' dir='ltr'>otaudum.</span> 
     </span>
    </p>
   </div>
   <div class='ocr_carea' id='block_1_27' title="bbox 1900 1496 2029 1538">
    <p class='ocr_par' dir='ltr' id='par_1_39' title="bbox 1900 1496 2029 1538">
     <span class='ocr_line' id='line_1_130' title="bbox 1900 1496 2029 1520; baseline 0 -6"><span class='ocrx_word' id='word_1_843' title='bbox 1900 1496 1965 1515; x_wconf 79' lang='lat' dir='ltr'>Facies</span> <span class='ocrx_word' id='word_1_844' title='bbox 1977 1496 2029 1520; x_wconf 81' lang='lat' dir='ltr'>aqui-</span> 
     </span>
     <span class='ocr_line' id='line_1_131' title="bbox 1945 1520 1980 1538; baseline 0 0"><span class='ocrx_word' id='word_1_845' title='bbox 1945 1520 1980 1538; x_wconf 81' lang='lat' dir='ltr'>lae.</span> 
     </span>
    </p>
   </div>
  </div>
 </body>
</html>
