2243 3348
881 134 941 162 ARS
962 133 1192 163 CONClONANDl.
1889 144 1904 171 9

27 244 28 247 Ἰ
163 214 297 244 tenuiori&
316 213 361 237 ibi:
382 213 435 237 tofa
456 212 509 243 die,
529 212 553 236 id
566 212 605 236 est
617 212 670 237 toto
690 212 800 242 tempore
819 210 899 239 vitae,
918 211 941 234 in
959 218 1009 242 qua

26 269 32 283 ι
163 258 200 282 esi
217 257 312 281 militia
331 256 386 280 vita
404 255 516 280 hominis
534 256 727 285 superterram,
747 254 792 279 Iob
812 254 917 285 septimo
932 253 947 278 ¹.
974 268 1009 271 —

26 287 27 291 ¹
162 299 199 323 Ex
218 299 289 330 parte
309 298 383 323 etiam
403 298 502 323 ordinis
514 297 593 328 ipsius
607 296 724 326 rationis,
739 296 786 321 ibi:
806 296 889 321 otiosi.
909 296 942 320 Et
955 303 1009 321 con-

161 349 223 374 grue
242 342 272 366 ob
290 341 350 366 haec
369 340 476 372 quatuor
495 339 654 371 reprehendit
667 347 720 369 eos,
740 340 855 371 quoniam
870 339 930 364 haec
949 339 1009 363 sunt

162 385 207 409 illa
231 392 293 416 quae
321 383 422 408 monent
441 383 466 408 et
485 383 628 412 ostendunt,
647 383 687 407 hic
700 381 709 394 ²
737 390 786 407 non
806 389 858 407 esse
882 382 1007 411 standum,

20 446 23 457 ,
162 428 204 452 sed
223 427 382 458 operandum.
400 426 464 451 Nam
484 426 608 450 indicatur
621 425 726 450 naturae
745 425 824 449 indita
835 423 844 436 ³
859 425 1008 455 proprietas,

161 471 208 496 loci
226 470 347 499 vastitas,
367 469 486 500 temporis
506 469 615 493 brevitas
635 469 660 493 et
679 468 783 493 rationis
810 468 891 492 rectae
917 467 1009 498 perspi-

19 504 23 533 1
161 514 242 539 cuitas
261 513 299 537 vel
319 512 496 544 perspicacitas
510 511 528 536 ⁴¹.
548 512 666 536 Similiter
685 512 724 536 est
742 512 766 535 in
786 511 842 535 aliis
855 510 1009 535 thematibus

161 556 356 584 observandum,
376 555 440 580 sicut
459 555 622 586 praemissum
643 554 760 585 patefecit
778 554 926 585 exemplum.

231 599 256 623 4.
276 599 329 623 Hoc
348 599 408 627 viso,
428 598 543 622 sumatur
561 598 648 622 divisio
661 598 733 622 iutra
746 597 785 622 vel
803 598 877 621 caetra
891 596 900 609 ⁵
920 598 945 621 in
958 596 1010 621 the-

7 648 19 671 ῃ
39 645 103 672 nupto}
119 643 146 662 di·
161 642 228 666 mate
241 641 352 666 assumto
372 640 505 665 secundum
519 640 667 672 exigentiam
686 640 835 665 auditorum.
849 639 931 664 Aliter
944 640 1009 664 enim

65 672 115 688 '¹⁵¹⁰'
162 684 319 709 dividendum
338 684 388 713 est,
408 691 462 708 cum
482 683 560 713 clero,
580 683 667 712 aliter,
687 691 742 707 cum
769 683 859 714 populo
883 682 1010 713 praedica-

161 727 217 757 tur,
237 735 292 752 cum
312 727 343 752 ab
362 727 412 751 illis
431 727 542 756 acutius,
562 726 593 751 ab
612 726 668 751 istis
684 726 781 750 tardius
800 725 922 756 capiatur.
942 725 1010 750 Ideo-

161 778 208 802 que
226 770 384 795 dividendnm
404 770 442 794 est
461 771 545 801 extra,
566 777 620 794 cum
641 769 798 800 praedicatur
818 768 923 799 populo:
944 768 1009 799 quod

161 813 245 845 potest
263 820 316 837 esse
335 812 481 843 dupliciter,
501 812 594 837 scilicet
613 812 651 836 vel
681 811 832 842 procedendo
858 818 901 842 per
920 810 1010 835 distm-

161 857 280 887 ctionem,
302 856 341 880 vel
361 863 404 886 per
423 855 578 880 divisionem.
599 855 674 879 Verbi
692 855 789 886 gratia,
809 854 838 878 ut
857 854 954 879 facilius
973 861 1010 878 ca-

37 901 144 926 Exemplum.
161 898 246 930 piatur
256 898 384 924 dividendi
395 899 471 927 ratio,
485 898 640 929 proponatur
654 897 720 921 istud
735 896 857 921 Matthaei
871 897 989 928 vigesimo
1000 895 1009 908 θ

160 941 200 966 vel
219 941 300 966 Lucae
312 941 404 966 decimo
418 941 517 966 octavo:
532 941 613 971 Ecce,
634 940 795 965 ascendimus
812 939 1009 971 Ierosolymam.

161 984 265 1009 Dicatur
290 984 338 1008 sic:
364 984 509 1015 mysterium
535 983 623 1008 mortis
649 983 742 1007 Christi
768 982 916 1014 proponitur
939 982 1010 1007 nobis

161 1029 220 1052 aute
238 1028 392 1058 passionem:
412 1027 486 1058 Ecce,
506 1026 666 1051 ascendimus
684 1025 888 1057 Ic›·osolymam,·
907 1026 935 1050 ιή
954 1033 1009 1056 pas-

161 1070 241 1100 sione,
260 1070 415 1095 Threnorum
434 1070 513 1101 primo
528 1068 550 1093 ⁷:
571 1068 703 1094 Attendite
715 1070 739 1093 et
756 1069 849 1098 videte,
869 1069 892 1093 si
911 1070 948 1093 est
966 1069 1011 1093 (lo-

162 1112 202 1138 lor
219 1113 287 1138 sicut
305 1113 380 1137 dolor
404 1120 490 1143 meus;
518 1113 543 1137 et
567 1113 629 1143 post
657 1113 811 1143 passionem,
831 1112 863 1136 ad
882 1112 1009 1137 Hebraeos

161 1163 225 1181 nono
240 1154 262 1180 ⁸:
283 1156 336 1180 Per
352 1156 492 1186 proprium
509 1156 662 1187 sanquinem
681 1155 800 1180 introivit
818 1155 893 1180 semel
907 1155 933 1179 in
952 1162 1010 1180 sau-

162 1200 216 1227 σία,
243 1199 348 1223 aeterua
372 1198 541 1229 redemptione
569 1199 673 1223 inventa
685 1197 703 1222 ⁹.
727 1198 761 1223 Et
785 1198 831 1223 hoc
853 1198 893 1227 fit,
917 1198 946 1223 ut
966 1205 1010 1229 per

161 1242 268 1273 primum
278 1241 425 1267 ostendatur
439 1249 528 1273 passus
541 1242 695 1270 voluntarie,
710 1249 754 1272 per
768 1241 901 1266 secundum
924 1241 1010 1266 acerbe

160 1284 185 1309 et
204 1292 248 1316 per
267 1284 370 1309 tertium
389 1284 503 1314 salubre;
522 1285 547 1309 et
565 1284 611 1309 hoc
639 1284 726 1309 contra
751 1284 807 1309 illos
831 1291 935 1315 quorum
959 1284 1011 1315 qui-

160 1327 216 1352 dam
236 1328 368 1359 patiuntur
386 1328 463 1352 invite
483 1327 569 1352 contra
582 1328 703 1358 primum,
723 1327 822 1358 quidam
842 1328 943 1352 remisse
956 1334 1010 1352 con-

160 1370 201 1395 tra
220 1371 362 1400 secundum,
382 1371 481 1402 qnidam
496 1371 612 1396 damnose
629 1371 716 1396 contra
729 1371 840 1395 tertium.
858 1371 933 1399 Ecce,
953 1378 1010 1402 quo—

160 1414 231 1439 modo
259 1414 298 1439 hic
325 1414 467 1445 proceditur
494 1414 669 1445 distinguendo
688 1415 776 1445 extra,
799 1414 828 1438 ut
852 1414 1009 1445 postmodum

159 1457 269 1482 intretur
286 1458 312 1482 in
331 1458 423 1482 thema.

231 1501 255 1525 Si
281 1508 338 1526 vero
367 1501 516 1532 proponitur
541 1501 625 1525 thema
648 1501 725 1529 clero,
751 1500 836 1531 posset
859 1501 893 1525 sic
918 1500 1008 1525 dividi:

77 1545 143 1564 Aliter.
160 1543 208 1569 Hic
235 1544 386 1575 praedicitur
414 1544 542 1574 discipulis
570 1544 715 1575 mysterium
745 1543 844 1568 futurae
873 1543 1009 1568 dominicae

160 1587 292 1618 passionis.
312 1587 494 1611 Praedicuntur
513 1587 596 1611 autem
616 1587 678 1611 tria:
700 1588 805 1618 tempus,
825 1587 896 1611 locus
921 1586 946 1611 et
969 1594 1009 1618 ,qe-

159 1630 257 1655 ueralis
275 1629 392 1659 effeetus;
406 1631 511 1660 tempus,
530 1630 577 1654 ibi:
592 1630 668 1661 Ecce,
681 1630 853 1660 ascendimus,
874 1630 897 1654 id
911 1630 950 1654 est
964 1629 1009 1655 hoc

159 1673 282 1704 tempore,
302 1673 364 1703 cito:
385 1673 467 1704 locus,
487 1680 541 1698 cum
562 1673 673 1697 additur:
693 1672 898 1704 lerosolymam,-
922 1673 947 1697 et
964 1680 1007 1704 (Je-

159 1716 257 1741 ueralis
284 1715 395 1747 effectus,
420 1716 467 1740 ibi:
493 1716 532 1741 Et
553 1716 798 1741 consummabuntur
823 1716 918 1747 omnia,
943 1723 1009 1747 quac

159 1759 257 1790 scripta
275 1760 337 1784 sunt
349 1767 399 1790 per
417 1759 564 1790 Prophetas
583 1759 612 1784 cle
631 1759 703 1784 Filio
723 1759 835 1784 hominis
849 1758 878 1784 ¹⁰.

230 1802 340 1827 Possunt
358 1802 441 1827 autem
461 1803 485 1827 et
504 1803 594 1827 debent
618 1802 658 1827 hic
684 1803 742 1833 poni
760 1802 784 1827 et
803 1802 856 1827 fieri
877 1802 959 1827 claves
984 1802 1009 1827 et

71 1846 142 1865 claves.
158 1846 185 1870 in
204 1845 329 1875 omnibus,
349 1846 391 1870 ubi
410 1846 470 1870 talis
489 1846 575 1870 modus
594 1845 718 1870 dividendi
737 1845 864 1875 servatur,
884 1846 914 1870 ut
942 1854 1008 1871 resu-

159 1888 243 1913 matur
262 1888 349 1914 divisio
369 1889 416 1913 sic:
439 1889 547 1919 Tempus
567 1889 715 1913 describitur
734 1888 780 1913 sub
794 1889 890 1913 ratione
909 1889 1008 1920 propin-

159 1931 275 1963 quitatis,
295 1931 360 1962 quod
373 1931 525 1961 ostenditur,
545 1939 600 1956 cum
614 1931 716 1956 dicitur:
736 1932 810 1963 Ecce,
830 1932 1008 1962 asceuclimus;

159 1974 237 2006 locus,
261 1974 307 1999 sub
331 1974 426 1999 ratione
449 1974 626 2006 congruitatis,
652 1975 710 2005 quia
735 1974 938 2005 lerosolymam
966 1974 1008 1999 sed

159 2016 261 2047 effectus
279 2017 376 2042 ratione
394 2018 519 2049 generalis
532 2017 664 2047 utilitatis,
678 2017 725 2042 ibi:
745 2018 782 2042 Et
795 2017 1009 2043 consummabun-

20 2060 144 2108 OEssvnissantio‘fx‘
160 2061 204 2085 tur
222 2061 310 2085 omnia
328 2060 374 2085 etc.
393 2060 521 2085 Vocantur
539 2060 623 2085 autem
642 2060 737 2091 claves,
757 2061 815 2091 quia
834 2060 962 2085 divisionis
975 2060 1009 2085 fa-

159 2103 213 2128 ctae
231 2103 348 2134 aperiunt
368 2103 489 2128 rationem
509 2103 534 2128 et
552 2103 660 2128 eiusdem
679 2103 854 2128 sufficientiam
876 2103 1007 2133 claudunt,

160 2146 224 2171 sicut
242 2146 313 2178 patet
325 2147 351 2171 in
364 2147 500 2177 praemisso
519 2146 630 2177 exemplo
642 2145 671 2170 ¹¹.
684 2146 743 2171 Ideo
758 2153 912 2177 summopere
930 2146 969 2171 est
982 2147 1007 2171 in

159 2190 225 2215 omni
244 2189 369 2214 artificiali
397 2190 516 2215 divisione
544 2190 569 2215 et
596 2190 683 2214 subtili
701 2189 860 2214 distinctione
882 2189 928 2214 hoc
957 2197 1009 2214 ser-

159 2233 283 2262 vandum:
302 2233 411 2264 alioquin
432 2233 599 2264 praedicantis
618 2240 698 2258 sermo
711 2240 755 2258 nec
774 2233 950 2264 pulcritudinis
963 2240 1008 2257 nec

160 2276 223 2301 artis
241 2276 337 2301 ratione
356 2276 469 2308 fulgebit.

231 2319 255 2343 5.
275 2319 394 2344 SimilIter
408 2318 428 2332 ¹²
448 2320 563 2344 sumatur
581 2319 627 2344 hoc
646 2319 747 2344 verbum
761 2320 855 2350 primae
874 2320 905 2344 ad
922 2319 1008 2344 Corin-

33 2361 139 2409 Effigffim
160 2362 227 2387 thios
245 2369 309 2388 nono
324 2361 358 2386 ¹³:
379 2362 421 2387 Sic
439 2363 547 2393 currite,
567 2364 597 2387 ut
614 2362 842 2393 comprehendatis.
855 2362 1008 2388 Procedatur

160 2413 205 2437 per
223 2405 289 2430 hunc
307 2406 405 2430 modum
419 2406 529 2431 exterius
543 2406 578 2430 sic
590 2406 778 2437 distinguendo:
798 2406 890 2437 triplex
902 2406 941 2431 est
953 2406 1006 2431 lex:

161 2449 306 2480 naturalis,
335 2449 433 2479 scripta
451 2449 476 2474 et
495 2449 648 2481 evauyelica.
676 2449 819 2474 Naturalis
843 2449 926 2479 docet,
949 2449 1008 2481 quid

224 2589 232 2602 1
252 2591 316 2613 Vers.
339 2591 356 2612 Ι.

224 2620 232 2633 ²
251 2622 280 2644 Ex
298 2624 314 2644 Α
333 2622 369 2644 1116
386 2622 546 2650 supplevimus
563 2624 585 2645 et
601 2622 727 2646 ostendunt
744 2622 788 2646 liic.

224 2652 233 2665 ⁹
250 2653 293 2675 Pro
310 2654 413 2676 naturae
430 2653 503 2676 indita
521 2654 556 2676 ed.
575 2656 597 2676 et
614 2655 631 2676 A
647 2654 758 2677 hominis.

223 2683 233 2696 1
251 2685 281 2707 Ex
298 2686 315 2707 A
333 2684 442 2707 addimus
458 2684 495 2708 vel
514 2685 698 2714 perspicacitas,
721 2689 743 2708 et
759 2686 813 2708 dein
831 2686 953 2714 posuimus
975 2688 1009 2710 cst

161 2714 186 2738 in
203 2722 245 2743 pro
262 2715 306 2738 eril
322 2717 345 2738 et
360 2715 392 2738 in.

224 2745 233 2758 ⁵
250 2747 334 2769 Similis
358 2747 473 2769 distinctio
490 2748 617 2776 explicatur
637 2755 647 2770 a
669 2748 777 2775 Boethio,
795 2748 832 2770 lib.
852 2749 866 2771 l.
880 2748 1007 2771 Comment.

160 2778 184 2800 in
207 2778 292 2807 Topica
309 2777 437 2806 Ciceronis,
455 2779 543 2807 migne,
562 2780 641 2802 Patrol.
660 2780 708 2802 Lat.
732 2779 769 2802 64.
792 2781 834 2802 col.
853 2780 927 2807 4054,
944 2783 966 2802 et
983 2781 1007 2803 ΙΙ.

161 2809 204 2832 601.
225 2809 297 2837 11064,
315 2809 355 2832 ubi
372 2810 545 2838 distinguuntur
568 2810 614 2833 loci
630 2810 655 2834 z'n
675 2811 724 2840 ipso
742 2813 764 2833 et
785 2810 831 2834 loci
851 2811 1007 2835 eoctrinsecus.

160 2841 202 2863 Hic
219 2847 275 2863 vero
292 2840 375 2864 divisio
392 2845 463 2864 eoelra
480 2848 525 2864 non
543 2842 641 2864 sumitur
664 2849 690 2865 ex
714 2842 770 2870 ipsis
792 2844 899 2866 thematis
916 2843 1006 2872 verbis,

161 2875 186 2894 ut
203 2873 285 2899 altera,
303 2873 343 2895 sed
360 2873 467 2900 aliunde,
485 2873 549 2902 qnod
567 2876 629 2901 patet
645 2880 673 2896 ex
690 2874 840 2902 sequentibus
857 2875 975 2902 exemplis.

224 2902 233 2915 ‘³
251 2903 315 2926 Vers.
338 2904 371 2926 18.
388 2907 411 2927 et
428 2904 480 2927 Luc.
500 2905 541 2933 48,
559 2905 595 2927 311.

224 2933 232 2946 ⁷
251 2935 316 2957 Vers.
335 2936 371 2957 ⁴2.

255 2982 280 3006 S.
292 2982 381 3005 Bonae.
398 2995 428 2999 -
445 2983 514 3005 Tom.
532 2984 568 3006 lX.

1065 211 1217 242 faciendum,
1236 214 1344 244 scripta,
1365 215 1423 245 quid
1441 215 1466 239 et
1485 216 1603 246 quomodo
1629 217 1780 248 faciendum:
1805 226 1907 251 enanye-

1066 254 1130 285 lica,
1150 255 1209 285 quid
1228 255 1253 279 et
1272 257 1391 286 quomodo
1410 257 1434 281 et
1453 258 1483 282 ad
1502 259 1560 289 quid
1579 259 1725 284 faciendum.
1743 261 1801 286 Ideo
1815 263 1907 292 praedi-

1065 296 1134 320 cator
1152 296 1215 327 legis
1229 298 1385 328 evangelicae
1398 299 1467 324 docet
1480 300 1532 329 hic,
1553 301 1616 331 quid
1628 302 1779 331 faciendum,
1793 303 1838 327 ibi:
1853 311 1908 328 cur-

1065 339 1129 369 rite;
1148 340 1272 370 quomodo
1286 340 1438 371 faciendum,
1457 342 1504 367 ibi:
1523 343 1572 373 δίας
1591 344 1616 368 et
1635 344 1669 368 acl
1687 346 1749 375 quid
1762 345 1906 376 faciendum,

1065 381 1112 405 ibi:
1139 383 1170 405 ut
1194 383 1421 413 comprehendatis.
1447 385 1520 414 Ecce,
1547 387 1666 417 quomodo
1689 388 1798 412 exterius
1823 388 1907 413 distin—

1065 424 1163 455 guendo
1180 425 1292 449 intratur
1310 426 1335 450 in
1355 426 1446 451 thema.
1466 442 1501 445 -—
1513 428 1581 453 Licet
1600 429 1645 454 hoc
1663 430 1765 454 verbum
1784 431 1857 455 aliter
1875 431 1908 455 di·
1924 435 1991 453 Aliter.

1066 466 1115 490 vidi
1135 467 1228 497 possit,
1248 468 1277 492 ut
1295 468 1392 493 dicatur
1411 471 1460 494 sic:
1479 471 1517 495 hic
1537 472 1677 496 innitamur
1695 472 1725 496 ad
1739 480 1851 497 cursum:
1867 472 1909 498 Sic

1065 509 1176 538 curram
1195 509 1343 534 animamur
1361 511 1392 535 ad
1419 512 1545 537 bravium:
1574 515 1603 538 ut
1626 514 1853 545 comffl-ehendatis.
1877 515 1910 539 Et

1066 551 1101 576 sic
1125 551 1194 576 tenet
1216 552 1353 583 Apostolus
1378 554 1497 580 rationem
1524 557 1646 581 monentis
1670 558 1701 581 ad
1726 558 1840 582 meritum
1867 565 1910 589 per

1066 595 1188 625 primum,
1208 595 1232 619 et
1258 602 1302 626 per
1330 597 1460 621 secundnm
1491 599 1610 623 rationem
1636 600 1768 625 :illicientis
1786 601 1818 625 ad
1842 608 1910 632 prae-

1066 638 1151 662 mium.
1170 638 1239 662 Istae
1259 639 1318 663 sunt
1336 640 1418 664 claves
1438 641 1576 671 praedictae
1595 643 1729 668 divisionis

1137 680 1161 705 6.
1181 681 1305 712 Amplius,
1325 682 1345 706 si
1364 682 1461 707 dicatur
1479 684 1540 708 illud
1558 684 1679 710 Matthaei
1699 686 1784 711 octavo
1800 685 1833 710 ¹⁴:
1852 687 1910 711 Ma-
1927 689 2039 708 secuudum.

1064 724 1160 754 qister,
1178 731 1273 754 sequar
1292 726 1322 755 ie,
1342 732 1500 756 quocumque
1515 727 1583 757 ieris,
1596 727 1690 752 dicetur
1709 729 1755 753 sic:
1770 729 1907 760 sequendus

1066 766 1105 791 est
1124 766 1240 791 Christus
1252 767 1282 791 ut
1297 769 1402 799 pastor,
1421 769 1478 799 quia
1491 769 1570 793 reficit
1583 770 1607 793 in
1621 770 1718 800 labore;
1738 771 1766 795 ut
1779 771 1909 803 dominus,

1066 810 1124 841 quia
1143 809 1254 841 protegit
1272 811 1297 834 in
1317 810 1469 850 lambitione:
1488 812 1517 836 ut
1535 813 1672 843 mayister,
1691 814 1749 844 quia
1767 814 1871 839 instruit
1883 815 1907 839 in

1065 853 1184 882 lectione,
1205 854 1269 878 sicut
1289 853 1359 884 patet
1378 853 1418 878 hic
1441 854 1563 883 intuenti,
1583 855 1688 880 scilicet:
1709 856 1851 887 Magister,
1873 865 1911 882 se-

1066 902 1134 926 quar
1153 897 1176 920 te
1195 896 1241 920 etc.

1137 939 1255 964 Similiter
1274 939 1337 964 illud
1355 947 1384 964 ex
1407 940 1501 971 primae
1528 940 1597 965 Petri
1616 942 1721 966 secundo
1736 941 1769 966 ²⁵:
1793 942 1911 967 Christus
1928 943 2017 961 Tertium.

1065 989 1159 1012 passus
1177 983 1215 1007 est
1228 989 1279 1013 pro
1296 983 1371 1007 nobis
1390 983 1436 1007 etc.
1457 982 1573 1008 Christus
1593 991 1682 1014 passus
1701 984 1833 1015 aliquando
1858 992 1911 1016 pro-

1067 1025 1169 1056 ponitur
1187 1025 1219 1050 ad
1238 1025 1421 1055 meditandum,
1441 1026 1574 1057 aliquando
1593 1027 1624 1051 ad
1643 1028 1855 1058 compatiendum,
1869 1029 1912 1052 ali-

1066 1068 1165 1099 quando
1190 1068 1220 1093 ad
1244 1069 1406 1099 imitandum,
1426 1068 1456 1093 ut
1480 1076 1524 1100 per
1549 1069 1733 1094 meditationem
1758 1071 1912 1095 illuminetur

1066 1112 1222 1141 intellectus,
1243 1119 1287 1142 per
1299 1112 1494 1143 compassionem
1508 1112 1676 1137 inflammetur
1695 1113 1809 1143 affectus,
1828 1114 1853 1138 et
1870 1121 1912 1145 per

1066 1155 1230 1179 imitationem
1256 1155 1399 1180 exerceatur
1424 1155 1525 1180 effectus
1540 1154 1568 1179 ¹⁸.
1587 1170 1623 1174 —
1641 1156 1751 1181 Possunt
1775 1156 1856 1181 autem
1882 1157 1913 1181 ad

1066 1198 1126 1223 haec
1145 1198 1256 1223 membra
1275 1198 1438 1223 auctoritates
1457 1198 1553 1228 adduci,
1573 1199 1598 1223 et
1618 1199 1684 1223 valet
1702 1199 1742 1223 hic
1760 1200 1860 1229 modus,
1884 1200 1912 1225 ut

1067 1249 1147 1266 sermo
1167 1241 1345 1272 protrahatur,
1365 1242 1390 1266 et
1409 1242 1493 1266 thema
1513 1242 1601 1266 melius
1620 1242 1798 1273 distinguatur.

1138 1284 1162 1309 7.
1182 1284 1269 1309 Potest
1286 1284 1377 1309 iterum
1390 1284 1478 1309 divisio
1492 1285 1555 1309 suini
1568 1286 1641 1309 extra
1655 1285 1805 1315 procedendo
1825 1293 1867 1316 pel·
1880 1286 1912 1310 di·
1929 1283 1971 1301 ‘¹¹5³
1982 1283 2055 1302 &³⁵³⁰-

1066 1328 1185 1353 visionem
1214 1327 1391 1357 sufficientiae:
1411 1328 1436 1352 et
1459 1327 1506 1353 hoc
1526 1328 1632 1359 perutile
1657 1328 1695 1352 est
1721 1329 1817 1359 populo.
1839 1329 1912 1353 Verbi

1066 1371 1150 1402 gratia
1169 1371 1283 1395 sumatur
1301 1371 1364 1395 illud
1381 1371 1475 1395 Psalmi
1490 1370 1524 1395 ¹⁷:
1545 1371 1673 1396 Dominus
1685 1371 1842 1396 illuminatio
1857 1379 1913 1396 mea
1934 1373 2040 1399 Exemplum

1066 1415 1091 1438 ct
1107 1414 1180 1439 salus
1198 1421 1263 1438 mea.
1283 1414 1385 1439 Dicetur
1405 1415 1452 1438 sic:
1473 1414 1564 1445 duplex
1583 1414 1621 1438 est
1640 1414 1711 1438 nobis
1733 1414 1853 1439 inflictum
1878 1415 1912 1439 in·
1945 1402 2031 1420 primum.

1066 1457 1219 1482 commodum
1238 1464 1282 1488 per
1301 1457 1443 1488 peccatum,
1465 1457 1558 1481 scilicet
1570 1457 1713 1488 ignorantia
1726 1458 1751 1481 in
1771 1464 1913 1489 cognoscen-

1066 1500 1104 1525 dis
1117 1501 1142 1525 et
1160 1500 1294 1525 infirmitas
1314 1501 1339 1525 in
1359 1501 1470 1532 agendis.
1490 1500 1583 1525 Contra
1603 1501 1710 1531 primum
1730 1501 1801 1525 dicit:
1825 1501 1912 1526 Domi-

1065 1551 1115 1568 uus
1135 1543 1293 1568 illuminatio
1321 1551 1393 1573 mecm
1418 1544 1505 1568 contra
1531 1544 1679 1568 secundum:
1706 1545 1730 1568 et
1753 1544 1825 1568 salus
1850 1551 1913 1568 mea.

1066 1587 1178 1611 Primum
1197 1587 1299 1618 respicit
1312 1586 1480 1616 intellectum,
1501 1587 1634 1611 secundum
1654 1594 1711 1611 vero
1725 1587 1853 1616 affectum;
1867 1588 1914 1618 pri-

1066 1637 1132 1654 mum
1153 1630 1254 1661 respicit
1271 1630 1357 1654 faciem
1377 1630 1567 1661 cognoscitivae,
1587 1630 1721 1654 secundum
1740 1630 1825 1655 faciem
1844 1630 1913 1655 moti-

1065 1680 1119 1697 vae.
1139 1673 1163 1697 Si
1182 1673 1265 1697 autem
1279 1673 1409 1697 dixissem:
1429 1673 1531 1697 verbum
1546 1673 1608 1697 illud
1628 1673 1666 1697 est
1679 1673 1783 1704 duplicis
1802 1673 1884 1703 faciei,
1899 1680 1913 1697 a

1066 1716 1220 1747 simplicibus
1239 1723 1287 1741 non
1308 1716 1337 1740 de
1356 1716 1422 1741 facili
1442 1716 1573 1747 caperetur
1591 1716 1620 1740 ut
1640 1717 1755 1747 primum.

1136 1759 1254 1784 Similiter
1268 1759 1383 1784 sumatur
1395 1759 1457 1783 iilud
1472 1759 1565 1783 Psalmi
1578 1758 1612 1783 ¹⁸:
1636 1758 1759 1784 Gloriosa
1772 1760 1841 1784 dieta
1853 1761 1914 1784 suut
1930 1760 2043 1778 Secundum.

1065 1803 1149 1833 clete,
1170 1803 1261 1827 civitas
1285 1802 1343 1827 Dei.
1369 1802 1456 1827 Potest
1481 1802 1527 1827 sub
1548 1803 1748 1834 into-royatione
1776 1803 1810 1827 sic
1837 1803 1912 1827 dividi

1065 1853 1146 1871 coram
1163 1845 1335 1870 audientibus:
1356 1846 1458 1875 civitas,
1478 1853 1541 1877 quae
1555 1846 1620 1870 esset
1639 1846 1757 1877 copiosa,
1776 1845 1876 1875 famosa
1889 1846 1913 1871 et

1062 1896 1198 1920 yeuerosa,
1218 1896 1300 1914 nonne
1319 1889 1385 1914 esset
1397 1897 1411 1913 a
1425 1889 1536 1920 quolibet
1554 1889 1736 1914 desideranda?
1754 1889 1788 1914 Re
1802 1897 1860 1913 vera
1873 1889 1912 1914 1116

1064 1932 1201 1957 Ierusalem
1221 1932 1335 1957 caelestis
1354 1932 1502 1957 describitur
1521 1933 1635 1963 eopiosa,
1656 1940 1709 1957 cum
1735 1931 1838 1957 dicitur:
1856 1932 1912 1963 ylo-

1065 1976 1152 2005 riosa;
1171 1974 1288 2007 famosa,
1307 1983 1361 2000 cum
1382 1975 1495 2000 additur:
1516 1975 1584 2000 dicta
1602 1977 1671 2006 suut,
1693 1976 1785 2000 scilicet
1813 1983 1856 2006 per
1875 1983 1913 2000 re-

1065 2018 1213 2043 velationem
1241 2018 1441 2049 Scripturar11n13
1467 2025 1603 2050 yeozerosa,
1629 2026 1682 2043 cum
1709 2018 1856 2043 describitur
1882 2018 1913 2042 ab

1065 2062 1227 2087 auctoritate:
1250 2062 1341 2086 civitas
1360 2062 1419 2086 Dei.

1135 2104 1254 2129 Similiter
1273 2105 1335 2129 illud
1348 2105 1379 2129 ad
1398 2104 1502 2129 Galatas
1515 2105 1604 2136 quarto
1620 2103 1653 2128 ¹⁹:
1675 2104 1730 2129 Illa
1743 2106 1827 2129 autem
1849 2111 1913 2135 quae
1929 2104 2018 2122 Tertium.

1063 2155 1167 2172 sursum
1187 2149 1224 2172 cst
1242 2148 1386 2172 Ierusalem
1406 2147 1486 2172 libera
1504 2149 1554 2178 est,
1575 2155 1640 2178 quae
1656 2149 1693 2172 est
1710 2149 1792 2172 inciter
1813 2148 1911 2178 nostra,

1065 2191 1100 2215 sic
1118 2191 1201 2222 potest
1219 2191 1384 2222 vulgarizari:
1404 2191 1512 2222 quatuor
1530 2191 1693 2222 requiruntur
1712 2191 1742 2215 ad
1764 2190 1823 2219 hoc,
1848 2190 1912 2221 quod

1064 2234 1149 2265 aliqua
1167 2234 1256 2258 civitas
1280 2234 1481 2259 commendabilis
1500 2234 1658 2262 ostendatur,
1679 2233 1771 2258 scilicet
1790 2233 1854 2264 quod
1879 2232 1912 2257 sit

1064 2277 1089 2301 in
1109 2284 1137 2301 ea
1151 2277 1227 2307 pacis
1247 2277 1439 2308 tranquillitas,
1459 2277 1491 2301 ab
1512 2277 1581 2301 hoste
1600 2277 1736 2305 securitas,
1756 2284 1772 2300 a
1796 2275 1909 2300 dominio

1065 2319 1171 2344 libertas
1190 2320 1215 2344 et
1233 2318 1378 2349 fecunditas
1396 2320 1435 2344 vel
1457 2320 1603 2350 copiositas.
1629 2320 1696 2344 Haec
1721 2318 1829 2344 ostendit
1847 2319 1912 2349 Apo-

1065 2363 1145 2388 stolus
1163 2363 1189 2387 in
1209 2363 1283 2387 verbo
1312 2364 1439 2394 proposito
1464 2363 1493 2387 de
1518 2363 1618 2388 caelesti
1643 2362 1792 2391 Ierusalem,
1819 2361 1912 2386 scilicet

1059 2406 1136 2437 pacis
1156 2406 1385 2437 tranquillitatem,
1414 2406 1460 2431 ibi:
1481 2406 1537 2431 Illa
1561 2407 1645 2430 (etitem
1669 2405 1824 2436 Ierusalem,
1849 2412 1911 2436 quae

1058 2449 1174 2480 pacifica
1186 2449 1384 2480 interpretatur;
1403 2450 1578 2481 securitatem,
1591 2449 1638 2473 ibi:
1659 2456 1723 2480 quac
1736 2456 1840 2473 sursum
1859 2449 1912 2477 est,-

1129 2591 1138 2604 Β
1156 2593 1222 2615 Vers.
1240 2593 1277 2614 42.

1128 2622 1138 2635 ⁹
1156 2624 1196 2646 Ed.
1213 2627 1235 2646 et
1252 2624 1303 2646 cod.
1321 2624 1339 2646 Α
1358 2624 1416 2645 male
1433 2624 1538 2646 ordinem
1557 2622 1706 2645 confundunt.

1128 2654 1148 2667 ¹⁰
1165 2654 1238 2678 Codd.
1256 2656 1296 2677 ΑΒ
1313 2655 1379 2677 aliam
1397 2655 1535 2677 divisionem
1553 2655 1607 2676 satis
1625 2654 1742 2675 confusam
1761 2652 1855 2674 addunt.

1129 2685 1147 2698 ¹¹
1166 2686 1211 2709 Cir.
1229 2686 1307 2709 Collat.
1326 2687 1349 2708 111
1366 2686 1474 2708 Hexae'm.
1493 2686 1541 2708 colli
1560 2686 1581 2707 3.
1599 2692 1622 2706 11.
1640 2686 1660 2706 ⁵3.

1128 2716 1147 2729 ¹²
1165 2718 1221 2740 Cod.
1238 2718 1256 2740 Α
1274 2718 1302 2740 ita
1321 2718 1387 2745 legit:
1405 2718 1467 2740 Alius
1487 2717 1569 2739 modus
1587 2716 1689 2738 similiter
1707 2715 1742 2737 1116
1765 2714 1863 2736 exterius
1880 2713 1911 2735 di-

1065 2749 1210 2802 stinggenxdi:
1228 2748 1374 2802 Sifbcnrritc
1390 2752 1433 2771 etc.
1550 2747 1570 2759 ¹³
1589 2748 1651 2769 Vers.
1670 2746 1707 2768 24.

1188 2787 1252 2803 615.Ἰ
1282 2798 1286 2802 .

1128 2810 1148 2823 ¹⁵
1165 2812 1231 2834 Vers.
1249 2812 1286 2834 21.

1129 2842 1147 2857 ¹⁶
1164 2843 1219 2866 Cod.
1232 2844 1250 2865 Α
1265 2843 1341 2865 addit:
1358 2843 1394 2865 vel
1408 2841 1515 2865 Christus
1529 2846 1618 2870 passus
1630 2841 1663 2862 esi
1676 2839 1811 2867 proponitur
1823 2838 1852 2859 ad
1865 2843 1910 2859 rne-

1065 2874 1199 2901 ditandum,
1217 2875 1245 2896 ad
1264 2874 1453 2902 compatiendum
1471 2876 1493 2895 et
1510 2871 1709 2894 commoriendum
1729 2871 1749 2892 111
1768 2870 1856 2891 affectu.

1128 2904 1147 2917 ¹⁷
1165 2906 1246 2927 Psalm.
1264 2906 1306 2933 ⁴26,
1328 2906 1346 2927 1.
1551 2902 1570 2915 ¹⁸
1588 2903 1668 2924 Psalm.
1687 2902 1727 2930 86,
1745 2902 1766 2923 3.

1128 2935 1148 2949 ¹⁹
1165 2937 1230 2959 Vers.
1249 2937 1286 2958 26.

1802 2981 1813 2994 ζ)
