2243 3348
52 929 125 949 Divisio.

2 1139 3 1148 l

2 1149 77 1188 lSeptem
83 1163 132 1181 utili-

10 1189 53 1207 tates
63 1186 129 1205 mundo

0 1234 1 1239 1
38 1210 106 1230 allatae.

595 143 715 172 VthLlA
737 144 941 173 NATlvtTATls
963 145 1088 174 DOMINI.
1111 147 1220 176 SERMO
1242 148 1281 176 lll.
1305 148 1345 177 ET
1368 149 1408 177 lv.
1852 155 1887 183 93

145 221 319 255 devotionis,
342 229 392 258 per
413 229 497 258 qnam
518 221 609 249 anima
631 221 661 249 fit
682 221 758 249 sicut
778 222 898 259 riryula
913 222 992 260 fumi

145 278 179 299 ex
200 268 386 297 aromatibus
405 267 547 305 myrrhae
568 272 594 296 et
615 266 711 296 tlturis
732 272 757 296 et
777 269 911 297 universi
927 269 990 306 pul-

146 315 222 344 veris
243 314 440 352 pigmentarii
452 315 469 342 ¹.
493 330 530 334 —
553 314 603 342 Per
635 314 705 342 viam
738 315 990 343 excellentissimae

145 361 371 394 admirationis,
394 368 442 397 per
464 368 547 397 quam
571 360 661 388 anima
682 360 713 388 fit
734 361 805 389 sicut
819 369 904 389 aurea
926 361 991 389 luna

145 412 172 438 et
192 408 231 437 sol
244 409 254 424 2
276 408 428 436 secundum
452 415 612 444 processum
627 407 859 435 illuminationum
875 416 990 444 snspen-

144 455 268 485 dentium
289 455 409 483 animam
432 454 465 483 ad
486 454 679 482 admirandum
702 454 837 490 Sponsum
852 454 989 483 desidera-

145 505 212 531 tum.
235 519 271 522 —
294 502 343 530 Per
365 502 436 529 viam
465 500 737 538 superabundantis
768 501 988 535 exsultationis,

144 557 193 586 per
214 556 296 585 quam
326 548 417 576 anima
445 548 475 576 fit
502 547 682 576 suavissimae
706 547 859 576 dilectionis
880 548 989 576 deliciis

144 595 285 633 affluens,
308 595 413 623 innixa
434 603 523 632 super
555 594 689 623 dilectum
711 594 830 622 suum?
853 594 987 630 Quoniam

143 650 209 671 vero
231 643 282 671 ista
304 642 356 670 tria
377 644 443 670 sunt
463 641 584 670 difficilia
605 641 690 674 milii,
713 641 796 669 immo
818 641 890 677 quod
914 642 989 677 peni-

143 693 188 718 tus
209 690 321 726 ignoro;
344 689 404 717 ideo
426 689 585 725 rogabimus
601 688 690 725 ipsum
707 688 927 725 pulcherrimum
942 689 989 717 flo-

143 744 201 765 rem
222 735 255 764 de
279 735 431 769 Nazareth,
454 739 484 764 ut
506 735 707 763 interventione
728 735 822 763 Matris
837 743 911 769 snae,
928 735 988 763 Vir-

142 783 212 820 ginis
233 783 334 811 electae
356 783 389 811 de
410 782 511 811 radice
531 782 606 810 lesse
626 785 677 810 etc.

220 829 365 858 Nascetur
393 829 473 858 vobis
501 829 650 866 parvulus
671 832 722 857 etc.
755 829 910 857 Secundum
933 828 987 867 [lle-

141 877 262 906 hraicam
285 876 428 905 veritatem
450 884 527 905 sacer
549 879 576 905 et
596 879 708 905 sanctus
731 876 811 905 lsaias
831 876 887 904 duo
902 876 928 904 in
946 877 988 905 liis

141 924 234 953 verbis
256 923 386 957 intendit,
409 923 512 952 scilicet
533 923 589 952 Filii
613 923 660 952 Dei
683 923 709 951 in
743 930 854 951 carnem
879 923 986 951 venturi

141 970 314 1000 mirandam
336 969 526 998 humilitatem
549 974 575 998 et
591 970 677 1006 ipsius
692 970 718 998 in
735 977 817 998 carne
832 970 886 998 nati
900 978 988 1006 prae-

142 1017 246 1046 celsam
268 1017 483 1045 sublimitatem.
507 1017 644 1051 Primum,
667 1017 719 1045 ibi:
743 1017 887 1045 Nascetur
911 1016 988 1045 nobis

140 1064 304 1102 parvulas,-
326 1064 491 1098 secundum,
513 1064 565 1092 ibi:
582 1068 606 1092 et
620 1064 772 1092 uocabitur
789 1064 875 1097 Deus,
891 1063 986 1101 fortis.

175 1128 177 1130 -
221 1111 288 1139 Nota
309 1119 390 1148 ergo,
413 1111 486 1148 quod
508 1115 590 1140 natus
611 1114 652 1139 est
675 1111 758 1139 Filius
779 1111 826 1139 Dei
843 1111 946 1139 mundo
961 1114 988 1139 et

141 1158 170 1187 in
192 1158 294 1187 mundo
316 1158 522 1187 multiformiter
544 1158 635 1192 utilis,
657 1158 723 1195 quia
744 1158 816 1186 sicut
832 1166 895 1186 vere
909 1166 988 1186 cam-

138 1214 198 1243 pus
223 1205 331 1242 florum
361 1205 559 1234 universalium
592 1205 625 1234 ad
658 1205 820 1242 replendum
853 1205 987 1233 mundum

138 1253 269 1290 puritate
300 1253 445 1289 florigera;
478 1252 568 1289 quarti
602 1252 704 1281 Esdrae
736 1253 852 1281 nono4:
885 1251 988 1289 Prose-

140 1303 204 1328 ctus
230 1308 295 1328 sum
325 1299 356 1327 iu
384 1308 523 1336 campum
545 1299 645 1327 florum
668 1303 692 1327 et
712 1299 774 1327 sedi
794 1299 836 1327 ibi
855 1299 884 1327 in
907 1299 987 1335 flori-

142 1347 202 1378 bus.
229 1364 267 1367 —
288 1347 399 1375 Hortus
427 1346 557 1375 liliorum
578 1346 800 1383 pulcriformium
825 1346 859 1375 ad
884 1347 990 1383 replen-

141 1394 207 1422 dum
226 1394 361 1422 mnndum
380 1394 513 1422 castitate
534 1393 648 1427 caelica3
672 1393 846 1422 Canticornm
870 1393 988 1422 sextof’:

144 1441 268 1469 Dilectus
290 1449 371 1469 meus
392 1441 537 1469 descendit
558 1442 589 1469 iu
610 1440 728 1469 bortum
756 1449 861 1475 sumu,
875 1445 916 1469 *ut
936 1450 990 1478 pa-

141 1491 243 1516 sca-tur
265 1488 295 1516 iu
318 1487 410 1516 bortis
431 1491 456 1516 et
478 1488 540 1516 lilia
563 1488 688 1525 colligat.
706 1505 743 1508 -
759 1488 931 1516 Paradisus
945 1488 989 1516 (le-

141 1534 278 1563 liciarum
303 1534 427 1563 omnium
449 1534 483 1562 ad
505 1534 667 1571 replendum
698 1534 833 1563 mundum
862 1535 990 1563 amoeni-

142 1585 198 1610 tate
225 1585 336 1615 sancta;
358 1581 470 1610 Genesis
499 1581 635 1611 secundo:
670 1582 818 1610 Proctuoeu
848 1582 989 1610 Dominus

143 1629 218 1656 Deus
239 1629 273 1657 de
294 1627 381 1657 liumo
403 1637 486 1657 omne
508 1629 619 1666 liquam
640 1629 781 1666 pulcrum
802 1629 868 1657 visu
896 1633 922 1657 et
949 1629 989 1657 ad

139 1675 310 1703 vescendum
341 1684 448 1710 suave,
472 1676 585 1713 tionum.
617 1677 705 1704 etiam
733 1676 809 1705 vitae
836 1676 867 1705 iu
896 1676 988 1704 medio

137 1722 286 1759 paradisi.
312 1739 347 1742 —-
377 1723 560 1751 Viridarium
582 1732 744 1760 pomorum
769 1723 928 1752 caelestium
956 1723 989 1751 ad

140 1769 303 1806 replendum
334 1770 471 1798 mundum
499 1770 630 1799 satietate
659 1770 783 1804 interna;
812 1770 987 1799 Canticornm

140 1817 279 1853 quartoss:
305 1817 481 1845 Emissiones
503 1821 570 1846 tuae
588 1818 756 1854 paradisus
770 1817 919 1846 malorum
931 1826 987 1854 pu-

139 1863 274 1892 nicorum
292 1872 360 1892 cum
371 1872 526 1900 pomorum
550 1863 707 1901 fructibus.
723 1880 761 1884 —
776 1865 905 1893 Pratum
920 1873 987 1893 aro-

1047 228 1159 252 matum
1182 228 1359 254 aeternornm
1381 226 1415 255 ad
1443 228 1603 263 replendum
1633 230 1766 258 mundum
1787 232 1886 260 suaui-

1048 274 1103 298 tate
1124 274 1250 305 aeterna3
1273 272 1448 301 Canticorum
1477 277 1572 302 sexto:
1597 275 1720 303 Dilectus
1740 285 1820 304 meus
1841 278 1887 305 ‹le-

1046 318 1156 346 scemlit
1178 318 1207 346 iu
1229 317 1345 347 bortum
1366 328 1455 348 suum
1487 320 1526 348 ad
1557 322 1687 350 areolam
1708 328 1885 352 cu'omatum.

1048 380 1084 384 —
1107 365 1185 392 Fons
1207 364 1434 394 benedictionum
1457 367 1639 404 singularium
1669 368 1702 397 ad
1725 369 1885 405 replendum

1049 411 1181 439 mundum
1194 412 1348 440 sanctitate
1362 413 1496 448 persecta;
1512 414 1624 443 Genesis
1638 415 1758 443 secundo
1770 416 1796 443 ⁷:
1812 417 1889 444 Fons

1048 457 1217 485 ascendebat
1232 466 1245 486 e
1261 462 1351 492 terra,
1368 459 1501 497 irrigaus
1517 461 1684 490 uniuersam
1706 462 1886 498 superficiem

1048 506 1151 531 terrae.
1175 521 1212 524 —
1234 505 1357 533 Flauius
1383 506 1574 542 plenitudinis
1602 508 1752 544 gratiarum
1784 509 1817 537 ad
1846 517 1888 538 re-

1047 550 1177 585 plendum
1211 552 1344 580 mundum
1374 552 1510 589 felicitate
1540 558 1745 589 consummata3
1777 555 1888 584 Genesis

1047 597 1183 625 secundo:
1208 598 1329 626 Flavius
1355 600 1556 636 egrediebatur
1587 601 1620 629 de
1652 601 1709 629 loco
1730 602 1888 638 voluptatis

1047 644 1086 671 ad
1108 643 1298 680 irrioaudum
1318 647 1507 682 paradisum.

1380 732 1471 760 Sanno
1494 732 1522 759 lll
1534 732 1554 760 3.

1116 811 1254 836 Snmmaria
1268 812 1373 838 intentio
1387 813 1516 845 Evangelii
1530 815 1635 846 Vigiliae
1646 816 1802 846 Nativa-atis,
1814 825 1886 848 qnam

1044 853 1123 879 frater
1142 854 1319 880 Bonaventnra
1344 863 1425 881 eoram
1451 865 1507 888 rege
1536 858 1687 883 Francorum
1706 860 1837 890 explicavit
1856 861 1887 885 ad

1019 913 1022 916 ⁴
1046 897 1189 927 petitionem
1209 898 1268 927 eius,
1288 899 1386 929 qnando
1404 899 1496 931 Vigilia
1515 900 1584 924 venit:
1602 901 1626 925 in
1646 901 1781 926 Dominica.

1127 970 1199 999 Cum
1221 976 1290 1000 essct
1318 973 1515 1009 desponsata⁹
1537 977 1587 1002 etc.

1125 1018 1151 1046 ln
1174 1018 1225 1047 isto
1250 1019 1393 1056 Evangelio
1421 1024 1541 1057 quatuor
1567 1021 1758 1056 continentur,
1787 1023 1889 1051 scilicet

1044 1065 1179 1102 gloriosae
1201 1066 1321 1102 Virginis
1342 1067 1519 1103 concipientis
1536 1068 1695 1097 intemerata
1708 1068 1888 1106 fecunditas,

1046 1112 1128 1149 quia,
1150 1121 1216 1141 cum
1239 1117 1310 1141 esset
1331 1114 1506 1150 desponsata
1528 1115 1620 1143 Mater
1636 1116 1700 1143 lesu
1722 1116 1822 1144 Maria
1844 1117 1889 1145 Io—

1044 1159 1132 1196 sepli,
1155 1164 1311 1198 autequam
1334 1162 1527 1195 conuenirent,
1550 1162 1666 1190 iuventa
1687 1166 1726 1191 est
1754 1163 1784 1191 iu
1806 1168 1887 1192 utero

1045 1206 1161 1235 liabens.
1184 1224 1222 1227 —
1243 1208 1334 1236 Almae
1356 1208 1541 1244 conceptionis
1556 1209 1642 1245 ipsius
1663 1210 1741 1238 beata
1760 1211 1888 1246 paritet&

1046 1254 1112 1290 quia
1133 1254 1210 1291 quod
1231 1254 1262 1282 iu
1284 1263 1318 1282 ea
1339 1259 1444 1282 italum
1465 1259 1506 1283 est
1526 1255 1559 1283 de
1581 1255 1696 1292 Spiritu
1717 1261 1816 1285 sancto
1839 1261 1889 1291 est,

1047 1301 1118 1329 dixit
1132 1301 1259 1338 Angelus.
1283 1318 1317 1322 -——
1336 1302 1430 1338 loseph
1454 1302 1538 1330 sancti
1560 1302 1658 1331 devota
1679 1303 1788 1340 pietas,
1811 1305 1888 1340 qnia,

1046 1356 1113 1376 cum
1145 1352 1216 1377 esset
1237 1349 1333 1377 iustus
1359 1353 1383 1377 et
1408 1349 1493 1378 nollet
1513 1358 1577 1378 eam
1606 1350 1772 1384 traducere,
1800 1351 1889 1379 voluit

1046 1396 1152 1424 occulte
1185 1396 1327 1424 dimittere
1359 1404 1432 1424 eam.
1463 1412 1499 1417 —
1527 1397 1774 1433 Superbenedictae
1806 1397 1890 1426 Prolis

1046 1447 1194 1480 conceptae
1215 1444 1336 1480 gratiosa
1356 1446 1383 1471 et
1404 1444 1568 1472 universalis
1593 1442 1804 1480 fructuositas,
1826 1444 1890 1480 qnia

1045 1490 1107 1527 ipse
1121 1490 1238 1519 salbum
1252 1489 1342 1527 faciet
1354 1490 1496 1527 populum
1510 1499 1597 1519 suum
1614 1499 1633 1519 a
1642 1491 1768 1527 peccatis
1779 1499 1888 1519 eorum.

1375 1577 1466 1605 Sanno
1488 1577 1520 1604 iv
1533 1577 1564 1604 ¹0.

1115 1656 1193 1685 Item,
1220 1663 1300 1680 sermo
1328 1655 1416 1680 fratris
1435 1655 1625 1680 Bonaventurae
1650 1655 1730 1680 editus
1755 1656 1780 1679 in
1799 1655 1890 1687 Vigilia

1047 1699 1198 1724 Nativitatis
1218 1699 1315 1724 Domini
1344 1706 1425 1723 coram
1454 1698 1586 1723 Fratribus
1611 1698 1676 1729 apud
1704 1698 1839 1724 Assisium.
1864 1699 1889 1723 in

1047 1742 1172 1774 Capitulo⁷
1191 1742 1220 1767 de
1240 1749 1310 1766 mane
1330 1742 1387 1773 post
1406 1742 1516 1766 Missam.

1125 1816 1269 1845 Dominus
1290 1816 1372 1844 (labit
1392 1816 1604 1853 benignitatem,
1627 1819 1651 1844 et
1679 1819 1761 1844 terra
1788 1819 1890 1844 nostra

1047 1863 1128 1892 dabit
1148 1863 1281 1901 fluctum
1303 1872 1409 1897 suum,
1433 1864 1598 1892 Psalmusss.

203 2002 210 2015 ¹
229 2003 292 2026 Cant.
311 2004 332 2031 3,
351 2005 373 2026 6.

202 2041 210 2054 ²
228 2042 273 2065 Ct'r.
292 2042 356 2065 Cant.
375 2044 396 2071 G,
414 2044 440 2065 9:
460 2043 548 2067 Pulcra
568 2046 593 2067 ut
609 2044 675 2072 liunt,
693 2045 763 2068 electri
782 2047 807 2068 ut
824 2046 868 2068 sol.

202 2081 210 2094 ³
228 2081 291 2104 Cant.
309 2083 330 2110 8,
348 2083 374 2111 ὃς
392 2083 496 2111 sequitur
513 2084 562 2106 lsai.
584 2084 617 2111 ll,
639 2085 656 2106 l.

201 2120 210 2133 ⁴
229 2122 293 2144 Vei-s.
307 2122 344 2143 26.
359 2122 455 2150 Vulgata
471 2122 550 2145 habet:
564 2123 587 2145 iii
599 2130 718 2153 campum,
729 2123 878 2153 quiret-atur
888 2124 986 2148 Arclulli.

203 2159 212 2172 ⁵
230 2161 294 2183 Vers.
318 2162 339 2189 l;
357 2162 462 2189 sequitur
479 2162 534 2184 Gen.
552 2163 573 2189 2,
591 2163 612 2184 9.

201 2198 211 2211 ⁶
228 2200 294 2222 Vers.
317 2201 356 2227 l3;
374 2201 479 2229 sequitur
496 2200 560 2224 Cant.
578 2202 599 2229 67
621 2202 638 2223 l.

202 2239 210 2252 ⁷
229 2239 295 2261 Yers.
314 2240 341 2266 63
359 2239 444 2261 deinde
460 2240 564 2268 sequitur
582 2246 604 2262 V.
623 2240 658 2262 -10,

202 2277 210 2289 ⁸
228 2279 258 2300 Ex
277 2278 295 2300 A
313 2279 349 2300 sol.
368 2279 397 2301 50
415 2285 433 2300 r.
747 2279 756 2292 ⁹
774 2281 849 2302 Alaun.
873 2281 889 2307 1,
912 2281 987 2302 18-21.

203 2316 222 2329 ¹⁰
241 2318 269 2339 Ex
287 2318 305 2339 Α
323 2318 359 2339 sol.
378 2317 406 2339 50
419 2324 438 2339 r.
451 2319 531 2340 Sermo
550 2319 586 2341 liic
603 2322 625 2341 et
642 2325 742 2347 sequens
760 2319 869 2341 uniuntur
881 2319 902 2340 in
916 2325 988 2341 unum

140 2363 271 2379 sermonem
290 2360 337 2378 tum
356 2357 377 2378 iu
396 2357 447 2379 cod.
465 2357 584 2379 parisiensi
598 2358 622 2384 B,
635 2360 682 2379 tum
701 2358 722 2380 in
741 2358 842 2386 quodam
857 2358 937 2381 codice
954 2358 988 2380 bi-

140 2395 218 2418 bliotl).
237 2396 381 2418 Monacensis
398 2396 484 2424 Regiae
503 2397 562 2421 (cod.
579 2397 615 2419 lat.
634 2397 737 2426 255950,
756 2397 795 2419 ubi
812 2397 943 2420 inscribitur
961 2399 986 2420 ln

143 2434 247 2464 Viryinis
265 2435 396 2457 nativitate.
414 2435 501 2457 Horum
521 2438 618 2464 uterque
636 2442 689 2458 cum
708 2437 788 2464 paucis
799 2436 942 2459 variantibus
954 2437 986 2459 sic

140 2473 231 2501 incipit:
252 2482 262 2493 «
275 2473 324 2496 Sub
343 2474 457 2496 velamine
483 2474 579 2496 istorum
607 2474 732 2496 verborum
755 2475 880 2497 involvitur
902 2478 923 2497 et
941 2482 988 2503 my-

140 2512 233 2535 sticatur
256 2516 337 2540 partus
365 2513 464 2540 Virginis
487 2513 613 2541 gloriosae,
639 2514 679 2542 qui
704 2514 813 2542 quoniam
832 2514 936 2537 crastino
954 2517 987 2537 est

140 2552 237 2578 futurus,
256 2552 309 2574 ideo
327 2552 443 2579 eleganter
469 2552 546 2574 dicei-e
570 2554 696 2580 possumus
713 2553 793 2575 liodie:
813 2553 886 2576 Terra
904 2555 988 2577 nostra

140 2589 204 2613 dabit
220 2591 328 2620 fructum
345 2597 426 2614 sinnii.
446 2592 519 2614 Terra
536 2592 579 2613 ista
597 2592 663 2614 illaria
683 2595 728 2617 est:
745 2592 839 2621 fructus
856 2593 906 2615 eius
919 2593 987 2616 Filius

140 2630 201 2658 eius,
219 2630 322 2653 Christus
340 2631 415 2657 Dens;
433 2630 491 2653 dure
509 2631 581 2658 ipsius
599 2637 680 2658 parere
705 2634 745 2653 est..
764 2632 895 2654 lnsistemus
917 2633 987 2660 igitur

140 2669 199 2691 circa
219 2670 273 2691 tria:
292 2669 367 2697 primo
385 2669 445 2691 circa
462 2669 624 2692 similitudinis
648 2670 832 2699 coum-zamrim,
850 2677 895 2699 qua
915 2671 985 2699 Virgo

141 2708 223 2730 dicitur
241 2710 305 2731 terro
314 2717 322 2737 ,·
334 2721 365 2725 —
378 2709 479 2731 secundo
493 2709 551 2731 circa
565 2708 666 2732 dolionis
678 2710 810 2738 qualitatem
823 2710 845 2732 in
860 2711 910 2738 noc,
923 2711 984 2739 qnod

140 2747 223 2769 dicitur
240 2747 320 2775 dubit;
335 2760 362 2763 —
375 2748 441 2770 tertio
459 2748 517 2770 circa
530 2748 625 2777 fructus
637 2747 781 2771 nobilitatem
793 2748 842 2771 sive
855 2749 985 2777 utilitatem,

141 2787 203 2815 quod
221 2790 312 2809 notatur
332 2787 375 2809 ibi:
392 2788 499 2817 fructum
516 2794 588 2810 suum
601 2796 622 2809 ».

204 2827 284 2854 Quoad
304 2827 404 2854 primum
423 2833 553 2849 sermonem
572 2833 655 2855 parum
669 2826 788 2855 probabile
805 2827 872 2850 nohis
887 2828 985 2856 videtur⁷

142 2864 217 2893 ipsum
236 2866 421 2888 Bonarenturam
448 2866 506 2888 duos
527 2872 581 2888 suos
606 2866 723 2888 ordinario
748 2866 829 2894 longos
854 2873 985 2894 sermones,

141 2910 240 2932 quornm
259 2905 349 2931 primus
361 2904 453 2927 habitus
468 2908 501 2927 est
513 2905 590 2927 Assisii
600 2922 605 2931 ,
618 2905 673 2927 altor
685 2911 740 2927 vero
753 2906 866 2934 Lugduni,
879 2906 900 2928 in
914 2912 985 2928 unuin

141 2949 270 2965 sermonem
289 2944 435 2966 contraxisse.
454 2944 584 2972 Praeterea,
598 2944 628 2966 ibi
642 2944 779 2966 adiiciuntur
797 2947 841 2967 tres
858 2945 985 2967 divisiones

1045 2012 1097 2028 cuni
1116 2006 1270 2034 expositione,
1288 2012 1346 2034 quas
1363 2005 1521 2027 Bonaventura
1537 2011 1581 2026 non
1600 2004 1669 2026 babet
1686 2004 1708 2025 in
1726 2004 1777 2026 cod.
1794 2003 1889 2025 Ambro-

1045 2046 1122 2068 siano:
1143 2045 1226 2068 «dedit
1242 2045 1347 2075 fructum
1367 2043 1511 2067 benedictum.
1528 2045 1549 2065 in
1565 2044 1747 2071 praedicatione,
1759 2043 1889 2072 speciosum

1046 2086 1067 2107 in
1086 2085 1274 2112 conversatione,
1292 2084 1426 2107 virtuosum
1444 2084 1464 2105 in
1484 2084 1603 2111 passione;
1621 2082 1778 2106 aromaticum
1804 2082 1824 2104 in
1842 2088 1890 2104 ora-

1046 2124 1106 2146 tione
1116 2132 1137 2145 n.
1150 2124 1197 2145 Alia
1210 2124 1278 2145 etiam
1296 2123 1379 2145 divisio
1392 2123 1412 2144 in
1426 2122 1477 2145 cod.
1491 2122 1641 2144 ambrosiano
1657 2122 1740 2143 omissa
1754 2124 1794 2148 est,
1806 2121 1888 2143 scilicet

1049 2172 1059 2182 α
1069 2163 1105 2184 vel
1120 2164 1218 2185 fructum
1235 2161 1435 2191 speciosissimum
1447 2162 1476 2183 ad
1489 2161 1615 2183 videndum
1634 2167 1674 2188 per
1686 2161 1767 2187 sidem,
1780 2159 1889 2183 suavissi-

1045 2207 1112 2224 mum
1123 2202 1152 2224 ad
1162 2201 1308 2224 odorandum
1323 2207 1364 2229 per
1376 2207 1455 2228 spem;
1467 2199 1645 2229 sapidissimum
1657 2200 1686 2222 ad
1698 2199 1837 2227 gustandum
1848 2204 1888 2226 per

1046 2241 1177 2268 caritatem3
1194 2239 1438 2270 saizcti'sicatissimum
1450 2240 1478 2262 ad
1492 2239 1665 2261 sustentandum
1673 2247 1679 2265 ;
1692 2237 1843 2268 pretiosissimi
1849 2243 1888 2259 mn

1046 2280 1074 2302 ad
1088 2280 1255 2307 possidendum
1267 2288 1288 2301 ».
1301 2280 1364 2306 Item,
1376 2279 1439 2301 tertia
1453 2279 1547 2301 divisio:
1563 2287 1573 2297 <‹
1584 2278 1619 2300 vel
1634 2279 1731 2300 tractum
1745 2275 1885 2299 benedictum

1047 2318 1151 2346 ingressu
1170 2318 1297 2345 nascendo5
1316 2317 1448 2347 speciosum
1466 2317 1487 2338 in
1506 2322 1629 2344 progressu
1648 2315 1817 2343 conversando,
1836 2314 1888 2337 odo-

1045 2356 1146 2386 riferum
1172 2357 1192 2379 in
1219 2363 1314 2384 egressu
1338 2357 1469 2383 moriendo;
1488 2355 1621 2378 rirtnosimi
1646 2355 1666 2376 in
1692 2360 1797 2382 regressu
1816 2359 1888 2375 resur-

1045 2396 1121 2424 gendo
1133 2405 1154 2418 n.
1168 2397 1229 2418 llaec
1241 2396 1393 2418 accumulatio
1411 2396 1549 2418 divisionum
1567 2395 1638 2416 aliena
1652 2396 1685 2416 est
1697 2400 1707 2415 a
1722 2394 1887 2415 ssonaventura.

1108 2436 1168 2458 Alter
1186 2442 1241 2458 vero
1259 2442 1335 2458 sermo
1353 2435 1439 2457 codicis
1457 2434 1595 2456 Monacensis
1607 2436 1641 2455 est
1653 2436 1712 2455 totus
1724 2433 1753 2455 de
1770 2433 1794 2454 B.
1807 2432 1888 2458 lllaria;

1045 2482 1089 2497 non
1107 2475 1198 2502 exponit
1216 2475 1259 2497 nisi
1277 2475 1377 2502 primuni
1405 2473 1534 2495 membrum
1559 2472 1685 2497 divisionis,
1712 2471 1794 2493 additis
1812 2470 1887 2492 multis

1045 2515 1074 2537 (le
1092 2515 1116 2536 B.
1133 2514 1201 2536 Maria
1220 2514 1343 2540 sententiis,
1362 2513 1495 2541 praesertim
1514 2518 1539 2534 ex
1558 2511 1672 2533 Bernardo
1685 2511 1773 2537 sumtis,
1787 2513 1807 2531 et
1819 2510 1887 2531 etiam

1045 2554 1146 2582 quadam
1170 2559 1229 2575 nova
1257 2552 1416 2575 membrorum
1442 2551 1555 2574 divisione
1580 2553 1669 2578 praeter
1695 2556 1745 2578 eas,
1766 2556 1824 2578 quae
1842 2549 1886 2570 iani

1045 2592 1159 2614 habentur
1177 2592 1198 2614 iu
1217 2591 1309 2614 duobus
1327 2591 1473 2614 sermonibus
1491 2591 1670 2612 Boiiaventurae.
1684 2589 1728 2611 Sed
1741 2595 1793 2611 cuin
1812 2594 1887 2610 sermo

1045 2631 1182 2653 inscribatur
1200 2631 1229 2653 «le
1250 2630 1353 2659 Vbqfinis
1372 2629 1497 2653 Natu-itote
1515 2633 1536 2651 et
1554 2632 1613 2651 totus
1634 2628 1662 2649 sit
1680 2628 1708 2650 tle
1726 2628 1749 2649 Β.
1767 2627 1846 2650 illaria.
1866 2627 1885 2647 in

1044 2670 1158 2698 principio
1175 2670 1289 2692 sermonis
1312 2676 1393 2697 parum
1418 2669 1555 2691 conveniunt
1574 2667 1656 2689 verba:
1678 2667 1784 2695 «partus
1801 2664 1887 2694 Morio-

1043 2717 1083 2733 sne
1100 2709 1210 2739 Virqinis,
1223 2709 1271 2739 qui,
1287 2709 1399 2738 qnoniam.
1417 2707 1520 2730 rivis-tino
1538 2708 1571 2730 cst
1588 2707 1685 2735 licturus
1698 2714 1708 2725 »
1729 2708 1770 2726 etc.
1788 2717 1815 2719 —
1829 2705 1886 2725 luter

1044 2752 1075 2771 tot
1093 2749 1135 2771 ulia
1153 2749 1270 2776 exempla,
1288 2748 1351 2776 quod
1369 2747 1507 2775 posteriores
1519 2746 1687 2774 praedicatores
1700 2743 1884 2771 praet-edentium

1044 2794 1163 2810 sermones
1180 2788 1258 2810 saltem
1285 2793 1310 2809 cx
1337 2790 1401 2814 parte
1419 2786 1461 2808 sibi
1480 2784 1633 2812 usurpabant,
1651 2783 1717 2805 etiam
1742 2783 1783 2804 lioc
1809 2788 1884 2803 recen·

1045 2828 1142 2850 sendum
1160 2834 1210 2849 esse
1227 2827 1325 2849 videtur.
1344 2838 1373 2842 —
1392 2826 1461 2847 litlem
1479 2829 1596 2846 sermones
1619 2829 1645 2844 ex
1672 2826 1734 2849 parte
1757 2822 1884 2842 reseruntur

1046 2867 1114 2889 etiam
1133 2867 1154 2888 in
1168 2866 1247 2888 codice
1266 2864 1362 2887 membr.
1375 2870 1433 2886 saec.
1447 2863 1506 2885 XIV.
1524 2860 1704 2888 Rotliouiagensi
1724 2859 1783 2887 (cod.
1802 2860 1827 2881 Λ.
1840 2858 1885 2880 :584

1046 2906 1158 2935 messio)
1177 2908 1197 2927 ct
1216 2905 1282 2927 etiam
1303 2904 1321 2925 iu
1342 2903 1467 2925 Tudertino
1486 2908 1507 2923 n.
1528 2901 1576 2923 115,
1596 2902 1608 2921 t'.
1628 2900 1663 2921 33.

1108 2944 1125 2956 ¹¹
1145 2944 1226 2966 Psalm.
1246 2943 1282 2969 Si,
1305 2943 1337 2964 13.

1909 1026 2033 1045 Summanum

1907 1049 1961 1068 huius
1975 1050 2033 1068 Evau—

1910 1073 1958 1095 gelli.
