<?xml version="1.0" encoding="UTF-8"?>
<!DOCTYPE html PUBLIC "-//W3C//DTD XHTML 1.0 Transitional//EN"
    "http://www.w3.org/TR/xhtml1/DTD/xhtml1-transitional.dtd">
<html xmlns="http://www.w3.org/1999/xhtml" xml:lang="en" lang="en">
 <head>
  <title>
</title>
<meta http-equiv="Content-Type" content="text/html;charset=utf-8" />
  <meta name='ocr-system' content='tesseract 3.04.00' />
  <meta name='ocr-capabilities' content='ocr_page ocr_carea ocr_par ocr_line ocrx_word'/>
</head>
<body>
  <div class='ocr_page' id='page_1' title='image "./doctorisseraphic09bona_0766.png"; bbox 0 0 2243 3348; ppageno 0'>
   <div class='ocr_carea' id='block_1_1' title="bbox 310 167 1340 209">
    <p class='ocr_par' dir='ltr' id='par_1_1' title="bbox 310 167 1340 209">
     <span class='ocr_line' id='line_1_1' title="bbox 310 167 1340 209; baseline -0.014 0"><span class='ocrx_word' id='word_1_1' title='bbox 310 179 365 209; x_wconf 84' lang='lat'>736</span> <span class='ocrx_word' id='word_1_2' title='bbox 1028 169 1128 198; x_wconf 85' lang='lat' dir='ltr'>INDEX</span> <span class='ocrx_word' id='word_1_3' title='bbox 1150 167 1340 197; x_wconf 79' lang='lat' dir='ltr'>SERMONUM.</span> 
     </span>
    </p>
   </div>
   <div class='ocr_carea' id='block_1_2' title="bbox 376 248 1088 279">
    <p class='ocr_par' dir='ltr' id='par_1_2' title="bbox 376 248 1088 279">
     <span class='ocr_line' id='line_1_2' title="bbox 376 248 1088 279; baseline -0.014 0"><span class='ocrx_word' id='word_1_4' title='bbox 376 255 510 279; x_wconf 78' lang='lat' dir='ltr'>DOMlNlCA</span> <span class='ocrx_word' id='word_1_5' title='bbox 527 254 609 277; x_wconf 78' lang='lat' dir='ltr'>lNFRA</span> <span class='ocrx_word' id='word_1_6' title='bbox 627 252 764 275; x_wconf 76' lang='lat' dir='ltr'><strong>OCTAVAM</strong></span> <span class='ocrx_word' id='word_1_7' title='bbox 782 249 967 273; x_wconf 75' lang='lat' dir='ltr'>NA&#39;rlvlTATls</span> <span class='ocrx_word' id='word_1_8' title='bbox 985 248 1088 270; x_wconf 85' lang='lat' dir='ltr'>DOMiNl.</span> 
     </span>
    </p>
   </div>
   <div class='ocr_carea' id='block_1_3' title="bbox 311 310 1048 387">
    <p class='ocr_par' dir='ltr' id='par_1_3' title="bbox 311 310 1048 387">
     <span class='ocr_line' id='line_1_3' title="bbox 311 310 1046 344; baseline -0.015 -1"><span class='ocrx_word' id='word_1_9' title='bbox 311 321 385 344; x_wconf 67' lang='lat' dir='ltr'>Sentio</span> <span class='ocrx_word' id='word_1_10' title='bbox 402 320 416 341; x_wconf 92' lang='lat' dir='ltr'>l.</span> <span class='ocrx_word' id='word_1_11' title='bbox 434 318 523 340; x_wconf 86' lang='lat' dir='ltr'>Positus</span> <span class='ocrx_word' id='word_1_12' title='bbox 540 319 574 339; x_wconf 89' lang='lat' dir='ltr'>est</span> <span class='ocrx_word' id='word_1_13' title='bbox 591 316 626 338; x_wconf 92' lang='lat' dir='ltr'>hic</span> <span class='ocrx_word' id='word_1_14' title='bbox 639 315 660 337; x_wconf 91' lang='lat' dir='ltr'>in</span> <span class='ocrx_word' id='word_1_15' title='bbox 672 314 763 337; x_wconf 86' lang='lat' dir='ltr'>ruinam</span> <span class='ocrx_word' id='word_1_16' title='bbox 782 316 803 336; x_wconf 89' lang='lat' dir='ltr'>et</span> <span class='ocrx_word' id='word_1_17' title='bbox 821 313 841 335; x_wconf 93' lang='lat' dir='ltr'>in</span> <span class='ocrx_word' id='word_1_18' title='bbox 855 310 1046 334; x_wconf 72' lang='lat' dir='ltr'>resurrectionem</span> 
     </span>
     <span class='ocr_line' id='line_1_4' title="bbox 435 358 1048 387; baseline -0.015 0"><span class='ocrx_word' id='word_1_19' title='bbox 435 365 559 387; x_wconf 87' lang='lat' dir='ltr'>multorum</span> <span class='ocrx_word' id='word_1_20' title='bbox 577 363 599 385; x_wconf 89' lang='lat' dir='ltr'>in</span> <span class='ocrx_word' id='word_1_21' title='bbox 617 362 684 384; x_wconf 86' lang='lat' dir='ltr'>lsrael</span> <span class='ocrx_word' id='word_1_22' title='bbox 701 363 723 383; x_wconf 84' lang='lat' dir='ltr'>et</span> <span class='ocrx_word' id='word_1_23' title='bbox 740 360 763 382; x_wconf 90' lang='lat' dir='ltr'>in</span> <span class='ocrx_word' id='word_1_24' title='bbox 781 360 882 387; x_wconf 82' lang='lat' dir='ltr'>signum,</span> <span class='ocrx_word' id='word_1_25' title='bbox 900 358 936 381; x_wconf 79' lang='lat' dir='ltr'>cui</span> <span class='ocrx_word' id='word_1_26' title='bbox 958 359 1048 380; x_wconf 80' lang='lat' dir='ltr'>coutra-</span> 
     </span>
    </p>
   </div>
   <div class='ocr_carea' id='block_1_4' title="bbox 404 402 1158 530">
    <p class='ocr_par' dir='ltr' id='par_1_4' title="bbox 404 402 1158 530">
     <span class='ocr_line' id='line_1_5' title="bbox 435 402 1156 437; baseline -0.015 -3"><span class='ocrx_word' id='word_1_27' title='bbox 435 411 530 437; x_wconf 87' lang='lat' dir='ltr'>dicetur,</span> <span class='ocrx_word' id='word_1_28' title='bbox 551 410 606 432; x_wconf 83' lang='lat' dir='ltr'>Luc.</span> <span class='ocrx_word' id='word_1_29' title='bbox 629 409 651 435; x_wconf 89' lang='lat' dir='ltr'>ll,</span> <span class='ocrx_word' id='word_1_30' title='bbox 670 408 698 430; x_wconf 72' lang='lat'>34</span> <span class='ocrx_word' id='word_1_31' title='bbox 703 421 1006 430; x_wconf 87' lang='grc'>.........</span> <span class='ocrx_word' id='word_1_32' title='bbox 1036 408 1094 432; x_wconf 70' lang='lat' dir='ltr'>pay.</span> <span class='ocrx_word' id='word_1_33' title='bbox 1112 402 1156 424; x_wconf 84' lang='grc'>129</span> 
     </span>
     <span class='ocr_line' id='line_1_6' title="bbox 404 449 1047 481; baseline -0.017 1"><span class='ocrx_word' id='word_1_34' title='bbox 404 457 544 481; x_wconf 75' lang='lat' dir='ltr'>Prothema:</span> <span class='ocrx_word' id='word_1_35' title='bbox 567 454 668 478; x_wconf 74' lang='lat' dir='ltr'>Surrexit</span> <span class='ocrx_word' id='word_1_36' title='bbox 691 453 748 476; x_wconf 85' lang='lat' dir='ltr'>Elias</span> <span class='ocrx_word' id='word_1_37' title='bbox 772 453 884 480; x_wconf 76' lang='lat' dir='ltr'>Propheta</span> <span class='ocrx_word' id='word_1_38' title='bbox 907 451 965 474; x_wconf 88' lang='lat' dir='ltr'>sicut</span> <span class='ocrx_word' id='word_1_39' title='bbox 986 449 1047 478; x_wconf 78' lang='lat' dir='ltr'>ignis</span> 
     </span>
     <span class='ocr_line' id='line_1_7' title="bbox 436 493 1158 530; baseline -0.015 -4"><span class='ocrx_word' id='word_1_40' title='bbox 436 504 527 530; x_wconf 88' lang='lat' dir='ltr'>ardens,</span> <span class='ocrx_word' id='word_1_41' title='bbox 550 502 616 524; x_wconf 81' lang='lat' dir='ltr'>Eceli.</span> <span class='ocrx_word' id='word_1_42' title='bbox 636 501 731 528; x_wconf 76' lang='grc' dir='ltr'>ΧΙΝΙΙΙ,</span> <span class='ocrx_word' id='word_1_43' title='bbox 751 500 757 521; x_wconf 59' lang='grc'>’1</span> <span class='ocrx_word' id='word_1_44' title='bbox 765 512 1046 522; x_wconf 86' lang='grc'><em>........</em></span> <span class='ocrx_word' id='word_1_45' title='bbox 1079 504 1090 515; x_wconf 79' lang='lat'>›&gt;</span> <span class='ocrx_word' id='word_1_46' title='bbox 1126 493 1158 516; x_wconf 89' lang='lat' dir='ltr'>ib.</span> 
     </span>
    </p>
   </div>
   <div class='ocr_carea' id='block_1_5' title="bbox 350 543 1158 672">
    <p class='ocr_par' dir='ltr' id='par_1_5' title="bbox 350 543 1158 672">
     <span class='ocr_line' id='line_1_8' title="bbox 350 543 1046 579; baseline -0.013 -5"><span class='ocrx_word' id='word_1_47' title='bbox 350 561 361 573; x_wconf 72' lang='lat' dir='ltr'>n</span> <span class='ocrx_word' id='word_1_48' title='bbox 405 552 427 573; x_wconf 93' lang='lat' dir='ltr'>ll.</span> <span class='ocrx_word' id='word_1_49' title='bbox 445 550 558 579; x_wconf 83' lang='lat' dir='ltr'>Quoniam</span> <span class='ocrx_word' id='word_1_50' title='bbox 576 548 630 571; x_wconf 85' lang='lat' dir='ltr'>estis</span> <span class='ocrx_word' id='word_1_51' title='bbox 647 547 685 570; x_wconf 80' lang='lat' dir='ltr'>lilii</span> <span class='ocrx_word' id='word_1_52' title='bbox 703 547 757 573; x_wconf 87' lang='lat' dir='ltr'>Dei,</span> <span class='ocrx_word' id='word_1_53' title='bbox 775 545 836 568; x_wconf 87' lang='lat' dir='ltr'>misit</span> <span class='ocrx_word' id='word_1_54' title='bbox 859 545 918 567; x_wconf 90' lang='lat' dir='ltr'>Deus</span> <span class='ocrx_word' id='word_1_55' title='bbox 936 543 1046 572; x_wconf 84' lang='lat' dir='ltr'>Spiritum</span> 
     </span>
     <span class='ocr_line' id='line_1_9' title="bbox 437 589 1048 620; baseline -0.013 0"><span class='ocrx_word' id='word_1_56' title='bbox 437 598 484 620; x_wconf 88' lang='lat' dir='ltr'>Filii</span> <span class='ocrx_word' id='word_1_57' title='bbox 504 596 540 619; x_wconf 84' lang='lat' dir='ltr'>sui</span> <span class='ocrx_word' id='word_1_58' title='bbox 563 596 586 618; x_wconf 86' lang='lat' dir='ltr'>in</span> <span class='ocrx_word' id='word_1_59' title='bbox 608 595 678 618; x_wconf 86' lang='lat' dir='ltr'>corda</span> <span class='ocrx_word' id='word_1_60' title='bbox 701 596 776 616; x_wconf 88' lang='lat' dir='ltr'>vestra</span> <span class='ocrx_word' id='word_1_61' title='bbox 798 593 946 615; x_wconf 86' lang='lat' dir='ltr'>clamantem:</span> <span class='ocrx_word' id='word_1_62' title='bbox 969 589 1048 618; x_wconf 83' lang='lat' dir='ltr'>Abba,</span> 
     </span>
     <span class='ocr_line' id='line_1_10' title="bbox 437 636 1158 672; baseline -0.015 -5"><span class='ocrx_word' id='word_1_63' title='bbox 437 646 510 672; x_wconf 77' lang='lat' dir='ltr'>Pater,</span> <span class='ocrx_word' id='word_1_64' title='bbox 532 643 603 665; x_wconf 85' lang='lat' dir='ltr'>Galat.</span> <span class='ocrx_word' id='word_1_65' title='bbox 621 643 656 669; x_wconf 75' lang='lat' dir='ltr'>lv,</span> <span class='ocrx_word' id='word_1_66' title='bbox 674 642 686 663; x_wconf 81' lang='lat'><strong>6</strong></span> <span class='ocrx_word' id='word_1_67' title='bbox 691 654 1049 663; x_wconf 68' lang='grc'><em>..........</em></span> <span class='ocrx_word' id='word_1_68' title='bbox 1082 645 1093 656; x_wconf 69' lang='lat' dir='ltr'>r&gt;</span> <span class='ocrx_word' id='word_1_69' title='bbox 1118 636 1158 657; x_wconf 84' lang='grc'>132</span> 
     </span>
    </p>
   </div>
   <div class='ocr_carea' id='block_1_6' title="bbox 586 701 884 728">
    <p class='ocr_par' dir='ltr' id='par_1_6' title="bbox 586 701 884 728">
     <span class='ocr_line' id='line_1_11' title="bbox 586 701 884 728; baseline -0.017 0"><span class='ocrx_word' id='word_1_70' title='bbox 586 702 761 728; x_wconf 80' lang='lat' dir='ltr'>ClRCUMCiSlO</span> <span class='ocrx_word' id='word_1_71' title='bbox 781 701 884 724; x_wconf 78' lang='lat' dir='ltr'>DOMINI.</span> 
     </span>
    </p>
   </div>
   <div class='ocr_carea' id='block_1_7' title="bbox 312 762 1162 1402">
    <p class='ocr_par' dir='ltr' id='par_1_7' title="bbox 312 762 1162 1402">
     <span class='ocr_line' id='line_1_12' title="bbox 312 762 1051 795; baseline -0.014 -1"><span class='ocrx_word' id='word_1_72' title='bbox 312 772 386 794; x_wconf 59' lang='lat' dir='ltr'>Sentio</span> <span class='ocrx_word' id='word_1_73' title='bbox 404 771 419 792; x_wconf 90' lang='lat'>1.</span> <span class='ocrx_word' id='word_1_74' title='bbox 437 771 459 792; x_wconf 89' lang='lat' dir='ltr'>ln</span> <span class='ocrx_word' id='word_1_75' title='bbox 477 769 566 792; x_wconf 87' lang='lat' dir='ltr'>Christo</span> <span class='ocrx_word' id='word_1_76' title='bbox 584 768 633 790; x_wconf 88' lang='lat' dir='ltr'>lesu</span> <span class='ocrx_word' id='word_1_77' title='bbox 648 772 723 795; x_wconf 87' lang='lat' dir='ltr'>neque</span> <span class='ocrx_word' id='word_1_78' title='bbox 735 764 879 788; x_wconf 83' lang='lat' dir='ltr'>circumcisio</span> <span class='ocrx_word' id='word_1_79' title='bbox 891 762 979 792; x_wconf 84' lang='lat' dir='ltr'>aliquid</span> <span class='ocrx_word' id='word_1_80' title='bbox 990 762 1051 784; x_wconf 85' lang='lat' dir='ltr'>valet</span> 
     </span>
     <span class='ocr_line' id='line_1_13' title="bbox 438 809 1051 845; baseline -0.013 -6"><span class='ocrx_word' id='word_1_81' title='bbox 438 822 512 845; x_wconf 86' lang='lat' dir='ltr'>neque</span> <span class='ocrx_word' id='word_1_82' title='bbox 535 814 695 843; x_wconf 77' lang='lat' dir='ltr'>praeputium,</span> <span class='ocrx_word' id='word_1_83' title='bbox 718 812 760 835; x_wconf 86' lang='lat' dir='ltr'>sed</span> <span class='ocrx_word' id='word_1_84' title='bbox 780 817 840 834; x_wconf 87' lang='lat' dir='ltr'>nova</span> <span class='ocrx_word' id='word_1_85' title='bbox 864 812 982 837; x_wconf 82' lang='lat' dir='ltr'>creatura,</span> <span class='ocrx_word' id='word_1_86' title='bbox 1003 809 1051 831; x_wconf 85' lang='lat' dir='ltr'>Gal.</span> 
     </span>
     <span class='ocr_line' id='line_1_14' title="bbox 438 855 1159 890; baseline -0.014 -4"><span class='ocrx_word' id='word_1_87' title='bbox 438 864 474 890; x_wconf 85' lang='lat' dir='ltr'>Vl,</span> <span class='ocrx_word' id='word_1_88' title='bbox 493 864 529 885; x_wconf 82' lang='lat' dir='ltr'>l5.</span> <span class='ocrx_word' id='word_1_89' title='bbox 571 873 1049 885; x_wconf 87' lang='lat'>.............</span> <span class='ocrx_word' id='word_1_90' title='bbox 1083 864 1093 876; x_wconf 79' lang='lat'>»</span> <span class='ocrx_word' id='word_1_91' title='bbox 1115 855 1159 877; x_wconf 85' lang='grc'>133</span> 
     </span>
     <span class='ocr_line' id='line_1_15' title="bbox 406 903 1051 933; baseline -0.012 0"><span class='ocrx_word' id='word_1_92' title='bbox 406 909 541 933; x_wconf 75' lang='lat' dir='ltr'>Prothema.</span> <span class='ocrx_word' id='word_1_93' title='bbox 559 908 633 931; x_wconf 85' lang='lat' dir='ltr'>Gloria</span> <span class='ocrx_word' id='word_1_94' title='bbox 657 912 708 929; x_wconf 88' lang='lat' dir='ltr'>mea</span> <span class='ocrx_word' id='word_1_95' title='bbox 733 911 825 933; x_wconf 87' lang='lat' dir='ltr'>semper</span> <span class='ocrx_word' id='word_1_96' title='bbox 850 903 1004 930; x_wconf 78' lang='lat' dir='ltr'>innovabitur,</span> <span class='ocrx_word' id='word_1_97' title='bbox 1030 905 1051 925; x_wconf 93' lang='lat' dir='ltr'>et</span> 
     </span>
     <span class='ocr_line' id='line_1_16' title="bbox 439 948 1051 979; baseline -0.013 0"><span class='ocrx_word' id='word_1_98' title='bbox 439 962 506 979; x_wconf 86' lang='lat' dir='ltr'>arcus</span> <span class='ocrx_word' id='word_1_99' title='bbox 524 961 590 978; x_wconf 85' lang='lat' dir='ltr'>meus</span> <span class='ocrx_word' id='word_1_100' title='bbox 612 955 633 977; x_wconf 91' lang='lat' dir='ltr'>in</span> <span class='ocrx_word' id='word_1_101' title='bbox 658 959 726 976; x_wconf 89' lang='lat' dir='ltr'>manu</span> <span class='ocrx_word' id='word_1_102' title='bbox 751 958 801 974; x_wconf 88' lang='lat' dir='ltr'>mea</span> <span class='ocrx_word' id='word_1_103' title='bbox 825 950 997 978; x_wconf 70' lang='lat' dir='ltr'>instaurabitur,</span> <span class='ocrx_word' id='word_1_104' title='bbox 1012 948 1051 972; x_wconf 91' lang='lat' dir='ltr'>lob</span> 
     </span>
     <span class='ocr_line' id='line_1_17' title="bbox 439 995 1162 1031; baseline -0.011 -5"><span class='ocrx_word' id='word_1_105' title='bbox 439 995 1162 1031; x_wconf 76' lang='lat' dir='ltr'>xx1x‚·20.............»ib.</span> 
     </span>
     <span class='ocr_line' id='line_1_18' title="bbox 411 1043 1053 1075; baseline -0.014 -1"><span class='ocrx_word' id='word_1_106' title='bbox 411 1050 515 1075; x_wconf 77' lang='lat' dir='ltr'>Collatt&#39;o.</span> <span class='ocrx_word' id='word_1_107' title='bbox 534 1051 558 1072; x_wconf 91' lang='lat' dir='ltr'>ln</span> <span class='ocrx_word' id='word_1_108' title='bbox 574 1048 664 1072; x_wconf 85' lang='lat' dir='ltr'>Christo</span> <span class='ocrx_word' id='word_1_109' title='bbox 682 1048 730 1069; x_wconf 85' lang='lat' dir='ltr'>lesu</span> <span class='ocrx_word' id='word_1_110' title='bbox 752 1051 828 1074; x_wconf 85' lang='lat' dir='ltr'>neque</span> <span class='ocrx_word' id='word_1_111' title='bbox 851 1043 996 1067; x_wconf 83' lang='lat' dir='ltr'>circumcisio</span> <span class='ocrx_word' id='word_1_112' title='bbox 1013 1043 1053 1065; x_wconf 89' lang='lat' dir='ltr'>ali-</span> 
     </span>
     <span class='ocr_line' id='line_1_19' title="bbox 441 1090 1161 1126; baseline -0.011 -7"><span class='ocrx_word' id='word_1_113' title='bbox 441 1097 496 1126; x_wconf 89' lang='lat' dir='ltr'>quid</span> <span class='ocrx_word' id='word_1_114' title='bbox 514 1096 575 1118; x_wconf 88' lang='lat' dir='ltr'>valet</span> <span class='ocrx_word' id='word_1_115' title='bbox 595 1097 648 1122; x_wconf 56' lang='lat' dir='ltr'>etc„</span> <span class='ocrx_word' id='word_1_116' title='bbox 665 1095 714 1116; x_wconf 90' lang='lat' dir='ltr'>Gal.</span> <span class='ocrx_word' id='word_1_117' title='bbox 731 1093 766 1121; x_wconf 83' lang='lat' dir='ltr'>Vl,</span> <span class='ocrx_word' id='word_1_118' title='bbox 786 1093 814 1115; x_wconf 49' lang='grc' dir='ltr'>Ἰ15</span> <span class='ocrx_word' id='word_1_119' title='bbox 816 1107 1052 1115; x_wconf 88' lang='grc'><strong><em>.......</em></strong></span> <span class='ocrx_word' id='word_1_120' title='bbox 1086 1098 1096 1109; x_wconf 74' lang='lat' dir='ltr'>n</span> <span class='ocrx_word' id='word_1_121' title='bbox 1117 1090 1161 1112; x_wconf 73' lang='grc' dir='ltr'>Ι138</span> 
     </span>
     <span class='ocr_line' id='line_1_20' title="bbox 353 1138 1053 1173; baseline -0.011 -5"><span class='ocrx_word' id='word_1_122' title='bbox 353 1155 365 1167; x_wconf 71' lang='lat' dir='ltr'><strong>n</strong></span> <span class='ocrx_word' id='word_1_123' title='bbox 409 1146 433 1168; x_wconf 89' lang='lat' dir='ltr'>ll.</span> <span class='ocrx_word' id='word_1_124' title='bbox 450 1146 573 1173; x_wconf 84' lang='lat' dir='ltr'>Postquam</span> <span class='ocrx_word' id='word_1_125' title='bbox 592 1141 744 1166; x_wconf 83' lang='lat' dir='ltr'>consummati</span> <span class='ocrx_word' id='word_1_126' title='bbox 762 1143 816 1163; x_wconf 88' lang='lat' dir='ltr'>sunt</span> <span class='ocrx_word' id='word_1_127' title='bbox 832 1140 881 1162; x_wconf 87' lang='lat' dir='ltr'>dies</span> <span class='ocrx_word' id='word_1_128' title='bbox 898 1141 957 1166; x_wconf 81' lang='lat' dir='ltr'>octo,</span> <span class='ocrx_word' id='word_1_129' title='bbox 973 1141 998 1161; x_wconf 89' lang='lat' dir='ltr'>ut</span> <span class='ocrx_word' id='word_1_130' title='bbox 1010 1138 1053 1160; x_wconf 90' lang='lat' dir='ltr'>cir-</span> 
     </span>
     <span class='ocr_line' id='line_1_21' title="bbox 440 1185 1053 1215; baseline -0.013 -1"><span class='ocrx_word' id='word_1_131' title='bbox 440 1191 609 1214; x_wconf 81' lang='lat' dir='ltr'>cumcideretur</span> <span class='ocrx_word' id='word_1_132' title='bbox 631 1190 697 1215; x_wconf 80' lang='lat' dir='ltr'>Puer,</span> <span class='ocrx_word' id='word_1_133' title='bbox 714 1190 822 1212; x_wconf 76' lang='lat' dir='ltr'>vocatum</span> <span class='ocrx_word' id='word_1_134' title='bbox 840 1189 874 1208; x_wconf 91' lang='lat' dir='ltr'>est</span> <span class='ocrx_word' id='word_1_135' title='bbox 897 1191 981 1208; x_wconf 89' lang='lat' dir='ltr'>nomen</span> <span class='ocrx_word' id='word_1_136' title='bbox 1003 1185 1053 1207; x_wconf 87' lang='lat' dir='ltr'>eius</span> 
     </span>
     <span class='ocr_line' id='line_1_22' title="bbox 440 1231 1162 1267; baseline -0.012 -6"><span class='ocrx_word' id='word_1_137' title='bbox 440 1240 508 1267; x_wconf 80' lang='lat' dir='ltr'>lesus,</span> <span class='ocrx_word' id='word_1_138' title='bbox 525 1238 580 1260; x_wconf 91' lang='lat' dir='ltr'>Luc.</span> <span class='ocrx_word' id='word_1_139' title='bbox 598 1237 621 1265; x_wconf 93' lang='grc'>11,</span> <span class='ocrx_word' id='word_1_140' title='bbox 639 1237 663 1258; x_wconf 80' lang='grc'>21</span> <span class='ocrx_word' id='word_1_141' title='bbox 670 1240 1096 1257; x_wconf 71' lang='lat'>.............</span> <span class='ocrx_word' id='word_1_142' title='bbox 1121 1231 1162 1253; x_wconf 81' lang='grc'>139</span> 
     </span>
     <span class='ocr_line' id='line_1_23' title="bbox 353 1276 1162 1308; baseline -0.014 1"><span class='ocrx_word' id='word_1_143' title='bbox 353 1296 363 1308; x_wconf 74' lang='lat' dir='ltr'>u</span> <span class='ocrx_word' id='word_1_144' title='bbox 409 1286 439 1308; x_wconf 90' lang='lat' dir='ltr'>lll.</span> <span class='ocrx_word' id='word_1_145' title='bbox 458 1286 571 1308; x_wconf 81' lang='lat' dir='ltr'>Vocatum</span> <span class='ocrx_word' id='word_1_146' title='bbox 589 1286 622 1306; x_wconf 86' lang='lat' dir='ltr'>est</span> <span class='ocrx_word' id='word_1_147' title='bbox 643 1289 727 1305; x_wconf 90' lang='lat' dir='ltr'>nomen</span> <span class='ocrx_word' id='word_1_148' title='bbox 748 1282 798 1304; x_wconf 88' lang='lat' dir='ltr'>eius</span> <span class='ocrx_word' id='word_1_149' title='bbox 815 1282 884 1307; x_wconf 85' lang='lat' dir='ltr'>lesus,</span> <span class='ocrx_word' id='word_1_150' title='bbox 901 1280 955 1302; x_wconf 88' lang='lat' dir='ltr'>Luc.</span> <span class='ocrx_word' id='word_1_151' title='bbox 973 1279 996 1306; x_wconf 82' lang='lat' dir='ltr'>ll,</span> <span class='ocrx_word' id='word_1_152' title='bbox 1014 1279 1052 1301; x_wconf 85' lang='grc'>21.</span> <span class='ocrx_word' id='word_1_153' title='bbox 1086 1286 1095 1298; x_wconf 76' lang='lat' dir='ltr'>n</span> <span class='ocrx_word' id='word_1_154' title='bbox 1118 1276 1162 1299; x_wconf 77' lang='grc'>140</span> 
     </span>
     <span class='ocr_line' id='line_1_24' title="bbox 353 1325 1053 1360; baseline -0.01 -6"><span class='ocrx_word' id='word_1_155' title='bbox 353 1343 365 1354; x_wconf 64' lang='grc' dir='ltr'>ι)</span> <span class='ocrx_word' id='word_1_156' title='bbox 408 1333 445 1356; x_wconf 95' lang='lat' dir='ltr'>lV.</span> <span class='ocrx_word' id='word_1_157' title='bbox 463 1333 586 1360; x_wconf 85' lang='lat' dir='ltr'>Postquam</span> <span class='ocrx_word' id='word_1_158' title='bbox 605 1329 757 1353; x_wconf 87' lang='lat' dir='ltr'>consummati</span> <span class='ocrx_word' id='word_1_159' title='bbox 775 1330 827 1351; x_wconf 89' lang='lat' dir='ltr'>sunt</span> <span class='ocrx_word' id='word_1_160' title='bbox 844 1327 893 1350; x_wconf 86' lang='lat' dir='ltr'>dies</span> <span class='ocrx_word' id='word_1_161' title='bbox 905 1329 964 1353; x_wconf 84' lang='lat' dir='ltr'>octo,</span> <span class='ocrx_word' id='word_1_162' title='bbox 976 1328 1001 1348; x_wconf 88' lang='lat' dir='ltr'>ut</span> <span class='ocrx_word' id='word_1_163' title='bbox 1013 1325 1053 1348; x_wconf 90' lang='lat' dir='ltr'>cir-</span> 
     </span>
     <span class='ocr_line' id='line_1_25' title="bbox 440 1372 1053 1402; baseline -0.015 0"><span class='ocrx_word' id='word_1_164' title='bbox 440 1378 610 1402; x_wconf 86' lang='lat' dir='ltr'>cumcideretur</span> <span class='ocrx_word' id='word_1_165' title='bbox 628 1377 692 1402; x_wconf 84' lang='lat' dir='ltr'>Puer,</span> <span class='ocrx_word' id='word_1_166' title='bbox 712 1377 820 1397; x_wconf 72' lang='lat' dir='ltr'>vocatum</span> <span class='ocrx_word' id='word_1_167' title='bbox 841 1376 875 1396; x_wconf 84' lang='lat' dir='ltr'>est</span> <span class='ocrx_word' id='word_1_168' title='bbox 897 1379 981 1395; x_wconf 88' lang='lat' dir='ltr'>nomen</span> <span class='ocrx_word' id='word_1_169' title='bbox 1003 1372 1053 1394; x_wconf 90' lang='lat' dir='ltr'>eius</span> 
     </span>
    </p>
   </div>
   <div class='ocr_carea' id='block_1_8' title="bbox 355 1417 1162 1547">
    <p class='ocr_par' dir='ltr' id='par_1_8' title="bbox 355 1417 1162 1547">
     <span class='ocr_line' id='line_1_26' title="bbox 442 1417 1162 1452; baseline -0.011 -4"><span class='ocrx_word' id='word_1_170' title='bbox 442 1427 510 1452; x_wconf 79' lang='lat' dir='ltr'>lesus,</span> <span class='ocrx_word' id='word_1_171' title='bbox 528 1426 581 1447; x_wconf 85' lang='lat' dir='ltr'>Luc.</span> <span class='ocrx_word' id='word_1_172' title='bbox 600 1425 623 1451; x_wconf 91' lang='grc'>11,</span> <span class='ocrx_word' id='word_1_173' title='bbox 641 1424 666 1445; x_wconf 84' lang='grc'>21</span> <span class='ocrx_word' id='word_1_174' title='bbox 673 1436 1052 1445; x_wconf 89' lang='grc'>...........</span> <span class='ocrx_word' id='word_1_175' title='bbox 1084 1427 1095 1438; x_wconf 75' lang='lat' dir='ltr'>n</span> <span class='ocrx_word' id='word_1_176' title='bbox 1132 1417 1162 1440; x_wconf 90' lang='lat' dir='ltr'>ib.</span> 
     </span>
     <span class='ocr_line' id='line_1_27' title="bbox 355 1466 1054 1501; baseline -0.011 -5"><span class='ocrx_word' id='word_1_177' title='bbox 355 1483 366 1495; x_wconf 68' lang='grc' dir='ltr'><strong>υ</strong></span> <span class='ocrx_word' id='word_1_178' title='bbox 410 1474 438 1496; x_wconf 83' lang='lat' dir='ltr'>V.</span> <span class='ocrx_word' id='word_1_179' title='bbox 455 1472 567 1501; x_wconf 76' lang='lat' dir='ltr'>Apparuit</span> <span class='ocrx_word' id='word_1_180' title='bbox 584 1471 655 1499; x_wconf 78' lang='lat' dir='ltr'>gratia</span> <span class='ocrx_word' id='word_1_181' title='bbox 668 1470 708 1492; x_wconf 82' lang='lat' dir='ltr'>Dei</span> <span class='ocrx_word' id='word_1_182' title='bbox 720 1469 844 1492; x_wconf 73' lang='lat' dir='ltr'>Salvatoris</span> <span class='ocrx_word' id='word_1_183' title='bbox 857 1468 926 1490; x_wconf 88' lang='lat' dir='ltr'>nostri</span> <span class='ocrx_word' id='word_1_184' title='bbox 944 1466 1054 1489; x_wconf 87' lang='lat' dir='ltr'>omnibus</span> 
     </span>
     <span class='ocr_line' id='line_1_28' title="bbox 441 1511 1158 1547; baseline -0.011 -5"><span class='ocrx_word' id='word_1_185' title='bbox 441 1518 581 1547; x_wconf 76' lang='lat' dir='ltr'>hominibus,</span> <span class='ocrx_word' id='word_1_186' title='bbox 598 1518 643 1540; x_wconf 86' lang='lat' dir='ltr'>Tit.</span> <span class='ocrx_word' id='word_1_187' title='bbox 660 1518 683 1544; x_wconf 91' lang='grc'>11,</span> <span class='ocrx_word' id='word_1_188' title='bbox 705 1518 724 1539; x_wconf 95' lang='grc'>11</span> <span class='ocrx_word' id='word_1_189' title='bbox 732 1530 1053 1538; x_wconf 72' lang='grc'>.........</span> <span class='ocrx_word' id='word_1_190' title='bbox 1086 1521 1097 1533; x_wconf 84' lang='lat'>»</span> <span class='ocrx_word' id='word_1_191' title='bbox 1122 1511 1158 1534; x_wconf 78' lang='grc'>141</span> 
     </span>
    </p>
   </div>
   <div class='ocr_carea' id='block_1_9' title="bbox 355 1561 1165 1968">
    <p class='ocr_par' dir='ltr' id='par_1_9' title="bbox 355 1561 1165 1968">
     <span class='ocr_line' id='line_1_29' title="bbox 356 1561 1053 1591; baseline -0.011 -1"><span class='ocrx_word' id='word_1_192' title='bbox 356 1577 366 1588; x_wconf 76' lang='lat' dir='ltr'>n</span> <span class='ocrx_word' id='word_1_193' title='bbox 411 1568 447 1589; x_wconf 75' lang='lat' dir='ltr'>Vl.</span> <span class='ocrx_word' id='word_1_194' title='bbox 466 1567 511 1589; x_wconf 86' lang='lat' dir='ltr'>Nos</span> <span class='ocrx_word' id='word_1_195' title='bbox 528 1572 609 1588; x_wconf 86' lang='lat' dir='ltr'>sumus</span> <span class='ocrx_word' id='word_1_196' title='bbox 626 1564 778 1591; x_wconf 79' lang='lat' dir='ltr'>circumcisio,</span> <span class='ocrx_word' id='word_1_197' title='bbox 790 1563 829 1591; x_wconf 86' lang='lat' dir='ltr'>qui</span> <span class='ocrx_word' id='word_1_198' title='bbox 842 1562 923 1590; x_wconf 86' lang='lat' dir='ltr'>spiritu</span> <span class='ocrx_word' id='word_1_199' title='bbox 940 1561 1053 1583; x_wconf 82' lang='lat' dir='ltr'>servimus</span> 
     </span>
     <span class='ocr_line' id='line_1_30' title="bbox 442 1605 1163 1640; baseline -0.011 -5"><span class='ocrx_word' id='word_1_200' title='bbox 442 1614 488 1635; x_wconf 86' lang='lat' dir='ltr'>Deo</span> <span class='ocrx_word' id='word_1_201' title='bbox 506 1616 527 1635; x_wconf 87' lang='lat' dir='ltr'>et</span> <span class='ocrx_word' id='word_1_202' title='bbox 544 1612 670 1640; x_wconf 72' lang='lat' dir='ltr'>gloriamur</span> <span class='ocrx_word' id='word_1_203' title='bbox 682 1611 705 1633; x_wconf 86' lang='lat' dir='ltr'>in</span> <span class='ocrx_word' id='word_1_204' title='bbox 719 1610 808 1633; x_wconf 88' lang='lat' dir='ltr'>Christo</span> <span class='ocrx_word' id='word_1_205' title='bbox 826 1610 883 1636; x_wconf 85' lang='lat' dir='ltr'>lesu,</span> <span class='ocrx_word' id='word_1_206' title='bbox 896 1608 975 1636; x_wconf 79' lang='lat' dir='ltr'>Philip.</span> <span class='ocrx_word' id='word_1_207' title='bbox 988 1608 1019 1634; x_wconf 91' lang='lat' dir='ltr'>lll,</span> <span class='ocrx_word' id='word_1_208' title='bbox 1032 1607 1054 1629; x_wconf 86' lang='lat'>3.</span> <span class='ocrx_word' id='word_1_209' title='bbox 1086 1614 1096 1627; x_wconf 71' lang='lat' dir='ltr'>n</span> <span class='ocrx_word' id='word_1_210' title='bbox 1119 1605 1163 1628; x_wconf 78' lang='grc'>142</span> 
     </span>
     <span class='ocr_line' id='line_1_31' title="bbox 355 1655 1053 1689; baseline -0.011 -6"><span class='ocrx_word' id='word_1_211' title='bbox 355 1671 366 1682; x_wconf 72' lang='lat' dir='ltr'>n</span> <span class='ocrx_word' id='word_1_212' title='bbox 410 1661 455 1683; x_wconf 85' lang='lat' dir='ltr'>Vll.</span> <span class='ocrx_word' id='word_1_213' title='bbox 478 1660 558 1689; x_wconf 77' lang='lat' dir='ltr'>Aquila</span> <span class='ocrx_word' id='word_1_214' title='bbox 584 1658 677 1687; x_wconf 77' lang='lat' dir='ltr'>grandis</span> <span class='ocrx_word' id='word_1_215' title='bbox 703 1662 840 1685; x_wconf 81' lang='lat' dir='ltr'>magnarum</span> <span class='ocrx_word' id='word_1_216' title='bbox 864 1656 960 1682; x_wconf 83' lang='lat' dir='ltr'>alarum,</span> <span class='ocrx_word' id='word_1_217' title='bbox 983 1655 1053 1682; x_wconf 80' lang='lat' dir='ltr'>longo</span> 
     </span>
     <span class='ocr_line' id='line_1_32' title="bbox 443 1702 1053 1733; baseline -0.011 -3"><span class='ocrx_word' id='word_1_218' title='bbox 443 1707 601 1730; x_wconf 87' lang='lat' dir='ltr'>membrorum</span> <span class='ocrx_word' id='word_1_219' title='bbox 620 1706 699 1732; x_wconf 85' lang='lat' dir='ltr'>ductu,</span> <span class='ocrx_word' id='word_1_220' title='bbox 716 1705 784 1733; x_wconf 86' lang='lat' dir='ltr'>plena</span> <span class='ocrx_word' id='word_1_221' title='bbox 802 1703 887 1732; x_wconf 83' lang='lat' dir='ltr'>plumis</span> <span class='ocrx_word' id='word_1_222' title='bbox 905 1705 927 1724; x_wconf 84' lang='lat' dir='ltr'>et</span> <span class='ocrx_word' id='word_1_223' title='bbox 936 1702 1053 1728; x_wconf 80' lang='lat' dir='ltr'>varietate,</span> 
     </span>
     <span class='ocr_line' id='line_1_33' title="bbox 442 1749 1054 1777; baseline -0.011 0"><span class='ocrx_word' id='word_1_224' title='bbox 442 1755 504 1777; x_wconf 80' lang='lat' dir='ltr'>venit</span> <span class='ocrx_word' id='word_1_225' title='bbox 521 1755 548 1777; x_wconf 84' lang='lat' dir='ltr'>ad</span> <span class='ocrx_word' id='word_1_226' title='bbox 573 1753 684 1776; x_wconf 79' lang='lat' dir='ltr'>Libanum</span> <span class='ocrx_word' id='word_1_227' title='bbox 712 1754 733 1774; x_wconf 91' lang='lat' dir='ltr'>et</span> <span class='ocrx_word' id='word_1_228' title='bbox 759 1751 808 1774; x_wconf 88' lang='lat' dir='ltr'>tulit</span> <span class='ocrx_word' id='word_1_229' title='bbox 833 1750 956 1773; x_wconf 81' lang='lat' dir='ltr'>medullam</span> <span class='ocrx_word' id='word_1_230' title='bbox 983 1749 1054 1771; x_wconf 83' lang='lat' dir='ltr'>cedri.</span> 
     </span>
     <span class='ocr_line' id='line_1_34' title="bbox 443 1797 1052 1824; baseline -0.01 0"><span class='ocrx_word' id='word_1_231' title='bbox 443 1802 603 1824; x_wconf 68' lang='lat' dir='ltr'>summitatem</span> <span class='ocrx_word' id='word_1_232' title='bbox 632 1799 748 1822; x_wconf 80' lang='lat' dir='ltr'>frondium</span> <span class='ocrx_word' id='word_1_233' title='bbox 778 1798 827 1820; x_wconf 86' lang='lat' dir='ltr'>eius</span> <span class='ocrx_word' id='word_1_234' title='bbox 855 1797 945 1824; x_wconf 80' lang='lat' dir='ltr'>avulsit,</span> <span class='ocrx_word' id='word_1_235' title='bbox 972 1797 1052 1819; x_wconf 78' lang='lat' dir='ltr'>Ezecli.</span> 
     </span>
     <span class='ocr_line' id='line_1_35' title="bbox 442 1841 1165 1876; baseline -0.01 -5"><span class='ocrx_word' id='word_1_236' title='bbox 442 1849 510 1876; x_wconf 79' lang='lat' dir='ltr'>XVll,</span> <span class='ocrx_word' id='word_1_237' title='bbox 529 1848 550 1870; x_wconf 85' lang='lat'>3.</span> <span class='ocrx_word' id='word_1_238' title='bbox 568 1853 608 1875; x_wconf 84' lang='lat' dir='ltr'>seq</span> <span class='ocrx_word' id='word_1_239' title='bbox 612 1859 1050 1868; x_wconf 87' lang='grc'>............</span> <span class='ocrx_word' id='word_1_240' title='bbox 1085 1851 1095 1862; x_wconf 80' lang='lat'>1›</span> <span class='ocrx_word' id='word_1_241' title='bbox 1133 1841 1165 1864; x_wconf 89' lang='lat' dir='ltr'>ib.</span> 
     </span>
     <span class='ocr_line' id='line_1_36' title="bbox 357 1891 1055 1924; baseline -0.01 -5"><span class='ocrx_word' id='word_1_242' title='bbox 357 1906 367 1918; x_wconf 71' lang='lat' dir='ltr'>n</span> <span class='ocrx_word' id='word_1_243' title='bbox 412 1896 465 1918; x_wconf 93' lang='lat' dir='ltr'>Vlll.</span> <span class='ocrx_word' id='word_1_244' title='bbox 482 1896 606 1924; x_wconf 85' lang='lat' dir='ltr'>Postquam</span> <span class='ocrx_word' id='word_1_245' title='bbox 625 1892 778 1920; x_wconf 84' lang='lat' dir='ltr'>consummati</span> <span class='ocrx_word' id='word_1_246' title='bbox 800 1894 854 1914; x_wconf 90' lang='lat' dir='ltr'>sunt</span> <span class='ocrx_word' id='word_1_247' title='bbox 878 1891 928 1913; x_wconf 82' lang='lat' dir='ltr'>dies</span> <span class='ocrx_word' id='word_1_248' title='bbox 950 1893 1009 1917; x_wconf 81' lang='lat' dir='ltr'>octo,</span> <span class='ocrx_word' id='word_1_249' title='bbox 1031 1893 1055 1912; x_wconf 88' lang='lat' dir='ltr'>ut</span> 
     </span>
     <span class='ocr_line' id='line_1_37' title="bbox 443 1937 1055 1968; baseline -0.008 -4"><span class='ocrx_word' id='word_1_250' title='bbox 443 1941 647 1965; x_wconf 71' lang='lat' dir='ltr'>circumcideretur</span> <span class='ocrx_word' id='word_1_251' title='bbox 660 1941 724 1968; x_wconf 80' lang='lat' dir='ltr'>Puer,</span> <span class='ocrx_word' id='word_1_252' title='bbox 738 1942 845 1961; x_wconf 84' lang='lat' dir='ltr'>vocatum</span> <span class='ocrx_word' id='word_1_253' title='bbox 864 1940 898 1960; x_wconf 86' lang='lat' dir='ltr'>est</span> <span class='ocrx_word' id='word_1_254' title='bbox 909 1943 993 1960; x_wconf 88' lang='lat' dir='ltr'>nomen</span> <span class='ocrx_word' id='word_1_255' title='bbox 1006 1937 1055 1960; x_wconf 87' lang='lat' dir='ltr'>eius</span> 
     </span>
    </p>
   </div>
   <div class='ocr_carea' id='block_1_10' title="bbox 357 1983 1165 2199">
    <p class='ocr_par' dir='ltr' id='par_1_10' title="bbox 357 1983 1163 2065">
     <span class='ocr_line' id='line_1_38' title="bbox 444 1983 1163 2016; baseline -0.01 -4"><span class='ocrx_word' id='word_1_256' title='bbox 444 1991 514 2016; x_wconf 80' lang='lat' dir='ltr'>lesus,</span> <span class='ocrx_word' id='word_1_257' title='bbox 538 1990 593 2011; x_wconf 87' lang='lat' dir='ltr'>Luc.</span> <span class='ocrx_word' id='word_1_258' title='bbox 612 1989 635 2015; x_wconf 82' lang='lat' dir='ltr'>ll,</span> <span class='ocrx_word' id='word_1_259' title='bbox 653 1989 676 2010; x_wconf 78' lang='grc'>21</span> <span class='ocrx_word' id='word_1_260' title='bbox 685 2002 1054 2009; x_wconf 86' lang='lat'>..........</span> <span class='ocrx_word' id='word_1_261' title='bbox 1087 1993 1098 2004; x_wconf 68' lang='grc' dir='ltr'>υ</span> <span class='ocrx_word' id='word_1_262' title='bbox 1123 1983 1163 2006; x_wconf 78' lang='grc'>143</span> 
     </span>
     <span class='ocr_line' id='line_1_39' title="bbox 357 2033 1054 2065; baseline -0.01 -5"><span class='ocrx_word' id='word_1_263' title='bbox 357 2046 368 2057; x_wconf 68' lang='lat' dir='ltr'>n</span> <span class='ocrx_word' id='word_1_264' title='bbox 413 2037 451 2059; x_wconf 86' lang='lat' dir='ltr'>lX.</span> <span class='ocrx_word' id='word_1_265' title='bbox 474 2037 596 2065; x_wconf 81' lang='lat' dir='ltr'>Postquam</span> <span class='ocrx_word' id='word_1_266' title='bbox 620 2034 773 2058; x_wconf 87' lang='lat' dir='ltr'>consummati</span> <span class='ocrx_word' id='word_1_267' title='bbox 790 2036 843 2055; x_wconf 85' lang='lat' dir='ltr'>sunt</span> <span class='ocrx_word' id='word_1_268' title='bbox 859 2033 909 2055; x_wconf 87' lang='lat' dir='ltr'>dies</span> <span class='ocrx_word' id='word_1_269' title='bbox 930 2034 981 2055; x_wconf 87' lang='lat' dir='ltr'>octo</span> <span class='ocrx_word' id='word_1_270' title='bbox 1004 2034 1054 2059; x_wconf 70' lang='lat' dir='ltr'>etc¹¹</span> 
     </span>
    </p>

    <p class='ocr_par' dir='ltr' id='par_1_11' title="bbox 358 2077 1165 2158">
     <span class='ocr_line' id='line_1_40' title="bbox 444 2077 1165 2110; baseline -0.008 -4"><span class='ocrx_word' id='word_1_271' title='bbox 444 2084 497 2106; x_wconf 87' lang='lat' dir='ltr'>Luc.</span> <span class='ocrx_word' id='word_1_272' title='bbox 515 2083 539 2110; x_wconf 87' lang='lat' dir='ltr'>ll,</span> <span class='ocrx_word' id='word_1_273' title='bbox 557 2083 581 2104; x_wconf 88' lang='grc'>21</span> <span class='ocrx_word' id='word_1_274' title='bbox 589 2096 1054 2104; x_wconf 85' lang='grc'><em>.............</em></span> <span class='ocrx_word' id='word_1_275' title='bbox 1087 2087 1098 2098; x_wconf 73' lang='lat' dir='ltr'><strong><em>n</em></strong></span> <span class='ocrx_word' id='word_1_276' title='bbox 1133 2077 1165 2100; x_wconf 84' lang='lat' dir='ltr'>ib.</span> 
     </span>
     <span class='ocr_line' id='line_1_41' title="bbox 358 2126 1056 2158; baseline -0.006 -6"><span class='ocrx_word' id='word_1_277' title='bbox 358 2138 369 2149; x_wconf 74' lang='lat' dir='ltr'>n</span> <span class='ocrx_word' id='word_1_278' title='bbox 412 2130 441 2152; x_wconf 83' lang='lat' dir='ltr'>X.</span> <span class='ocrx_word' id='word_1_279' title='bbox 459 2130 583 2158; x_wconf 84' lang='lat' dir='ltr'>Postquam</span> <span class='ocrx_word' id='word_1_280' title='bbox 596 2128 750 2151; x_wconf 79' lang='lat' dir='ltr'>consummati</span> <span class='ocrx_word' id='word_1_281' title='bbox 762 2130 814 2150; x_wconf 90' lang='lat' dir='ltr'>sunt</span> <span class='ocrx_word' id='word_1_282' title='bbox 829 2127 878 2149; x_wconf 87' lang='lat' dir='ltr'>dies</span> <span class='ocrx_word' id='word_1_283' title='bbox 895 2129 948 2155; x_wconf 80' lang='lat' dir='ltr'>ete.⁷</span> <span class='ocrx_word' id='word_1_284' title='bbox 965 2126 1056 2153; x_wconf 77' lang='lat' dir='ltr'>Luc.1l,</span> 
     </span>
    </p>

    <p class='ocr_par' dir='ltr' id='par_1_12' title="bbox 444 2171 1164 2199">
     <span class='ocr_line' id='line_1_42' title="bbox 444 2171 1164 2199; baseline -0.006 -1"><span class='ocrx_word' id='word_1_285' title='bbox 444 2177 469 2199; x_wconf 75' lang='grc'>21</span> <span class='ocrx_word' id='word_1_286' title='bbox 476 2190 1054 2198; x_wconf 83' lang='grc'><strong><em>................</em></strong></span> <span class='ocrx_word' id='word_1_287' title='bbox 1087 2181 1098 2192; x_wconf 63' lang='lat'>³³</span> <span class='ocrx_word' id='word_1_288' title='bbox 1134 2171 1164 2194; x_wconf 72' lang='lat' dir='ltr'>ib.</span> 
     </span>
    </p>
   </div>
   <div class='ocr_carea' id='block_1_11' title="bbox 596 2245 888 2268">
    <p class='ocr_par' dir='ltr' id='par_1_13' title="bbox 596 2245 888 2268">
     <span class='ocr_line' id='line_1_43' title="bbox 596 2245 888 2268; baseline -0.007 0"><span class='ocrx_word' id='word_1_289' title='bbox 596 2246 697 2268; x_wconf 76' lang='lat' dir='ltr'>VlGlLlA</span> <span class='ocrx_word' id='word_1_290' title='bbox 716 2245 888 2267; x_wconf 76' lang='lat' dir='ltr'>EPlPHANlAE.</span> 
     </span>
    </p>
   </div>
   <div class='ocr_carea' id='block_1_12' title="bbox 319 2315 1130 2484">
    <p class='ocr_par' dir='ltr' id='par_1_14' title="bbox 319 2315 1057 2390">
     <span class='ocr_line' id='line_1_44' title="bbox 319 2315 1056 2344; baseline -0.007 -3"><span class='ocrx_word' id='word_1_291' title='bbox 319 2318 393 2341; x_wconf 62' lang='lat' dir='ltr'>Sanno</span> <span class='ocrx_word' id='word_1_292' title='bbox 411 2319 425 2340; x_wconf 91' lang='lat' dir='ltr'>l.</span> <span class='ocrx_word' id='word_1_293' title='bbox 443 2318 554 2340; x_wconf 74' lang='lat' dir='ltr'>Defuncto</span> <span class='ocrx_word' id='word_1_294' title='bbox 571 2317 669 2344; x_wconf 83' lang='lat' dir='ltr'>Herode,</span> <span class='ocrx_word' id='word_1_295' title='bbox 687 2323 747 2344; x_wconf 83' lang='lat' dir='ltr'>ecce,</span> <span class='ocrx_word' id='word_1_296' title='bbox 765 2315 866 2344; x_wconf 76' lang='lat' dir='ltr'>Angelus</span> <span class='ocrx_word' id='word_1_297' title='bbox 878 2315 969 2337; x_wconf 88' lang='lat' dir='ltr'>Domini</span> <span class='ocrx_word' id='word_1_298' title='bbox 985 2320 1056 2343; x_wconf 86' lang='lat' dir='ltr'>appa-</span> 
     </span>
     <span class='ocr_line' id='line_1_45' title="bbox 444 2361 1057 2390; baseline -0.005 -4"><span class='ocrx_word' id='word_1_299' title='bbox 444 2364 489 2386; x_wconf 90' lang='lat' dir='ltr'>ruit</span> <span class='ocrx_word' id='word_1_300' title='bbox 506 2364 530 2385; x_wconf 91' lang='lat' dir='ltr'>in</span> <span class='ocrx_word' id='word_1_301' title='bbox 546 2363 634 2385; x_wconf 86' lang='lat' dir='ltr'>somnis</span> <span class='ocrx_word' id='word_1_302' title='bbox 651 2364 731 2390; x_wconf 85' lang='lat' dir='ltr'>loseph</span> <span class='ocrx_word' id='word_1_303' title='bbox 750 2362 772 2384; x_wconf 87' lang='lat' dir='ltr'>in</span> <span class='ocrx_word' id='word_1_304' title='bbox 790 2362 895 2390; x_wconf 76' lang='lat' dir='ltr'>Aegypto</span> <span class='ocrx_word' id='word_1_305' title='bbox 912 2364 963 2388; x_wconf 62' lang='lat' dir='ltr'>ete,</span> <span class='ocrx_word' id='word_1_306' title='bbox 981 2361 1057 2383; x_wconf 81' lang='lat' dir='ltr'>Matth.</span> 
     </span>
    </p>

    <p class='ocr_par' dir='ltr' id='par_1_15' title="bbox 359 2408 1130 2484">
     <span class='ocr_line' id='line_1_46' title="bbox 447 2408 1130 2437; baseline -0.006 -5"><span class='ocrx_word' id='word_1_307' title='bbox 447 2411 470 2437; x_wconf 83' lang='lat' dir='ltr'>n,</span> <span class='ocrx_word' id='word_1_308' title='bbox 492 2411 559 2432; x_wconf 71' lang='lat'>19-23</span> <span class='ocrx_word' id='word_1_309' title='bbox 563 2416 1096 2431; x_wconf 83' lang='lat'><strong>...............</strong></span> <span class='ocrx_word' id='word_1_310' title='bbox 1096 2415 1101 2426; x_wconf 80' lang='lat'>›</span> <span class='ocrx_word' id='word_1_311' title='bbox 1126 2408 1130 2428; x_wconf 92' lang='lat' dir='ltr'>l</span> 
     </span>
     <span class='ocr_line' id='line_1_47' title="bbox 359 2454 1058 2484; baseline -0.004 -6"><span class='ocrx_word' id='word_1_312' title='bbox 359 2465 368 2477; x_wconf 70' lang='lat' dir='ltr'>i:</span> <span class='ocrx_word' id='word_1_313' title='bbox 414 2457 437 2478; x_wconf 94' lang='lat' dir='ltr'>ll.</span> <span class='ocrx_word' id='word_1_314' title='bbox 455 2457 529 2484; x_wconf 80' lang='lat' dir='ltr'>Surge</span> <span class='ocrx_word' id='word_1_315' title='bbox 546 2458 569 2478; x_wconf 86' lang='lat' dir='ltr'>et</span> <span class='ocrx_word' id='word_1_316' title='bbox 585 2456 664 2483; x_wconf 80' lang='lat' dir='ltr'>accipe</span> <span class='ocrx_word' id='word_1_317' title='bbox 688 2456 785 2477; x_wconf 77' lang='lat' dir='ltr'>Puerum</span> <span class='ocrx_word' id='word_1_318' title='bbox 804 2457 825 2477; x_wconf 85' lang='lat' dir='ltr'>et</span> <span class='ocrx_word' id='word_1_319' title='bbox 848 2455 941 2477; x_wconf 81' lang='lat' dir='ltr'>Matrem</span> <span class='ocrx_word' id='word_1_320' title='bbox 964 2454 1014 2476; x_wconf 89' lang='lat' dir='ltr'>eius</span> <span class='ocrx_word' id='word_1_321' title='bbox 1036 2456 1058 2476; x_wconf 89' lang='lat' dir='ltr'>et</span> 
     </span>
    </p>
   </div>
   <div class='ocr_carea' id='block_1_13' title="bbox 1141 2406 1166 2428">
    <p class='ocr_par' dir='ltr' id='par_1_16' title="bbox 1141 2406 1166 2428">
     <span class='ocr_line' id='line_1_48' title="bbox 1141 2406 1166 2428; textangle 90"><span class='ocrx_word' id='word_1_322' title='bbox 1141 2406 1166 2428; x_wconf 63' lang='grc' dir='ltr'>Ξῖ</span> 
     </span>
    </p>
   </div>
   <div class='ocr_carea' id='block_1_14' title="bbox 361 2499 1168 2622">
    <p class='ocr_par' dir='ltr' id='par_1_17' title="bbox 361 2499 1168 2622">
     <span class='ocr_line' id='line_1_49' title="bbox 447 2499 1167 2530; baseline -0.004 -5"><span class='ocrx_word' id='word_1_323' title='bbox 447 2503 507 2525; x_wconf 88' lang='lat' dir='ltr'>vade</span> <span class='ocrx_word' id='word_1_324' title='bbox 524 2503 545 2524; x_wconf 94' lang='lat' dir='ltr'>in</span> <span class='ocrx_word' id='word_1_325' title='bbox 564 2506 647 2525; x_wconf 87' lang='lat' dir='ltr'>terram</span> <span class='ocrx_word' id='word_1_326' title='bbox 666 2502 739 2530; x_wconf 77' lang='lat' dir='ltr'>lsrael,</span> <span class='ocrx_word' id='word_1_327' title='bbox 766 2502 841 2524; x_wconf 82' lang='lat' dir='ltr'>Matth.</span> <span class='ocrx_word' id='word_1_328' title='bbox 861 2502 884 2528; x_wconf 89' lang='lat' dir='ltr'>ll,</span> <span class='ocrx_word' id='word_1_329' title='bbox 902 2502 938 2523; x_wconf 84' lang='grc'>20,</span> <span class='ocrx_word' id='word_1_330' title='bbox 973 2518 978 2523; x_wconf 88' lang='grc'><strong>.</strong></span> <span class='ocrx_word' id='word_1_331' title='bbox 1012 2518 1018 2523; x_wconf 88' lang='grc'>,</span> <span class='ocrx_word' id='word_1_332' title='bbox 1052 2517 1056 2522; x_wconf 95' lang='grc'><em>.</em></span> <span class='ocrx_word' id='word_1_333' title='bbox 1090 2509 1100 2520; x_wconf 73' lang='lat' dir='ltr'>n</span> <span class='ocrx_word' id='word_1_334' title='bbox 1137 2499 1167 2522; x_wconf 90' lang='lat' dir='ltr'>ib.</span> 
     </span>
     <span class='ocr_line' id='line_1_50' title="bbox 361 2548 1059 2577; baseline -0.001 -7"><span class='ocrx_word' id='word_1_335' title='bbox 361 2559 372 2570; x_wconf 68' lang='grc' dir='ltr'>ι)</span> <span class='ocrx_word' id='word_1_336' title='bbox 416 2550 447 2572; x_wconf 94' lang='lat' dir='ltr'>lll.</span> <span class='ocrx_word' id='word_1_337' title='bbox 465 2549 612 2577; x_wconf 77' lang='lat' dir='ltr'>Consurgens</span> <span class='ocrx_word' id='word_1_338' title='bbox 629 2550 718 2577; x_wconf 73' lang='lat' dir='ltr'>losephy</span> <span class='ocrx_word' id='word_1_339' title='bbox 736 2548 824 2576; x_wconf 80' lang='lat' dir='ltr'>accepit</span> <span class='ocrx_word' id='word_1_340' title='bbox 847 2548 946 2570; x_wconf 86' lang='lat' dir='ltr'>Puerum</span> <span class='ocrx_word' id='word_1_341' title='bbox 970 2551 992 2570; x_wconf 87' lang='lat' dir='ltr'>et</span> <span class='ocrx_word' id='word_1_342' title='bbox 1015 2548 1059 2570; x_wconf 84' lang='lat' dir='ltr'>Ma-</span> 
     </span>
     <span class='ocr_line' id='line_1_51' title="bbox 449 2593 1168 2622; baseline -0.006 -3"><span class='ocrx_word' id='word_1_343' title='bbox 449 2600 507 2619; x_wconf 86' lang='lat' dir='ltr'>trem</span> <span class='ocrx_word' id='word_1_344' title='bbox 517 2596 566 2618; x_wconf 89' lang='lat' dir='ltr'>eius</span> <span class='ocrx_word' id='word_1_345' title='bbox 576 2599 598 2618; x_wconf 89' lang='lat' dir='ltr'>et</span> <span class='ocrx_word' id='word_1_346' title='bbox 610 2596 703 2618; x_wconf 81' lang='lat' dir='ltr'>venitin</span> <span class='ocrx_word' id='word_1_347' title='bbox 715 2598 797 2617; x_wconf 85' lang='lat' dir='ltr'>terram</span> <span class='ocrx_word' id='word_1_348' title='bbox 810 2595 884 2622; x_wconf 84' lang='lat' dir='ltr'>lsrael,</span> <span class='ocrx_word' id='word_1_349' title='bbox 896 2595 972 2616; x_wconf 82' lang='lat' dir='ltr'>Matth.</span> <span class='ocrx_word' id='word_1_350' title='bbox 984 2594 1007 2620; x_wconf 86' lang='lat' dir='ltr'>ll,</span> <span class='ocrx_word' id='word_1_351' title='bbox 1018 2595 1055 2616; x_wconf 92' lang='grc'>21.</span> <span class='ocrx_word' id='word_1_352' title='bbox 1090 2602 1101 2613; x_wconf 73' lang='lat' dir='ltr'>n</span> <span class='ocrx_word' id='word_1_353' title='bbox 1137 2593 1168 2615; x_wconf 84' lang='lat' dir='ltr'>ib.</span> 
     </span>
    </p>
   </div>
   <div class='ocr_carea' id='block_1_15' title="bbox 666 2666 818 2688">
    <p class='ocr_par' dir='ltr' id='par_1_18' title="bbox 666 2666 818 2688">
     <span class='ocr_line' id='line_1_52' title="bbox 666 2666 818 2688; baseline 0 -1"><span class='ocrx_word' id='word_1_354' title='bbox 666 2666 818 2688; x_wconf 81' lang='grc' dir='ltr'>ΕΡΙΡΗΑΝΙΑ.</span> 
     </span>
    </p>
   </div>
   <div class='ocr_carea' id='block_1_16' title="bbox 321 2736 1169 2951">
    <p class='ocr_par' dir='ltr' id='par_1_19' title="bbox 321 2736 1060 2806">
     <span class='ocr_line' id='line_1_53' title="bbox 321 2736 1060 2766; baseline -0.004 -6"><span class='ocrx_word' id='word_1_355' title='bbox 321 2738 396 2760; x_wconf 67' lang='lat' dir='ltr'>Sanno</span> <span class='ocrx_word' id='word_1_356' title='bbox 415 2739 429 2760; x_wconf 85' lang='grc' dir='ltr'>Ι.</span> <span class='ocrx_word' id='word_1_357' title='bbox 446 2737 489 2760; x_wconf 92' lang='lat' dir='ltr'>Ubi</span> <span class='ocrx_word' id='word_1_358' title='bbox 507 2740 548 2766; x_wconf 85' lang='lat' dir='ltr'>est,</span> <span class='ocrx_word' id='word_1_359' title='bbox 565 2737 605 2766; x_wconf 86' lang='lat' dir='ltr'>qui</span> <span class='ocrx_word' id='word_1_360' title='bbox 622 2739 688 2759; x_wconf 89' lang='lat' dir='ltr'>natus</span> <span class='ocrx_word' id='word_1_361' title='bbox 705 2739 746 2763; x_wconf 82' lang='lat' dir='ltr'>est,</span> <span class='ocrx_word' id='word_1_362' title='bbox 771 2742 809 2758; x_wconf 89' lang='lat' dir='ltr'>rex</span> <span class='ocrx_word' id='word_1_363' title='bbox 828 2736 980 2758; x_wconf 75' lang='lat' dir='ltr'>ludaeorum?</span> <span class='ocrx_word' id='word_1_364' title='bbox 999 2736 1060 2758; x_wconf 85' lang='lat' dir='ltr'>Vidi-</span> 
     </span>
     <span class='ocr_line' id='line_1_54' title="bbox 450 2782 1060 2806; baseline -0.003 0"><span class='ocrx_word' id='word_1_365' title='bbox 450 2790 501 2806; x_wconf 87' lang='lat' dir='ltr'>mus</span> <span class='ocrx_word' id='word_1_366' title='bbox 519 2784 580 2806; x_wconf 81' lang='lat' dir='ltr'>enim</span> <span class='ocrx_word' id='word_1_367' title='bbox 597 2783 685 2805; x_wconf 86' lang='lat' dir='ltr'>stellam</span> <span class='ocrx_word' id='word_1_368' title='bbox 703 2783 752 2805; x_wconf 84' lang='lat' dir='ltr'>eius</span> <span class='ocrx_word' id='word_1_369' title='bbox 770 2783 792 2805; x_wconf 88' lang='lat' dir='ltr'>in</span> <span class='ocrx_word' id='word_1_370' title='bbox 810 2783 897 2805; x_wconf 84' lang='lat' dir='ltr'>oriente</span> <span class='ocrx_word' id='word_1_371' title='bbox 914 2785 936 2804; x_wconf 92' lang='lat' dir='ltr'>et</span> <span class='ocrx_word' id='word_1_372' title='bbox 952 2782 1060 2805; x_wconf 88' lang='lat' dir='ltr'>venimus</span> 
     </span>
    </p>

    <p class='ocr_par' dir='ltr' id='par_1_20' title="bbox 417 2828 1169 2905">
     <span class='ocr_line' id='line_1_55' title="bbox 447 2828 1169 2858; baseline -0.001 -5"><span class='ocrx_word' id='word_1_373' title='bbox 447 2831 544 2853; x_wconf 83' lang='lat' dir='ltr'>adorare</span> <span class='ocrx_word' id='word_1_374' title='bbox 561 2837 622 2858; x_wconf 79' lang='lat' dir='ltr'>eum,</span> <span class='ocrx_word' id='word_1_375' title='bbox 640 2831 716 2852; x_wconf 83' lang='lat' dir='ltr'>Malth.</span> <span class='ocrx_word' id='word_1_376' title='bbox 733 2830 757 2857; x_wconf 87' lang='lat' dir='ltr'>ll,</span> <span class='ocrx_word' id='word_1_377' title='bbox 776 2830 796 2852; x_wconf 88' lang='grc'>2.</span> <span class='ocrx_word' id='word_1_378' title='bbox 821 2847 826 2852; x_wconf 91' lang='grc'><em>.</em></span> <span class='ocrx_word' id='word_1_379' title='bbox 858 2847 862 2852; x_wconf 95' lang='grc'><em>.</em></span> <span class='ocrx_word' id='word_1_380' title='bbox 897 2846 902 2851; x_wconf 96' lang='grc'><em>.</em></span> <span class='ocrx_word' id='word_1_381' title='bbox 936 2846 941 2851; x_wconf 89' lang='grc'><strong>.</strong></span> <span class='ocrx_word' id='word_1_382' title='bbox 975 2847 980 2851; x_wconf 95' lang='grc'>.</span> <span class='ocrx_word' id='word_1_383' title='bbox 1014 2845 1021 2852; x_wconf 90' lang='grc'><strong>.</strong></span> <span class='ocrx_word' id='word_1_384' title='bbox 1054 2846 1059 2851; x_wconf 83' lang='grc'><em>.</em></span> <span class='ocrx_word' id='word_1_385' title='bbox 1092 2838 1102 2850; x_wconf 84' lang='grc'>»</span> <span class='ocrx_word' id='word_1_386' title='bbox 1125 2828 1169 2852; x_wconf 82' lang='grc'>145</span> 
     </span>
     <span class='ocr_line' id='line_1_56' title="bbox 417 2876 1060 2905; baseline -0.005 -4"><span class='ocrx_word' id='word_1_387' title='bbox 417 2878 551 2901; x_wconf 68' lang='grc' dir='ltr'><em>ΡνοίΙιΜια.</em></span> <span class='ocrx_word' id='word_1_388' title='bbox 571 2877 685 2905; x_wconf 80' lang='lat' dir='ltr'>Sapientia</span> <span class='ocrx_word' id='word_1_389' title='bbox 704 2876 742 2899; x_wconf 89' lang='lat' dir='ltr'>ubi</span> <span class='ocrx_word' id='word_1_390' title='bbox 765 2876 888 2903; x_wconf 83' lang='lat' dir='ltr'>invenitur,</span> <span class='ocrx_word' id='word_1_391' title='bbox 908 2879 931 2898; x_wconf 92' lang='lat' dir='ltr'>et</span> <span class='ocrx_word' id='word_1_392' title='bbox 952 2876 1004 2905; x_wconf 87' lang='lat' dir='ltr'>quis</span> <span class='ocrx_word' id='word_1_393' title='bbox 1026 2879 1060 2899; x_wconf 90' lang='lat' dir='ltr'>est</span> 
     </span>
    </p>

    <p class='ocr_par' dir='ltr' id='par_1_21' title="bbox 448 2922 1169 2951">
     <span class='ocr_line' id='line_1_57' title="bbox 448 2922 1169 2951; baseline -0.001 -5"><span class='ocrx_word' id='word_1_394' title='bbox 448 2925 511 2947; x_wconf 88' lang='lat' dir='ltr'>locus</span> <span class='ocrx_word' id='word_1_395' title='bbox 528 2924 705 2951; x_wconf 74' lang='lat' dir='ltr'>intelligentiae?</span> <span class='ocrx_word' id='word_1_396' title='bbox 723 2923 762 2946; x_wconf 87' lang='lat' dir='ltr'>lob</span> <span class='ocrx_word' id='word_1_397' title='bbox 780 2923 885 2950; x_wconf 72' lang='lat' dir='ltr'>xxvia,</span> <span class='ocrx_word' id='word_1_398' title='bbox 907 2924 940 2945; x_wconf 82' lang='grc'>12.</span> <span class='ocrx_word' id='word_1_399' title='bbox 974 2941 978 2945; x_wconf 83' lang='grc'><em>.</em></span> <span class='ocrx_word' id='word_1_400' title='bbox 1014 2939 1020 2945; x_wconf 87' lang='grc'>,</span> <span class='ocrx_word' id='word_1_401' title='bbox 1053 2940 1057 2944; x_wconf 95' lang='grc'><em>.</em></span> <span class='ocrx_word' id='word_1_402' title='bbox 1092 2931 1102 2943; x_wconf 62' lang='grc' dir='ltr'>ι»</span> <span class='ocrx_word' id='word_1_403' title='bbox 1139 2922 1169 2945; x_wconf 89' lang='lat' dir='ltr'>ib.</span> 
     </span>
    </p>
   </div>
   <div class='ocr_carea' id='block_1_17' title="bbox 1190 844 1202 2937">
    <p class='ocr_par' dir='ltr' id='par_1_22' title="bbox 1190 844 1202 2937">
     <span class='ocr_line' id='line_1_58' title="bbox 1190 844 1202 2937; baseline 0 0"><span class='ocrx_word' id='word_1_404' title='bbox 1190 844 1202 2937; x_wconf 95' lang='lat' dir='ltr'> </span> 
     </span>
    </p>
   </div>
   <div class='ocr_carea' id='block_1_18' title="bbox 1308 233 1951 272">
    <p class='ocr_par' dir='ltr' id='par_1_23' title="bbox 1308 233 1951 272">
     <span class='ocr_line' id='line_1_59' title="bbox 1308 233 1951 272; baseline -0.006 -4"><span class='ocrx_word' id='word_1_405' title='bbox 1308 243 1415 268; x_wconf 75' lang='lat' dir='ltr'>Collatia.</span> <span class='ocrx_word' id='word_1_406' title='bbox 1428 233 1471 266; x_wconf 80' lang='lat' dir='ltr'>Ubi</span> <span class='ocrx_word' id='word_1_407' title='bbox 1481 245 1522 270; x_wconf 85' lang='lat' dir='ltr'>est,</span> <span class='ocrx_word' id='word_1_408' title='bbox 1531 243 1572 272; x_wconf 86' lang='lat' dir='ltr'>qui</span> <span class='ocrx_word' id='word_1_409' title='bbox 1581 245 1647 265; x_wconf 84' lang='lat' dir='ltr'>natus</span> <span class='ocrx_word' id='word_1_410' title='bbox 1656 245 1698 269; x_wconf 89' lang='lat' dir='ltr'>est,</span> <span class='ocrx_word' id='word_1_411' title='bbox 1706 248 1744 264; x_wconf 89' lang='lat' dir='ltr'>rex</span> <span class='ocrx_word' id='word_1_412' title='bbox 1754 241 1891 264; x_wconf 84' lang='lat' dir='ltr'>ludaeorum</span> <span class='ocrx_word' id='word_1_413' title='bbox 1900 244 1951 270; x_wconf 63' lang='lat' dir='ltr'>etc„</span> 
     </span>
    </p>
   </div>
   <div class='ocr_carea' id='block_1_19' title="bbox 1340 288 2059 320">
    <p class='ocr_par' dir='ltr' id='par_1_24' title="bbox 1340 288 2059 320">
     <span class='ocr_line' id='line_1_60' title="bbox 1340 288 2059 320; baseline -0.004 -6"><span class='ocrx_word' id='word_1_414' title='bbox 1340 292 1416 314; x_wconf 83' lang='lat' dir='ltr'>Matth.</span> <span class='ocrx_word' id='word_1_415' title='bbox 1433 291 1457 320; x_wconf 92' lang='grc'>11,</span> <span class='ocrx_word' id='word_1_416' title='bbox 1472 291 1485 313; x_wconf 91' lang='grc'>2</span> <span class='ocrx_word' id='word_1_417' title='bbox 1490 305 1909 313; x_wconf 83' lang='grc'><strong><em>............</em></strong></span> <span class='ocrx_word' id='word_1_418' title='bbox 1942 294 1997 318; x_wconf 74' lang='lat' dir='ltr'>paq.</span> <span class='ocrx_word' id='word_1_419' title='bbox 2016 288 2059 311; x_wconf 59' lang='lat'>1¹49</span> 
     </span>
    </p>
   </div>
   <div class='ocr_carea' id='block_1_20' title="bbox 1214 335 1956 927">
    <p class='ocr_par' dir='ltr' id='par_1_25' title="bbox 1214 335 1953 504">
     <span class='ocr_line' id='line_1_61' title="bbox 1214 335 1952 362; baseline -0.007 0"><span class='ocrx_word' id='word_1_420' title='bbox 1214 340 1288 362; x_wconf 66' lang='lat' dir='ltr'>Sentio</span> <span class='ocrx_word' id='word_1_421' title='bbox 1305 339 1328 361; x_wconf 92' lang='grc'>11.</span> <span class='ocrx_word' id='word_1_422' title='bbox 1346 339 1457 360; x_wconf 77' lang='lat' dir='ltr'>intrantes</span> <span class='ocrx_word' id='word_1_423' title='bbox 1474 337 1570 360; x_wconf 89' lang='lat' dir='ltr'>domum</span> <span class='ocrx_word' id='word_1_424' title='bbox 1584 336 1721 359; x_wconf 81' lang='lat' dir='ltr'>invenerunt</span> <span class='ocrx_word' id='word_1_425' title='bbox 1732 336 1830 358; x_wconf 79' lang='lat' dir='ltr'>Puerum</span> <span class='ocrx_word' id='word_1_426' title='bbox 1844 342 1896 358; x_wconf 87' lang='lat' dir='ltr'>cum</span> <span class='ocrx_word' id='word_1_427' title='bbox 1910 335 1952 358; x_wconf 87' lang='lat' dir='ltr'>Ma·</span> 
     </span>
     <span class='ocr_line' id='line_1_62' title="bbox 1339 383 1952 411; baseline -0.005 -4"><span class='ocrx_word' id='word_1_428' title='bbox 1339 384 1380 411; x_wconf 83' lang='lat' dir='ltr'>ria,</span> <span class='ocrx_word' id='word_1_429' title='bbox 1398 384 1467 406; x_wconf 82' lang='lat' dir='ltr'>Matre</span> <span class='ocrx_word' id='word_1_430' title='bbox 1484 383 1540 410; x_wconf 85' lang='lat' dir='ltr'>eius,</span> <span class='ocrx_word' id='word_1_431' title='bbox 1558 383 1635 405; x_wconf 78' lang='lat' dir='ltr'>Matth.</span> <span class='ocrx_word' id='word_1_432' title='bbox 1652 383 1675 410; x_wconf 87' lang='lat' dir='ltr'>ll,</span> <span class='ocrx_word' id='word_1_433' title='bbox 1693 383 1717 404; x_wconf 89' lang='grc'>11</span> <span class='ocrx_word' id='word_1_434' title='bbox 1725 397 1952 405; x_wconf 86' lang='grc'><em>.......</em></span> 
     </span>
     <span class='ocr_line' id='line_1_63' title="bbox 1308 429 1952 454; baseline -0.006 0"><span class='ocrx_word' id='word_1_435' title='bbox 1308 430 1416 454; x_wconf 78' lang='lat' dir='ltr'>Schema..</span> <span class='ocrx_word' id='word_1_436' title='bbox 1438 431 1548 452; x_wconf 82' lang='lat' dir='ltr'>latrantes</span> <span class='ocrx_word' id='word_1_437' title='bbox 1569 429 1666 452; x_wconf 91' lang='lat' dir='ltr'>domum</span> <span class='ocrx_word' id='word_1_438' title='bbox 1691 429 1829 451; x_wconf 84' lang='lat' dir='ltr'>invenerunt</span> <span class='ocrx_word' id='word_1_439' title='bbox 1854 429 1952 451; x_wconf 82' lang='lat' dir='ltr'>Puerum</span> 
     </span>
     <span class='ocr_line' id='line_1_64' title="bbox 1340 475 1953 504; baseline -0.003 -5"><span class='ocrx_word' id='word_1_440' title='bbox 1340 483 1393 500; x_wconf 87' lang='lat' dir='ltr'>cum</span> <span class='ocrx_word' id='word_1_441' title='bbox 1411 477 1489 504; x_wconf 85' lang='lat' dir='ltr'>Maria,</span> <span class='ocrx_word' id='word_1_442' title='bbox 1506 477 1576 498; x_wconf 80' lang='lat' dir='ltr'>Matre</span> <span class='ocrx_word' id='word_1_443' title='bbox 1592 476 1649 504; x_wconf 86' lang='lat' dir='ltr'>eius,</span> <span class='ocrx_word' id='word_1_444' title='bbox 1666 476 1742 498; x_wconf 87' lang='lat' dir='ltr'>Matth.</span> <span class='ocrx_word' id='word_1_445' title='bbox 1761 476 1784 502; x_wconf 89' lang='grc'>11,</span> <span class='ocrx_word' id='word_1_446' title='bbox 1803 475 1810 497; x_wconf 69' lang='lat' dir='ltr'>»l</span> <span class='ocrx_word' id='word_1_447' title='bbox 1823 476 1838 497; x_wconf 91' lang='lat' dir='ltr'>l.</span> <span class='ocrx_word' id='word_1_448' title='bbox 1868 492 1873 497; x_wconf 91' lang='lat'>.</span> <span class='ocrx_word' id='word_1_449' title='bbox 1907 491 1912 497; x_wconf 91' lang='lat'>.</span> <span class='ocrx_word' id='word_1_450' title='bbox 1947 491 1953 497; x_wconf 87' lang='lat'>.</span> 
     </span>
    </p>

    <p class='ocr_par' dir='ltr' id='par_1_26' title="bbox 1254 522 1954 598">
     <span class='ocr_line' id='line_1_65' title="bbox 1254 522 1952 550; baseline -0.006 -3"><span class='ocrx_word' id='word_1_451' title='bbox 1254 534 1264 546; x_wconf 68' lang='grc' dir='ltr'>ι)</span> <span class='ocrx_word' id='word_1_452' title='bbox 1309 525 1341 547; x_wconf 92' lang='grc'>111.</span> <span class='ocrx_word' id='word_1_453' title='bbox 1359 525 1469 547; x_wconf 82' lang='lat' dir='ltr'>lntrantes</span> <span class='ocrx_word' id='word_1_454' title='bbox 1491 524 1596 550; x_wconf 86' lang='lat' dir='ltr'>domum,</span> <span class='ocrx_word' id='word_1_455' title='bbox 1618 523 1755 545; x_wconf 88' lang='lat' dir='ltr'>invenerunt</span> <span class='ocrx_word' id='word_1_456' title='bbox 1777 522 1876 544; x_wconf 85' lang='lat' dir='ltr'>Puerum</span> <span class='ocrx_word' id='word_1_457' title='bbox 1899 527 1952 543; x_wconf 89' lang='lat' dir='ltr'>cum</span> 
     </span>
     <span class='ocr_line' id='line_1_66' title="bbox 1342 568 1954 598; baseline -0.007 -5"><span class='ocrx_word' id='word_1_458' title='bbox 1342 571 1418 598; x_wconf 74' lang='lat' dir='ltr'>illaria,</span> <span class='ocrx_word' id='word_1_459' title='bbox 1436 570 1505 592; x_wconf 82' lang='lat' dir='ltr'>Matre</span> <span class='ocrx_word' id='word_1_460' title='bbox 1523 570 1579 598; x_wconf 84' lang='lat' dir='ltr'>eius,</span> <span class='ocrx_word' id='word_1_461' title='bbox 1596 572 1619 592; x_wconf 85' lang='lat' dir='ltr'>et</span> <span class='ocrx_word' id='word_1_462' title='bbox 1635 568 1781 597; x_wconf 84' lang='lat' dir='ltr'>procidentes</span> <span class='ocrx_word' id='word_1_463' title='bbox 1799 568 1954 590; x_wconf 86' lang='lat' dir='ltr'>adoraverunt</span> 
     </span>
    </p>

    <p class='ocr_par' dir='ltr' id='par_1_27' title="bbox 1341 613 1955 692">
     <span class='ocr_line' id='line_1_67' title="bbox 1341 613 1953 645; baseline -0.007 -6"><span class='ocrx_word' id='word_1_464' title='bbox 1341 622 1402 645; x_wconf 80' lang='lat' dir='ltr'>eum,</span> <span class='ocrx_word' id='word_1_465' title='bbox 1420 620 1443 638; x_wconf 94' lang='lat' dir='ltr'>et</span> <span class='ocrx_word' id='word_1_466' title='bbox 1460 616 1545 644; x_wconf 85' lang='lat' dir='ltr'>apertis</span> <span class='ocrx_word' id='word_1_467' title='bbox 1570 615 1683 638; x_wconf 84' lang='lat' dir='ltr'>thesauris</span> <span class='ocrx_word' id='word_1_468' title='bbox 1707 615 1762 643; x_wconf 84' lang='lat' dir='ltr'>suis,</span> <span class='ocrx_word' id='word_1_469' title='bbox 1780 614 1913 637; x_wconf 86' lang='lat' dir='ltr'>obtulerunt</span> <span class='ocrx_word' id='word_1_470' title='bbox 1934 613 1953 635; x_wconf 90' lang='lat' dir='ltr'>ei</span> 
     </span>
     <span class='ocr_line' id='line_1_68' title="bbox 1343 662 1955 692; baseline -0.007 -5"><span class='ocrx_word' id='word_1_471' title='bbox 1343 670 1452 692; x_wconf 78' lang='lat' dir='ltr'>munera,</span> <span class='ocrx_word' id='word_1_472' title='bbox 1478 670 1575 691; x_wconf 83' lang='lat' dir='ltr'>aurum,</span> <span class='ocrx_word' id='word_1_473' title='bbox 1601 664 1654 686; x_wconf 88' lang='lat' dir='ltr'>thus</span> <span class='ocrx_word' id='word_1_474' title='bbox 1679 665 1701 685; x_wconf 85' lang='lat' dir='ltr'>et</span> <span class='ocrx_word' id='word_1_475' title='bbox 1724 663 1855 690; x_wconf 79' lang='lat' dir='ltr'>myrrham,</span> <span class='ocrx_word' id='word_1_476' title='bbox 1879 662 1955 684; x_wconf 85' lang='lat' dir='ltr'>Matth.</span> 
     </span>
    </p>

    <p class='ocr_par' dir='ltr' id='par_1_28' title="bbox 1312 712 1955 880">
     <span class='ocr_line' id='line_1_69' title="bbox 1343 712 1951 739; baseline -0.005 -5"><span class='ocrx_word' id='word_1_477' title='bbox 1343 713 1371 739; x_wconf 85' lang='lat' dir='ltr'>ll,</span> <span class='ocrx_word' id='word_1_478' title='bbox 1400 712 1432 734; x_wconf 93' lang='grc'>11.</span> <span class='ocrx_word' id='word_1_479' title='bbox 1472 725 1951 733; x_wconf 81' lang='grc'>.............</span> 
     </span>
     <span class='ocr_line' id='line_1_70' title="bbox 1312 756 1955 784; baseline -0.008 -1"><span class='ocrx_word' id='word_1_480' title='bbox 1312 759 1420 783; x_wconf 51' lang='lat' dir='ltr'>Schema..</span> <span class='ocrx_word' id='word_1_481' title='bbox 1443 759 1552 781; x_wconf 78' lang='lat' dir='ltr'>intrantes</span> <span class='ocrx_word' id='word_1_482' title='bbox 1569 758 1678 784; x_wconf 84' lang='lat' dir='ltr'>domum,</span> <span class='ocrx_word' id='word_1_483' title='bbox 1696 757 1833 779; x_wconf 85' lang='lat' dir='ltr'>invenerunt</span> <span class='ocrx_word' id='word_1_484' title='bbox 1855 756 1955 778; x_wconf 84' lang='lat' dir='ltr'>Puerum</span> 
     </span>
     <span class='ocr_line' id='line_1_71' title="bbox 1343 803 1955 834; baseline -0.005 -6"><span class='ocrx_word' id='word_1_485' title='bbox 1343 812 1396 829; x_wconf 89' lang='lat' dir='ltr'>cum</span> <span class='ocrx_word' id='word_1_486' title='bbox 1415 806 1491 834; x_wconf 80' lang='lat' dir='ltr'>Maria,</span> <span class='ocrx_word' id='word_1_487' title='bbox 1508 806 1579 828; x_wconf 84' lang='lat' dir='ltr'>Matre</span> <span class='ocrx_word' id='word_1_488' title='bbox 1595 805 1652 831; x_wconf 87' lang='lat' dir='ltr'>eius,</span> <span class='ocrx_word' id='word_1_489' title='bbox 1669 807 1691 827; x_wconf 87' lang='lat' dir='ltr'>et</span> <span class='ocrx_word' id='word_1_490' title='bbox 1707 804 1853 832; x_wconf 86' lang='lat' dir='ltr'>procidentes</span> <span class='ocrx_word' id='word_1_491' title='bbox 1875 803 1955 825; x_wconf 85' lang='lat' dir='ltr'>adora-</span> 
     </span>
     <span class='ocr_line' id='line_1_72' title="bbox 1343 849 1955 880; baseline -0.005 -5"><span class='ocrx_word' id='word_1_492' title='bbox 1343 855 1426 875; x_wconf 63' lang='lat' dir='ltr'>verunt</span> <span class='ocrx_word' id='word_1_493' title='bbox 1443 858 1505 880; x_wconf 85' lang='lat' dir='ltr'>eum,</span> <span class='ocrx_word' id='word_1_494' title='bbox 1523 854 1545 874; x_wconf 91' lang='lat' dir='ltr'>et</span> <span class='ocrx_word' id='word_1_495' title='bbox 1561 852 1646 879; x_wconf 89' lang='lat' dir='ltr'>apertis</span> <span class='ocrx_word' id='word_1_496' title='bbox 1664 851 1777 874; x_wconf 81' lang='lat' dir='ltr'>thesauris</span> <span class='ocrx_word' id='word_1_497' title='bbox 1794 850 1849 877; x_wconf 80' lang='lat' dir='ltr'>suis,</span> <span class='ocrx_word' id='word_1_498' title='bbox 1867 849 1955 873; x_wconf 90' lang='lat' dir='ltr'>obtule-</span> 
     </span>
    </p>

    <p class='ocr_par' dir='ltr' id='par_1_29' title="bbox 1343 898 1956 927">
     <span class='ocr_line' id='line_1_73' title="bbox 1343 898 1956 927; baseline -0.005 -5"><span class='ocrx_word' id='word_1_499' title='bbox 1343 903 1396 923; x_wconf 87' lang='lat' dir='ltr'>runt</span> <span class='ocrx_word' id='word_1_500' title='bbox 1420 900 1440 922; x_wconf 92' lang='lat' dir='ltr'>ei</span> <span class='ocrx_word' id='word_1_501' title='bbox 1467 905 1575 922; x_wconf 85' lang='lat' dir='ltr'>munera:</span> <span class='ocrx_word' id='word_1_502' title='bbox 1598 905 1689 927; x_wconf 84' lang='lat' dir='ltr'>aurum,</span> <span class='ocrx_word' id='word_1_503' title='bbox 1713 899 1765 921; x_wconf 92' lang='lat' dir='ltr'>thus</span> <span class='ocrx_word' id='word_1_504' title='bbox 1790 900 1812 920; x_wconf 86' lang='lat' dir='ltr'>et</span> <span class='ocrx_word' id='word_1_505' title='bbox 1829 898 1956 925; x_wconf 82' lang='lat' dir='ltr'>myrrham,</span> 
     </span>
    </p>
   </div>
   <div class='ocr_carea' id='block_1_21' title="bbox 1258 947 1958 1068">
    <p class='ocr_par' dir='ltr' id='par_1_30' title="bbox 1258 947 1958 1068">
     <span class='ocr_line' id='line_1_74' title="bbox 1344 947 1955 974; baseline -0.003 -5"><span class='ocrx_word' id='word_1_506' title='bbox 1344 948 1420 970; x_wconf 74' lang='lat' dir='ltr'>maun.</span> <span class='ocrx_word' id='word_1_507' title='bbox 1438 947 1461 974; x_wconf 86' lang='lat'>11,</span> <span class='ocrx_word' id='word_1_508' title='bbox 1488 947 1508 968; x_wconf 81' lang='grc' dir='ltr'>ιι</span> <span class='ocrx_word' id='word_1_509' title='bbox 1516 961 1955 969; x_wconf 87' lang='grc'><em>............</em></span> 
     </span>
     <span class='ocr_line' id='line_1_75' title="bbox 1258 991 1956 1020; baseline -0.003 -4"><span class='ocrx_word' id='word_1_510' title='bbox 1258 1003 1269 1015; x_wconf 71' lang='grc' dir='ltr'>ιι</span> <span class='ocrx_word' id='word_1_511' title='bbox 1314 994 1349 1016; x_wconf 91' lang='lat' dir='ltr'>lV.</span> <span class='ocrx_word' id='word_1_512' title='bbox 1368 994 1408 1016; x_wconf 79' lang='lat' dir='ltr'>Per</span> <span class='ocrx_word' id='word_1_513' title='bbox 1433 994 1501 1016; x_wconf 88' lang='lat' dir='ltr'>aliam</span> <span class='ocrx_word' id='word_1_514' title='bbox 1527 993 1589 1015; x_wconf 87' lang='lat' dir='ltr'>viam</span> <span class='ocrx_word' id='word_1_515' title='bbox 1612 992 1698 1015; x_wconf 89' lang='lat' dir='ltr'>reversi</span> <span class='ocrx_word' id='word_1_516' title='bbox 1715 995 1769 1015; x_wconf 51' lang='lat' dir='ltr'>sunt¹</span> <span class='ocrx_word' id='word_1_517' title='bbox 1794 992 1815 1014; x_wconf 90' lang='lat' dir='ltr'>in</span> <span class='ocrx_word' id='word_1_518' title='bbox 1838 991 1956 1020; x_wconf 79' lang='lat' dir='ltr'>regionem</span> 
     </span>
     <span class='ocr_line' id='line_1_76' title="bbox 1345 1040 1958 1068; baseline -0.005 -5"><span class='ocrx_word' id='word_1_519' title='bbox 1345 1046 1419 1067; x_wconf 84' lang='lat' dir='ltr'>suam,</span> <span class='ocrx_word' id='word_1_520' title='bbox 1441 1041 1518 1062; x_wconf 77' lang='lat' dir='ltr'>lllatth.</span> <span class='ocrx_word' id='word_1_521' title='bbox 1540 1040 1564 1068; x_wconf 91' lang='grc'>11,</span> <span class='ocrx_word' id='word_1_522' title='bbox 1582 1040 1610 1061; x_wconf 86' lang='grc'>12</span> <span class='ocrx_word' id='word_1_523' title='bbox 1614 1054 1958 1062; x_wconf 88' lang='grc'>..........</span> 
     </span>
    </p>
   </div>
   <div class='ocr_carea' id='block_1_22' title="bbox 1259 1085 1963 1679">
    <p class='ocr_par' dir='ltr' id='par_1_31' title="bbox 1314 1085 1958 1162">
     <span class='ocr_line' id='line_1_77' title="bbox 1314 1085 1958 1113; baseline -0.006 -2"><span class='ocrx_word' id='word_1_524' title='bbox 1314 1087 1422 1111; x_wconf 70' lang='lat' dir='ltr'>Schmun.</span> <span class='ocrx_word' id='word_1_525' title='bbox 1440 1088 1480 1109; x_wconf 83' lang='lat' dir='ltr'>Per</span> <span class='ocrx_word' id='word_1_526' title='bbox 1502 1087 1569 1109; x_wconf 91' lang='lat' dir='ltr'>aliam</span> <span class='ocrx_word' id='word_1_527' title='bbox 1586 1088 1647 1108; x_wconf 89' lang='lat' dir='ltr'>viam</span> <span class='ocrx_word' id='word_1_528' title='bbox 1666 1086 1752 1108; x_wconf 78' lang='lat' dir='ltr'>reversi</span> <span class='ocrx_word' id='word_1_529' title='bbox 1770 1088 1824 1108; x_wconf 86' lang='lat' dir='ltr'>sunt</span> <span class='ocrx_word' id='word_1_530' title='bbox 1841 1085 1863 1107; x_wconf 90' lang='lat' dir='ltr'>in</span> <span class='ocrx_word' id='word_1_531' title='bbox 1885 1085 1958 1113; x_wconf 81' lang='lat' dir='ltr'>regio-</span> 
     </span>
     <span class='ocr_line' id='line_1_78' title="bbox 1345 1132 1957 1162; baseline -0.003 -6"><span class='ocrx_word' id='word_1_532' title='bbox 1345 1140 1398 1156; x_wconf 91' lang='lat' dir='ltr'>nem</span> <span class='ocrx_word' id='word_1_533' title='bbox 1416 1140 1491 1161; x_wconf 86' lang='lat' dir='ltr'>suam,</span> <span class='ocrx_word' id='word_1_534' title='bbox 1508 1132 1585 1156; x_wconf 88' lang='lat' dir='ltr'>Matth.</span> <span class='ocrx_word' id='word_1_535' title='bbox 1602 1134 1626 1162; x_wconf 84' lang='grc'>11,</span> <span class='ocrx_word' id='word_1_536' title='bbox 1644 1134 1672 1155; x_wconf 89' lang='grc'>12</span> <span class='ocrx_word' id='word_1_537' title='bbox 1676 1149 1957 1155; x_wconf 79' lang='grc'>........</span> 
     </span>
    </p>

    <p class='ocr_par' dir='ltr' id='par_1_32' title="bbox 1259 1180 1958 1255">
     <span class='ocr_line' id='line_1_79' title="bbox 1259 1180 1958 1208; baseline -0.006 -4"><span class='ocrx_word' id='word_1_538' title='bbox 1259 1190 1269 1201; x_wconf 77' lang='lat'>1&gt;</span> <span class='ocrx_word' id='word_1_539' title='bbox 1315 1181 1341 1203; x_wconf 96' lang='lat' dir='ltr'>V.</span> <span class='ocrx_word' id='word_1_540' title='bbox 1359 1180 1497 1203; x_wconf 87' lang='lat' dir='ltr'>Obtulerunt</span> <span class='ocrx_word' id='word_1_541' title='bbox 1514 1180 1534 1202; x_wconf 91' lang='lat' dir='ltr'>ei</span> <span class='ocrx_word' id='word_1_542' title='bbox 1553 1186 1661 1202; x_wconf 87' lang='lat' dir='ltr'>munera:</span> <span class='ocrx_word' id='word_1_543' title='bbox 1678 1185 1769 1208; x_wconf 83' lang='lat' dir='ltr'>aurum,</span> <span class='ocrx_word' id='word_1_544' title='bbox 1787 1180 1839 1201; x_wconf 93' lang='lat' dir='ltr'>thus</span> <span class='ocrx_word' id='word_1_545' title='bbox 1857 1181 1879 1201; x_wconf 94' lang='lat' dir='ltr'>et</span> <span class='ocrx_word' id='word_1_546' title='bbox 1896 1184 1958 1207; x_wconf 85' lang='lat' dir='ltr'>myr-</span> 
     </span>
     <span class='ocr_line' id='line_1_80' title="bbox 1346 1228 1957 1255; baseline -0.003 -5"><span class='ocrx_word' id='word_1_547' title='bbox 1346 1229 1420 1255; x_wconf 88' lang='lat' dir='ltr'>rham,</span> <span class='ocrx_word' id='word_1_548' title='bbox 1438 1228 1514 1250; x_wconf 82' lang='lat' dir='ltr'>Matth.</span> <span class='ocrx_word' id='word_1_549' title='bbox 1533 1228 1556 1254; x_wconf 93' lang='grc'>11,</span> <span class='ocrx_word' id='word_1_550' title='bbox 1578 1228 1598 1249; x_wconf 89' lang='grc'>11</span> <span class='ocrx_word' id='word_1_551' title='bbox 1605 1243 1957 1249; x_wconf 79' lang='grc'>..........</span> 
     </span>
    </p>

    <p class='ocr_par' dir='ltr' id='par_1_33' title="bbox 1259 1273 1960 1398">
     <span class='ocr_line' id='line_1_81' title="bbox 1259 1273 1959 1304; baseline -0.001 -8"><span class='ocrx_word' id='word_1_552' title='bbox 1259 1284 1269 1296; x_wconf 75' lang='grc'>»</span> <span class='ocrx_word' id='word_1_553' title='bbox 1315 1276 1352 1298; x_wconf 90' lang='lat' dir='ltr'>Vl.</span> <span class='ocrx_word' id='word_1_554' title='bbox 1370 1275 1414 1304; x_wconf 85' lang='lat' dir='ltr'>Qui</span> <span class='ocrx_word' id='word_1_555' title='bbox 1433 1275 1500 1297; x_wconf 86' lang='lat' dir='ltr'>sedes</span> <span class='ocrx_word' id='word_1_556' title='bbox 1517 1280 1588 1302; x_wconf 87' lang='lat' dir='ltr'>super</span> <span class='ocrx_word' id='word_1_557' title='bbox 1605 1273 1738 1301; x_wconf 89' lang='lat' dir='ltr'>Cherubim,</span> <span class='ocrx_word' id='word_1_558' title='bbox 1757 1273 1904 1296; x_wconf 83' lang='lat' dir='ltr'>manifestare</span> <span class='ocrx_word' id='word_1_559' title='bbox 1922 1278 1959 1295; x_wconf 93' lang='lat' dir='ltr'>co-</span> 
     </span>
     <span class='ocr_line' id='line_1_82' title="bbox 1346 1321 1959 1350; baseline -0.003 -6"><span class='ocrx_word' id='word_1_560' title='bbox 1346 1329 1395 1345; x_wconf 89' lang='lat' dir='ltr'>ram</span> <span class='ocrx_word' id='word_1_561' title='bbox 1418 1322 1534 1350; x_wconf 83' lang='lat' dir='ltr'>Ephraim,</span> <span class='ocrx_word' id='word_1_562' title='bbox 1560 1321 1677 1344; x_wconf 83' lang='lat' dir='ltr'>Beniamin</span> <span class='ocrx_word' id='word_1_563' title='bbox 1702 1324 1724 1343; x_wconf 88' lang='lat' dir='ltr'>et</span> <span class='ocrx_word' id='word_1_564' title='bbox 1741 1321 1851 1349; x_wconf 78' lang='lat' dir='ltr'>Manasse,</span> <span class='ocrx_word' id='word_1_565' title='bbox 1877 1321 1959 1343; x_wconf 77' lang='lat' dir='ltr'>psalm.</span> 
     </span>
     <span class='ocr_line' id='line_1_83' title="bbox 1346 1369 1960 1398; baseline -0.005 -6"><span class='ocrx_word' id='word_1_566' title='bbox 1346 1369 1449 1398; x_wconf 64' lang='lat' dir='ltr'>LXXlX,</span> <span class='ocrx_word' id='word_1_567' title='bbox 1467 1370 1480 1391; x_wconf 91' lang='grc'>2</span> <span class='ocrx_word' id='word_1_568' title='bbox 1484 1383 1960 1391; x_wconf 88' lang='grc'>.............</span> 
     </span>
    </p>

    <p class='ocr_par' dir='ltr' id='par_1_34' title="bbox 1259 1415 1960 1491">
     <span class='ocr_line' id='line_1_84' title="bbox 1259 1415 1959 1439; baseline -0.003 0"><span class='ocrx_word' id='word_1_569' title='bbox 1259 1426 1269 1438; x_wconf 80' lang='grc'>»</span> <span class='ocrx_word' id='word_1_570' title='bbox 1315 1417 1362 1439; x_wconf 73' lang='lat' dir='ltr'>Vll.</span> <span class='ocrx_word' id='word_1_571' title='bbox 1379 1417 1489 1439; x_wconf 84' lang='lat' dir='ltr'>intrantes</span> <span class='ocrx_word' id='word_1_572' title='bbox 1506 1416 1603 1438; x_wconf 87' lang='lat' dir='ltr'>domum</span> <span class='ocrx_word' id='word_1_573' title='bbox 1627 1416 1764 1438; x_wconf 88' lang='lat' dir='ltr'>invenerunt</span> <span class='ocrx_word' id='word_1_574' title='bbox 1786 1415 1885 1437; x_wconf 87' lang='lat' dir='ltr'>Puerum</span> <span class='ocrx_word' id='word_1_575' title='bbox 1907 1420 1959 1437; x_wconf 88' lang='lat' dir='ltr'>cum</span> 
     </span>
     <span class='ocr_line' id='line_1_85' title="bbox 1347 1462 1960 1491; baseline -0.003 -5"><span class='ocrx_word' id='word_1_576' title='bbox 1347 1464 1423 1491; x_wconf 84' lang='lat' dir='ltr'>Maria,</span> <span class='ocrx_word' id='word_1_577' title='bbox 1441 1464 1511 1486; x_wconf 85' lang='lat' dir='ltr'>Matre</span> <span class='ocrx_word' id='word_1_578' title='bbox 1528 1463 1585 1491; x_wconf 77' lang='lat' dir='ltr'>eius,</span> <span class='ocrx_word' id='word_1_579' title='bbox 1603 1463 1680 1485; x_wconf 84' lang='lat' dir='ltr'>Matth.</span> <span class='ocrx_word' id='word_1_580' title='bbox 1698 1463 1720 1490; x_wconf 93' lang='grc'>11,</span> <span class='ocrx_word' id='word_1_581' title='bbox 1738 1462 1762 1484; x_wconf 87' lang='grc'>11</span> <span class='ocrx_word' id='word_1_582' title='bbox 1769 1478 1960 1485; x_wconf 91' lang='grc'><em>......</em></span> 
     </span>
    </p>

    <p class='ocr_par' dir='ltr' id='par_1_35' title="bbox 1260 1509 1962 1586">
     <span class='ocr_line' id='line_1_86' title="bbox 1260 1509 1962 1536; baseline -0.001 -4"><span class='ocrx_word' id='word_1_583' title='bbox 1260 1520 1270 1532; x_wconf 77' lang='grc'>»</span> <span class='ocrx_word' id='word_1_584' title='bbox 1317 1512 1370 1534; x_wconf 86' lang='lat' dir='ltr'>Vlll.</span> <span class='ocrx_word' id='word_1_585' title='bbox 1387 1510 1445 1534; x_wconf 90' lang='lat' dir='ltr'>Cum</span> <span class='ocrx_word' id='word_1_586' title='bbox 1464 1513 1530 1533; x_wconf 89' lang='lat' dir='ltr'>natus</span> <span class='ocrx_word' id='word_1_587' title='bbox 1551 1512 1611 1533; x_wconf 86' lang='lat' dir='ltr'>esset</span> <span class='ocrx_word' id='word_1_588' title='bbox 1633 1510 1695 1532; x_wconf 85' lang='lat' dir='ltr'>lesus</span> <span class='ocrx_word' id='word_1_589' title='bbox 1718 1509 1739 1532; x_wconf 90' lang='lat' dir='ltr'>in</span> <span class='ocrx_word' id='word_1_590' title='bbox 1762 1509 1894 1532; x_wconf 84' lang='lat' dir='ltr'>Bethlehem</span> <span class='ocrx_word' id='word_1_591' title='bbox 1912 1512 1962 1536; x_wconf 63' lang='lat' dir='ltr'>ete,</span> 
     </span>
     <span class='ocr_line' id='line_1_87' title="bbox 1348 1558 1961 1586; baseline -0.003 -6"><span class='ocrx_word' id='word_1_592' title='bbox 1348 1559 1424 1580; x_wconf 70' lang='lat' dir='ltr'>matth.</span> <span class='ocrx_word' id='word_1_593' title='bbox 1442 1559 1465 1586; x_wconf 76' lang='grc' dir='ltr'>ιι,</span> <span class='ocrx_word' id='word_1_594' title='bbox 1487 1558 1538 1580; x_wconf 67' lang='grc'>1-12</span> <span class='ocrx_word' id='word_1_595' title='bbox 1543 1572 1961 1580; x_wconf 85' lang='grc'>............</span> 
     </span>
    </p>

    <p class='ocr_par' dir='ltr' id='par_1_36' title="bbox 1260 1603 1963 1679">
     <span class='ocr_line' id='line_1_88' title="bbox 1260 1603 1963 1633; baseline -0.004 -5"><span class='ocrx_word' id='word_1_596' title='bbox 1260 1615 1271 1627; x_wconf 72' lang='lat' dir='ltr'>n</span> <span class='ocrx_word' id='word_1_597' title='bbox 1317 1606 1354 1628; x_wconf 87' lang='lat' dir='ltr'>lX.</span> <span class='ocrx_word' id='word_1_598' title='bbox 1372 1607 1454 1633; x_wconf 77' lang='lat' dir='ltr'>Surge,</span> <span class='ocrx_word' id='word_1_599' title='bbox 1471 1605 1606 1631; x_wconf 84' lang='lat' dir='ltr'>illuminare,</span> <span class='ocrx_word' id='word_1_600' title='bbox 1624 1604 1755 1631; x_wconf 78' lang='lat' dir='ltr'>ierusalem,</span> <span class='ocrx_word' id='word_1_601' title='bbox 1772 1603 1827 1632; x_wconf 80' lang='lat' dir='ltr'>quia</span> <span class='ocrx_word' id='word_1_602' title='bbox 1850 1603 1912 1626; x_wconf 79' lang='lat' dir='ltr'>venit</span> <span class='ocrx_word' id='word_1_603' title='bbox 1929 1603 1963 1625; x_wconf 92' lang='lat' dir='ltr'>lu-</span> 
     </span>
     <span class='ocr_line' id='line_1_89' title="bbox 1348 1650 1961 1679; baseline -0.003 -5"><span class='ocrx_word' id='word_1_604' title='bbox 1348 1659 1399 1675; x_wconf 88' lang='lat' dir='ltr'>men</span> <span class='ocrx_word' id='word_1_605' title='bbox 1418 1656 1490 1678; x_wconf 74' lang='lat' dir='ltr'>tuum.</span> <span class='ocrx_word' id='word_1_606' title='bbox 1509 1654 1530 1674; x_wconf 90' lang='lat' dir='ltr'>et</span> <span class='ocrx_word' id='word_1_607' title='bbox 1542 1651 1614 1679; x_wconf 80' lang='lat' dir='ltr'>gloria</span> <span class='ocrx_word' id='word_1_608' title='bbox 1628 1650 1717 1673; x_wconf 89' lang='lat' dir='ltr'>Domini</span> <span class='ocrx_word' id='word_1_609' title='bbox 1734 1653 1838 1678; x_wconf 87' lang='lat' dir='ltr'>superte</span> <span class='ocrx_word' id='word_1_610' title='bbox 1855 1653 1904 1673; x_wconf 83' lang='lat' dir='ltr'>orta</span> <span class='ocrx_word' id='word_1_611' title='bbox 1920 1652 1961 1679; x_wconf 80' lang='lat' dir='ltr'>est,</span> 
     </span>
    </p>
   </div>
   <div class='ocr_carea' id='block_1_23' title="bbox 1261 1699 1977 1914">
    <p class='ocr_par' dir='ltr' id='par_1_37' title="bbox 1261 1699 1977 1914">
     <span class='ocr_line' id='line_1_90' title="bbox 1348 1699 1961 1725; baseline -0.003 -3"><span class='ocrx_word' id='word_1_612' title='bbox 1348 1700 1396 1722; x_wconf 82' lang='lat' dir='ltr'>lsai.</span> <span class='ocrx_word' id='word_1_613' title='bbox 1414 1699 1461 1725; x_wconf 79' lang='lat' dir='ltr'>LX,</span> <span class='ocrx_word' id='word_1_614' title='bbox 1484 1699 1487 1720; x_wconf 94' lang='lat' dir='ltr'>l</span> <span class='ocrx_word' id='word_1_615' title='bbox 1496 1713 1961 1721; x_wconf 86' lang='grc'><em>.............</em></span> 
     </span>
     <span class='ocr_line' id='line_1_91' title="bbox 1261 1745 1977 1773; baseline -0.003 -4"><span class='ocrx_word' id='word_1_616' title='bbox 1261 1756 1271 1768; x_wconf 55' lang='grc'>1»</span> <span class='ocrx_word' id='word_1_617' title='bbox 1316 1747 1344 1769; x_wconf 84' lang='lat' dir='ltr'>X.</span> <span class='ocrx_word' id='word_1_618' title='bbox 1362 1746 1500 1773; x_wconf 83' lang='lat' dir='ltr'>lllumiuare,</span> <span class='ocrx_word' id='word_1_619' title='bbox 1518 1745 1647 1773; x_wconf 73' lang='lat' dir='ltr'>ierusalem,</span> <span class='ocrx_word' id='word_1_620' title='bbox 1661 1745 1716 1773; x_wconf 85' lang='lat' dir='ltr'>quia</span> <span class='ocrx_word' id='word_1_621' title='bbox 1733 1745 1795 1767; x_wconf 80' lang='lat' dir='ltr'>venit</span> <span class='ocrx_word' id='word_1_622' title='bbox 1810 1745 1886 1767; x_wconf 89' lang='lat' dir='ltr'>lumen</span> <span class='ocrx_word' id='word_1_623' title='bbox 1904 1747 1977 1773; x_wconf 84' lang='lat' dir='ltr'>tuum,</span> 
     </span>
     <span class='ocr_line' id='line_1_92' title="bbox 1348 1793 1960 1819; baseline -0.002 -4"><span class='ocrx_word' id='word_1_624' title='bbox 1348 1793 1398 1816; x_wconf 82' lang='lat' dir='ltr'>lsai.</span> <span class='ocrx_word' id='word_1_625' title='bbox 1416 1793 1463 1819; x_wconf 88' lang='lat' dir='ltr'>LX,</span> <span class='ocrx_word' id='word_1_626' title='bbox 1483 1793 1490 1814; x_wconf 92' lang='grc'>1</span> <span class='ocrx_word' id='word_1_627' title='bbox 1498 1809 1960 1815; x_wconf 74' lang='grc'>.............</span> 
     </span>
     <span class='ocr_line' id='line_1_93' title="bbox 1261 1839 1962 1868; baseline 0 -7"><span class='ocrx_word' id='word_1_628' title='bbox 1261 1850 1271 1861; x_wconf 67' lang='lat' dir='ltr'>n</span> <span class='ocrx_word' id='word_1_629' title='bbox 1317 1841 1354 1863; x_wconf 78' lang='lat' dir='ltr'>Xl.</span> <span class='ocrx_word' id='word_1_630' title='bbox 1372 1839 1415 1863; x_wconf 78' lang='lat' dir='ltr'>L&#39;bi</span> <span class='ocrx_word' id='word_1_631' title='bbox 1427 1844 1467 1868; x_wconf 66' lang='lat' dir='ltr'>est,</span> <span class='ocrx_word' id='word_1_632' title='bbox 1480 1840 1519 1868; x_wconf 82' lang='lat' dir='ltr'>qui</span> <span class='ocrx_word' id='word_1_633' title='bbox 1533 1842 1599 1862; x_wconf 91' lang='lat' dir='ltr'>natus</span> <span class='ocrx_word' id='word_1_634' title='bbox 1611 1842 1652 1866; x_wconf 86' lang='lat' dir='ltr'>est,</span> <span class='ocrx_word' id='word_1_635' title='bbox 1664 1845 1703 1861; x_wconf 82' lang='lat' dir='ltr'>rex</span> <span class='ocrx_word' id='word_1_636' title='bbox 1717 1839 1872 1861; x_wconf 71' lang='lat' dir='ltr'>ludaeorum?</span> <span class='ocrx_word' id='word_1_637' title='bbox 1885 1839 1962 1861; x_wconf 83' lang='lat' dir='ltr'>Matth.</span> 
     </span>
     <span class='ocr_line' id='line_1_94' title="bbox 1348 1888 1960 1914; baseline -0.002 -5"><span class='ocrx_word' id='word_1_638' title='bbox 1348 1888 1372 1914; x_wconf 87' lang='lat' dir='ltr'>ll,</span> <span class='ocrx_word' id='word_1_639' title='bbox 1390 1888 1403 1909; x_wconf 83' lang='grc'>2</span> <span class='ocrx_word' id='word_1_640' title='bbox 1407 1902 1960 1909; x_wconf 88' lang='grc'>...............</span> 
     </span>
    </p>
   </div>
   <div class='ocr_carea' id='block_1_24' title="bbox 1261 1933 1965 2763">
    <p class='ocr_par' dir='ltr' id='par_1_38' title="bbox 1261 1933 1965 2763">
     <span class='ocr_line' id='line_1_95' title="bbox 1261 1933 1963 1961; baseline -0.001 -5"><span class='ocrx_word' id='word_1_641' title='bbox 1261 1944 1271 1956; x_wconf 81' lang='lat'>»</span> <span class='ocrx_word' id='word_1_642' title='bbox 1316 1936 1364 1958; x_wconf 85' lang='lat' dir='ltr'>Xll.</span> <span class='ocrx_word' id='word_1_643' title='bbox 1382 1934 1539 1957; x_wconf 72' lang='lat' dir='ltr'>Ambulabant</span> <span class='ocrx_word' id='word_1_644' title='bbox 1555 1936 1636 1961; x_wconf 83' lang='lat' dir='ltr'>gentes</span> <span class='ocrx_word' id='word_1_645' title='bbox 1653 1933 1675 1955; x_wconf 95' lang='lat' dir='ltr'>in</span> <span class='ocrx_word' id='word_1_646' title='bbox 1692 1933 1779 1955; x_wconf 90' lang='lat' dir='ltr'>lumine</span> <span class='ocrx_word' id='word_1_647' title='bbox 1796 1936 1844 1960; x_wconf 78' lang='lat' dir='ltr'>tuo,</span> <span class='ocrx_word' id='word_1_648' title='bbox 1856 1935 1878 1955; x_wconf 89' lang='lat' dir='ltr'>et</span> <span class='ocrx_word' id='word_1_649' title='bbox 1895 1938 1963 1961; x_wconf 82' lang='lat' dir='ltr'>reges</span> 
     </span>
     <span class='ocr_line' id='line_1_96' title="bbox 1350 1980 1961 2010; baseline -0.003 -6"><span class='ocrx_word' id='word_1_650' title='bbox 1350 1982 1370 2004; x_wconf 89' lang='lat' dir='ltr'>in</span> <span class='ocrx_word' id='word_1_651' title='bbox 1389 1982 1513 2010; x_wconf 85' lang='lat' dir='ltr'>splendore</span> <span class='ocrx_word' id='word_1_652' title='bbox 1530 1984 1595 2004; x_wconf 87' lang='lat' dir='ltr'>ortus</span> <span class='ocrx_word' id='word_1_653' title='bbox 1613 1981 1652 2009; x_wconf 77' lang='lat' dir='ltr'>tui,</span> <span class='ocrx_word' id='word_1_654' title='bbox 1671 1980 1720 2003; x_wconf 83' lang='lat' dir='ltr'>lsai.</span> <span class='ocrx_word' id='word_1_655' title='bbox 1737 1981 1784 2008; x_wconf 75' lang='lat' dir='ltr'>Lx,</span> <span class='ocrx_word' id='word_1_656' title='bbox 1803 1981 1824 2003; x_wconf 86' lang='lat'>3.</span> <span class='ocrx_word' id='word_1_657' title='bbox 1837 1998 1842 2002; x_wconf 94' lang='lat'>.</span> <span class='ocrx_word' id='word_1_658' title='bbox 1876 1997 1882 2002; x_wconf 92' lang='lat'>.</span> <span class='ocrx_word' id='word_1_659' title='bbox 1916 1997 1920 2002; x_wconf 94' lang='lat'>.</span> <span class='ocrx_word' id='word_1_660' title='bbox 1956 1997 1961 2002; x_wconf 92' lang='lat'>.</span> 
     </span>
     <span class='ocr_line' id='line_1_97' title="bbox 1262 2027 1963 2052; baseline -0.001 -2"><span class='ocrx_word' id='word_1_661' title='bbox 1262 2038 1271 2050; x_wconf 65' lang='grc' dir='ltr'>ι)</span> <span class='ocrx_word' id='word_1_662' title='bbox 1316 2030 1373 2052; x_wconf 84' lang='lat' dir='ltr'>Xlll.</span> <span class='ocrx_word' id='word_1_663' title='bbox 1391 2029 1496 2051; x_wconf 82' lang='lat' dir='ltr'>Vidimus</span> <span class='ocrx_word' id='word_1_664' title='bbox 1513 2028 1600 2050; x_wconf 84' lang='lat' dir='ltr'>stellam</span> <span class='ocrx_word' id='word_1_665' title='bbox 1618 2028 1667 2050; x_wconf 86' lang='lat' dir='ltr'>eius</span> <span class='ocrx_word' id='word_1_666' title='bbox 1679 2027 1701 2049; x_wconf 89' lang='lat' dir='ltr'>in</span> <span class='ocrx_word' id='word_1_667' title='bbox 1718 2028 1805 2050; x_wconf 88' lang='lat' dir='ltr'>oriente</span> <span class='ocrx_word' id='word_1_668' title='bbox 1817 2030 1839 2049; x_wconf 86' lang='lat' dir='ltr'>et</span> <span class='ocrx_word' id='word_1_669' title='bbox 1855 2027 1963 2050; x_wconf 87' lang='lat' dir='ltr'>venimus</span> 
     </span>
     <span class='ocr_line' id='line_1_98' title="bbox 1349 2075 1961 2103; baseline -0.002 -5"><span class='ocrx_word' id='word_1_670' title='bbox 1349 2076 1446 2099; x_wconf 86' lang='lat' dir='ltr'>adorare</span> <span class='ocrx_word' id='word_1_671' title='bbox 1463 2082 1525 2102; x_wconf 80' lang='lat' dir='ltr'>eum,</span> <span class='ocrx_word' id='word_1_672' title='bbox 1542 2076 1618 2098; x_wconf 84' lang='lat' dir='ltr'>Matlh.</span> <span class='ocrx_word' id='word_1_673' title='bbox 1636 2075 1659 2103; x_wconf 84' lang='lat' dir='ltr'>ll,</span> <span class='ocrx_word' id='word_1_674' title='bbox 1678 2076 1690 2097; x_wconf 81' lang='lat'>‘2</span> <span class='ocrx_word' id='word_1_675' title='bbox 1694 2091 1961 2097; x_wconf 84' lang='grc'>........</span> 
     </span>
     <span class='ocr_line' id='line_1_99' title="bbox 1263 2121 1959 2150; baseline -0.003 -5"><span class='ocrx_word' id='word_1_676' title='bbox 1263 2132 1273 2144; x_wconf 72' lang='lat' dir='ltr'>n</span> <span class='ocrx_word' id='word_1_677' title='bbox 1319 2123 1380 2145; x_wconf 84' lang='lat' dir='ltr'>xlv.</span> <span class='ocrx_word' id='word_1_678' title='bbox 1398 2123 1480 2150; x_wconf 83' lang='lat' dir='ltr'>Surge,</span> <span class='ocrx_word' id='word_1_679' title='bbox 1506 2122 1640 2150; x_wconf 80' lang='lat' dir='ltr'>illuminare,</span> <span class='ocrx_word' id='word_1_680' title='bbox 1659 2122 1789 2149; x_wconf 83' lang='lat' dir='ltr'>ierusalem,</span> <span class='ocrx_word' id='word_1_681' title='bbox 1807 2121 1855 2143; x_wconf 83' lang='lat' dir='ltr'>lsai.</span> <span class='ocrx_word' id='word_1_682' title='bbox 1873 2121 1919 2144; x_wconf 84' lang='lat' dir='ltr'>Lx.</span> <span class='ocrx_word' id='word_1_683' title='bbox 1939 2121 1959 2143; x_wconf 69' lang='lat' dir='ltr'>¹l.</span> 
     </span>
     <span class='ocr_line' id='line_1_100' title="bbox 1262 2168 1962 2197; baseline -0.003 -5"><span class='ocrx_word' id='word_1_684' title='bbox 1262 2180 1271 2192; x_wconf 63' lang='grc' dir='ltr'>ι)</span> <span class='ocrx_word' id='word_1_685' title='bbox 1317 2171 1367 2193; x_wconf 77' lang='lat' dir='ltr'>XV.</span> <span class='ocrx_word' id='word_1_686' title='bbox 1386 2170 1495 2193; x_wconf 85' lang='lat' dir='ltr'>Videntes</span> <span class='ocrx_word' id='word_1_687' title='bbox 1513 2170 1600 2192; x_wconf 85' lang='lat' dir='ltr'>stellam</span> <span class='ocrx_word' id='word_1_688' title='bbox 1624 2169 1683 2197; x_wconf 81' lang='lat' dir='ltr'>Magi</span> <span class='ocrx_word' id='word_1_689' title='bbox 1706 2169 1779 2197; x_wconf 78' lang='lat' dir='ltr'>gavisi</span> <span class='ocrx_word' id='word_1_690' title='bbox 1803 2170 1855 2191; x_wconf 88' lang='lat' dir='ltr'>sunt</span> <span class='ocrx_word' id='word_1_691' title='bbox 1877 2168 1962 2196; x_wconf 77' lang='lat' dir='ltr'>gaudio</span> 
     </span>
     <span class='ocr_line' id='line_1_101' title="bbox 1349 2216 1962 2245; baseline -0.003 -5"><span class='ocrx_word' id='word_1_692' title='bbox 1349 2224 1434 2245; x_wconf 78' lang='lat' dir='ltr'>magno</span> <span class='ocrx_word' id='word_1_693' title='bbox 1451 2217 1526 2243; x_wconf 69' lang='lat' dir='ltr'>valde,</span> <span class='ocrx_word' id='word_1_694' title='bbox 1553 2217 1628 2239; x_wconf 78' lang='lat' dir='ltr'>lllatth.</span> <span class='ocrx_word' id='word_1_695' title='bbox 1647 2217 1670 2243; x_wconf 91' lang='lat' dir='ltr'>ll,</span> <span class='ocrx_word' id='word_1_696' title='bbox 1689 2216 1717 2238; x_wconf 90' lang='grc'>10</span> <span class='ocrx_word' id='word_1_697' title='bbox 1721 2231 1962 2238; x_wconf 88' lang='grc'>.......</span> 
     </span>
     <span class='ocr_line' id='line_1_102' title="bbox 1262 2262 1963 2291; baseline -0.004 -4"><span class='ocrx_word' id='word_1_698' title='bbox 1262 2274 1271 2286; x_wconf 78' lang='grc'>»</span> <span class='ocrx_word' id='word_1_699' title='bbox 1317 2265 1377 2287; x_wconf 79' lang='lat' dir='ltr'>XVl.</span> <span class='ocrx_word' id='word_1_700' title='bbox 1395 2264 1506 2287; x_wconf 87' lang='lat' dir='ltr'>Dominus</span> <span class='ocrx_word' id='word_1_701' title='bbox 1517 2270 1556 2286; x_wconf 78' lang='lat' dir='ltr'>rex</span> <span class='ocrx_word' id='word_1_702' title='bbox 1567 2265 1651 2291; x_wconf 81' lang='lat' dir='ltr'>noster,</span> <span class='ocrx_word' id='word_1_703' title='bbox 1664 2262 1776 2285; x_wconf 88' lang='lat' dir='ltr'>Dominus</span> <span class='ocrx_word' id='word_1_704' title='bbox 1787 2262 1867 2290; x_wconf 80' lang='lat' dir='ltr'>legifer</span> <span class='ocrx_word' id='word_1_705' title='bbox 1878 2264 1963 2289; x_wconf 82' lang='lat' dir='ltr'>noster,</span> 
     </span>
     <span class='ocr_line' id='line_1_103' title="bbox 1349 2309 1963 2338; baseline -0.003 -5"><span class='ocrx_word' id='word_1_706' title='bbox 1349 2311 1461 2334; x_wconf 81' lang='lat' dir='ltr'>Dominus</span> <span class='ocrx_word' id='word_1_707' title='bbox 1478 2311 1545 2333; x_wconf 80' lang='lat' dir='ltr'>iudex</span> <span class='ocrx_word' id='word_1_708' title='bbox 1563 2312 1647 2338; x_wconf 86' lang='lat' dir='ltr'>noster⁷</span> <span class='ocrx_word' id='word_1_709' title='bbox 1665 2310 1715 2338; x_wconf 89' lang='lat' dir='ltr'>ipse</span> <span class='ocrx_word' id='word_1_710' title='bbox 1731 2309 1830 2332; x_wconf 81' lang='lat' dir='ltr'>salvabit</span> <span class='ocrx_word' id='word_1_711' title='bbox 1846 2315 1897 2336; x_wconf 85' lang='lat' dir='ltr'>nos,</span> <span class='ocrx_word' id='word_1_712' title='bbox 1914 2309 1963 2332; x_wconf 86' lang='lat' dir='ltr'>lsai.</span> 
     </span>
     <span class='ocr_line' id='line_1_104' title="bbox 1349 2359 1963 2385; baseline -0.003 -4"><span class='ocrx_word' id='word_1_713' title='bbox 1349 2359 1963 2385; x_wconf 75' lang='lat' dir='ltr'>XXXlll,‘22.............</span> 
     </span>
     <span class='ocr_line' id='line_1_105' title="bbox 1263 2404 1964 2433; baseline -0.003 -5"><span class='ocrx_word' id='word_1_714' title='bbox 1263 2415 1274 2427; x_wconf 89' lang='lat'>»</span> <span class='ocrx_word' id='word_1_715' title='bbox 1319 2407 1386 2428; x_wconf 79' lang='lat' dir='ltr'>XVll.</span> <span class='ocrx_word' id='word_1_716' title='bbox 1405 2405 1562 2428; x_wconf 75' lang='lat' dir='ltr'>Ambulabunt</span> <span class='ocrx_word' id='word_1_717' title='bbox 1580 2408 1660 2433; x_wconf 72' lang='lat' dir='ltr'>gentes</span> <span class='ocrx_word' id='word_1_718' title='bbox 1685 2405 1707 2427; x_wconf 91' lang='lat' dir='ltr'>in</span> <span class='ocrx_word' id='word_1_719' title='bbox 1726 2404 1813 2427; x_wconf 83' lang='lat' dir='ltr'>lumine</span> <span class='ocrx_word' id='word_1_720' title='bbox 1831 2407 1869 2426; x_wconf 92' lang='lat' dir='ltr'>tuo</span> <span class='ocrx_word' id='word_1_721' title='bbox 1887 2406 1909 2426; x_wconf 93' lang='lat' dir='ltr'>et</span> <span class='ocrx_word' id='word_1_722' title='bbox 1931 2410 1964 2426; x_wconf 89' lang='lat' dir='ltr'>re-</span> 
     </span>
     <span class='ocr_line' id='line_1_106' title="bbox 1349 2451 1961 2481; baseline -0.003 -6"><span class='ocrx_word' id='word_1_723' title='bbox 1349 2460 1390 2481; x_wconf 79' lang='lat' dir='ltr'>ges</span> <span class='ocrx_word' id='word_1_724' title='bbox 1408 2454 1429 2475; x_wconf 85' lang='lat' dir='ltr'>in</span> <span class='ocrx_word' id='word_1_725' title='bbox 1448 2453 1570 2481; x_wconf 83' lang='lat' dir='ltr'>splendore</span> <span class='ocrx_word' id='word_1_726' title='bbox 1589 2456 1652 2475; x_wconf 84' lang='lat' dir='ltr'>ortus</span> <span class='ocrx_word' id='word_1_727' title='bbox 1670 2452 1709 2479; x_wconf 85' lang='lat' dir='ltr'>tui,</span> <span class='ocrx_word' id='word_1_728' title='bbox 1728 2452 1777 2474; x_wconf 84' lang='lat' dir='ltr'>lsai.</span> <span class='ocrx_word' id='word_1_729' title='bbox 1794 2451 1841 2480; x_wconf 76' lang='lat' dir='ltr'>Lx,</span> <span class='ocrx_word' id='word_1_730' title='bbox 1860 2452 1881 2473; x_wconf 87' lang='grc'>3.</span> <span class='ocrx_word' id='word_1_731' title='bbox 1917 2469 1921 2473; x_wconf 97' lang='grc'><em>.</em></span> <span class='ocrx_word' id='word_1_732' title='bbox 1957 2469 1961 2473; x_wconf 98' lang='grc'>.</span> 
     </span>
     <span class='ocr_line' id='line_1_107' title="bbox 1264 2498 1964 2528; baseline -0.001 -7"><span class='ocrx_word' id='word_1_733' title='bbox 1264 2510 1274 2521; x_wconf 81' lang='grc'><em>»</em></span> <span class='ocrx_word' id='word_1_734' title='bbox 1319 2501 1396 2523; x_wconf 67' lang='grc' dir='ltr'>ΧΥ111.</span> <span class='ocrx_word' id='word_1_735' title='bbox 1414 2500 1457 2522; x_wconf 89' lang='lat' dir='ltr'>Ubi</span> <span class='ocrx_word' id='word_1_736' title='bbox 1474 2503 1515 2527; x_wconf 86' lang='lat' dir='ltr'>est,</span> <span class='ocrx_word' id='word_1_737' title='bbox 1533 2500 1572 2528; x_wconf 87' lang='lat' dir='ltr'>qui</span> <span class='ocrx_word' id='word_1_738' title='bbox 1598 2502 1665 2522; x_wconf 88' lang='lat' dir='ltr'>natus</span> <span class='ocrx_word' id='word_1_739' title='bbox 1690 2502 1731 2526; x_wconf 79' lang='lat' dir='ltr'>est,</span> <span class='ocrx_word' id='word_1_740' title='bbox 1748 2505 1786 2521; x_wconf 87' lang='lat' dir='ltr'>rex</span> <span class='ocrx_word' id='word_1_741' title='bbox 1810 2498 1964 2520; x_wconf 74' lang='lat' dir='ltr'>ludaeorum?</span> 
     </span>
     <span class='ocr_line' id='line_1_108' title="bbox 1351 2548 1963 2574; baseline -0.005 -5"><span class='ocrx_word' id='word_1_742' title='bbox 1351 2548 1426 2570; x_wconf 81' lang='lat' dir='ltr'>Matth.</span> <span class='ocrx_word' id='word_1_743' title='bbox 1446 2548 1469 2574; x_wconf 86' lang='lat' dir='ltr'>ll,</span> <span class='ocrx_word' id='word_1_744' title='bbox 1487 2548 1500 2568; x_wconf 86' lang='grc'>2</span> <span class='ocrx_word' id='word_1_745' title='bbox 1504 2561 1963 2568; x_wconf 79' lang='grc'><em>.............</em></span> 
     </span>
     <span class='ocr_line' id='line_1_109' title="bbox 1264 2592 1965 2622; baseline -0.001 -8"><span class='ocrx_word' id='word_1_746' title='bbox 1264 2603 1275 2614; x_wconf 83' lang='lat'>»</span> <span class='ocrx_word' id='word_1_747' title='bbox 1319 2594 1380 2616; x_wconf 79' lang='lat' dir='ltr'>x1x.</span> <span class='ocrx_word' id='word_1_748' title='bbox 1399 2594 1480 2622; x_wconf 77' lang='lat' dir='ltr'>Surge,</span> <span class='ocrx_word' id='word_1_749' title='bbox 1492 2593 1628 2620; x_wconf 85' lang='lat' dir='ltr'>illuminare,</span> <span class='ocrx_word' id='word_1_750' title='bbox 1641 2593 1771 2621; x_wconf 81' lang='lat' dir='ltr'>ierusalem,</span> <span class='ocrx_word' id='word_1_751' title='bbox 1789 2592 1842 2621; x_wconf 87' lang='lat' dir='ltr'>quia</span> <span class='ocrx_word' id='word_1_752' title='bbox 1855 2592 1917 2614; x_wconf 90' lang='lat' dir='ltr'>venit</span> <span class='ocrx_word' id='word_1_753' title='bbox 1934 2592 1965 2614; x_wconf 91' lang='lat' dir='ltr'>lu-</span> 
     </span>
     <span class='ocr_line' id='line_1_110' title="bbox 1351 2641 1963 2669; baseline -0.003 -6"><span class='ocrx_word' id='word_1_754' title='bbox 1351 2648 1403 2664; x_wconf 83' lang='lat' dir='ltr'>men</span> <span class='ocrx_word' id='word_1_755' title='bbox 1421 2644 1494 2669; x_wconf 86' lang='lat' dir='ltr'>tuum,</span> <span class='ocrx_word' id='word_1_756' title='bbox 1513 2642 1562 2664; x_wconf 83' lang='lat' dir='ltr'>lsai.</span> <span class='ocrx_word' id='word_1_757' title='bbox 1582 2641 1629 2668; x_wconf 76' lang='lat' dir='ltr'>Lx,</span> <span class='ocrx_word' id='word_1_758' title='bbox 1651 2642 1656 2663; x_wconf 98' lang='lat' dir='ltr'>l</span> <span class='ocrx_word' id='word_1_759' title='bbox 1663 2657 1963 2663; x_wconf 89' lang='grc'>.........</span> 
     </span>
     <span class='ocr_line' id='line_1_111' title="bbox 1265 2687 1962 2717; baseline -0.003 -6"><span class='ocrx_word' id='word_1_760' title='bbox 1265 2698 1276 2709; x_wconf 67' lang='lat' dir='ltr'>u</span> <span class='ocrx_word' id='word_1_761' title='bbox 1321 2689 1372 2711; x_wconf 76' lang='lat' dir='ltr'>XX.</span> <span class='ocrx_word' id='word_1_762' title='bbox 1390 2690 1471 2716; x_wconf 78' lang='lat' dir='ltr'>Surge,</span> <span class='ocrx_word' id='word_1_763' title='bbox 1492 2688 1626 2717; x_wconf 69' lang='lat' dir='ltr'>illuminare,</span> <span class='ocrx_word' id='word_1_764' title='bbox 1644 2689 1775 2715; x_wconf 83' lang='lat' dir='ltr'>Ierusalem,</span> <span class='ocrx_word' id='word_1_765' title='bbox 1793 2687 1842 2710; x_wconf 86' lang='lat' dir='ltr'>lsai.</span> <span class='ocrx_word' id='word_1_766' title='bbox 1859 2687 1905 2714; x_wconf 80' lang='lat' dir='ltr'>Lx,</span> <span class='ocrx_word' id='word_1_767' title='bbox 1924 2687 1962 2709; x_wconf 72' lang='lat' dir='ltr'>vl..</span> 
     </span>
     <span class='ocr_line' id='line_1_112' title="bbox 1266 2733 1963 2763; baseline 0 -8"><span class='ocrx_word' id='word_1_768' title='bbox 1266 2744 1276 2755; x_wconf 73' lang='lat' dir='ltr'>n</span> <span class='ocrx_word' id='word_1_769' title='bbox 1320 2736 1382 2757; x_wconf 80' lang='lat' dir='ltr'>XXl.</span> <span class='ocrx_word' id='word_1_770' title='bbox 1400 2736 1481 2763; x_wconf 76' lang='lat' dir='ltr'>Surge,</span> <span class='ocrx_word' id='word_1_771' title='bbox 1499 2735 1635 2762; x_wconf 74' lang='lat' dir='ltr'>illuminare,</span> <span class='ocrx_word' id='word_1_772' title='bbox 1657 2735 1788 2761; x_wconf 79' lang='lat' dir='ltr'>ierusalem,</span> <span class='ocrx_word' id='word_1_773' title='bbox 1806 2734 1855 2756; x_wconf 87' lang='lat' dir='ltr'>lsai.</span> <span class='ocrx_word' id='word_1_774' title='bbox 1877 2733 1924 2762; x_wconf 81' lang='lat' dir='ltr'>LX,</span> <span class='ocrx_word' id='word_1_775' title='bbox 1946 2734 1963 2755; x_wconf 88' lang='lat' dir='ltr'>l.</span> 
     </span>
    </p>
   </div>
   <div class='ocr_carea' id='block_1_25' title="bbox 1363 2804 1939 2829">
    <p class='ocr_par' dir='ltr' id='par_1_39' title="bbox 1363 2804 1939 2829">
     <span class='ocr_line' id='line_1_113' title="bbox 1363 2804 1939 2829; baseline -0.003 -1"><span class='ocrx_word' id='word_1_776' title='bbox 1363 2806 1494 2828; x_wconf 77' lang='lat' dir='ltr'>DOMlNiCA</span> <span class='ocrx_word' id='word_1_777' title='bbox 1514 2806 1594 2828; x_wconf 74' lang='lat' dir='ltr'><strong>{NFRA</strong></span> <span class='ocrx_word' id='word_1_778' title='bbox 1613 2806 1751 2829; x_wconf 79' lang='lat' dir='ltr'><strong>OCTAVAM</strong></span> <span class='ocrx_word' id='word_1_779' title='bbox 1769 2804 1939 2827; x_wconf 77' lang='lat' dir='ltr'>EPIPHANIAE.</span> 
     </span>
    </p>
   </div>
   <div class='ocr_carea' id='block_1_26' title="bbox 1226 2875 1964 2951">
    <p class='ocr_par' dir='ltr' id='par_1_40' title="bbox 1226 2875 1964 2951">
     <span class='ocr_line' id='line_1_114' title="bbox 1226 2875 1964 2904; baseline -0.004 -6"><span class='ocrx_word' id='word_1_780' title='bbox 1226 2876 1301 2898; x_wconf 62' lang='lat' dir='ltr'>Sentio</span> <span class='ocrx_word' id='word_1_781' title='bbox 1319 2877 1334 2898; x_wconf 79' lang='lat' dir='ltr'>l¹</span> <span class='ocrx_word' id='word_1_782' title='bbox 1351 2876 1398 2902; x_wconf 83' lang='lat' dir='ltr'>Fili,</span> <span class='ocrx_word' id='word_1_783' title='bbox 1415 2876 1471 2904; x_wconf 80' lang='lat' dir='ltr'>quid</span> <span class='ocrx_word' id='word_1_784' title='bbox 1490 2876 1561 2898; x_wconf 79' lang='lat' dir='ltr'>fecisti</span> <span class='ocrx_word' id='word_1_785' title='bbox 1577 2875 1644 2898; x_wconf 89' lang='lat' dir='ltr'>nobis</span> <span class='ocrx_word' id='word_1_786' title='bbox 1660 2876 1709 2898; x_wconf 79' lang='lat' dir='ltr'>sic?</span> <span class='ocrx_word' id='word_1_787' title='bbox 1726 2876 1774 2903; x_wconf 78' lang='lat' dir='ltr'>Ego</span> <span class='ocrx_word' id='word_1_788' title='bbox 1792 2877 1814 2897; x_wconf 87' lang='lat' dir='ltr'>et</span> <span class='ocrx_word' id='word_1_789' title='bbox 1830 2877 1895 2902; x_wconf 88' lang='lat' dir='ltr'>pater</span> <span class='ocrx_word' id='word_1_790' title='bbox 1912 2876 1964 2896; x_wconf 85' lang='lat' dir='ltr'>tuus</span> 
     </span>
     <span class='ocr_line' id='line_1_115' title="bbox 1353 2921 1964 2951; baseline -0.003 -6"><span class='ocrx_word' id='word_1_791' title='bbox 1353 2923 1455 2945; x_wconf 83' lang='lat' dir='ltr'>dolentes</span> <span class='ocrx_word' id='word_1_792' title='bbox 1472 2922 1643 2951; x_wconf 77' lang='lat' dir='ltr'>quaerebamus</span> <span class='ocrx_word' id='word_1_793' title='bbox 1661 2921 1689 2950; x_wconf 81' lang='lat' dir='ltr'>t&#39;e,</span> <span class='ocrx_word' id='word_1_794' title='bbox 1706 2923 1762 2945; x_wconf 85' lang='lat' dir='ltr'>Luc.</span> <span class='ocrx_word' id='word_1_795' title='bbox 1782 2923 1805 2951; x_wconf 83' lang='lat' dir='ltr'>ll,</span> <span class='ocrx_word' id='word_1_796' title='bbox 1823 2921 1860 2944; x_wconf 73' lang='lat'>48.</span> <span class='ocrx_word' id='word_1_797' title='bbox 1880 2939 1884 2944; x_wconf 96' lang='lat'>.</span> <span class='ocrx_word' id='word_1_798' title='bbox 1919 2938 1924 2943; x_wconf 93' lang='lat'>.</span> <span class='ocrx_word' id='word_1_799' title='bbox 1959 2937 1964 2942; x_wconf 91' lang='lat'>.</span> 
     </span>
    </p>
   </div>
   <div class='ocr_carea' id='block_1_27' title="bbox 1984 389 1996 401">
    <p class='ocr_par' dir='ltr' id='par_1_41' title="bbox 1984 389 1996 401">
     <span class='ocr_line' id='line_1_116' title="bbox 1984 389 1996 401; baseline 0 0"><span class='ocrx_word' id='word_1_800' title='bbox 1984 389 1996 401; x_wconf 64' lang='grc' dir='ltr'>Ὦ</span> 
     </span>
    </p>
   </div>
   <div class='ocr_carea' id='block_1_28' title="bbox 2017 380 2057 402">
    <p class='ocr_par' dir='ltr' id='par_1_42' title="bbox 2017 380 2057 402">
     <span class='ocr_line' id='line_1_117' title="bbox 2017 380 2057 402; baseline 0 0"><span class='ocrx_word' id='word_1_801' title='bbox 2017 380 2057 402; x_wconf 85' lang='grc'>151</span> 
     </span>
    </p>
   </div>
   <div class='ocr_carea' id='block_1_29' title="bbox 1985 473 2062 495">
    <p class='ocr_par' dir='ltr' id='par_1_43' title="bbox 1985 473 2062 495">
     <span class='ocr_line' id='line_1_118' title="bbox 1985 473 2062 495; baseline 0.013 -1"><span class='ocrx_word' id='word_1_802' title='bbox 1985 482 1995 494; x_wconf 73' lang='lat' dir='ltr'>n</span> <span class='ocrx_word' id='word_1_803' title='bbox 2018 473 2062 495; x_wconf 72' lang='grc'>155</span> 
     </span>
    </p>
   </div>
   <div class='ocr_carea' id='block_1_30' title="bbox 1985 716 1995 729">
    <p class='ocr_par' dir='ltr' id='par_1_44' title="bbox 1985 716 1995 729">
     <span class='ocr_line' id='line_1_119' title="bbox 1985 716 1995 729; baseline 0 0"><span class='ocrx_word' id='word_1_804' title='bbox 1985 716 1995 729; x_wconf 67' lang='lat' dir='ltr'>D</span> 
     </span>
    </p>
   </div>
   <div class='ocr_carea' id='block_1_31' title="bbox 1989 953 2000 965">
    <p class='ocr_par' dir='ltr' id='par_1_45' title="bbox 1989 953 2000 965">
     <span class='ocr_line' id='line_1_120' title="bbox 1989 953 2000 965; baseline 0 0"><span class='ocrx_word' id='word_1_805' title='bbox 1989 953 2000 965; x_wconf 61' lang='grc' dir='ltr'><em>Ὠ</em></span> 
     </span>
    </p>
   </div>
   <div class='ocr_carea' id='block_1_32' title="bbox 1990 1046 2001 1058">
    <p class='ocr_par' dir='ltr' id='par_1_46' title="bbox 1990 1046 2001 1058">
     <span class='ocr_line' id='line_1_121' title="bbox 1990 1046 2001 1058; baseline 0 0"><span class='ocrx_word' id='word_1_806' title='bbox 1990 1046 2001 1058; x_wconf 69' lang='lat' dir='ltr'>&#39;J</span> 
     </span>
    </p>
   </div>
   <div class='ocr_carea' id='block_1_33' title="bbox 1990 1233 2001 1245">
    <p class='ocr_par' dir='ltr' id='par_1_47' title="bbox 1990 1233 2001 1245">
     <span class='ocr_line' id='line_1_122' title="bbox 1990 1233 2001 1245; baseline 0 0"><span class='ocrx_word' id='word_1_807' title='bbox 1990 1233 2001 1245; x_wconf 66' lang='grc'>17</span> 
     </span>
    </p>
   </div>
   <div class='ocr_carea' id='block_1_34' title="bbox 1993 1705 2003 1718">
    <p class='ocr_par' dir='ltr' id='par_1_48' title="bbox 1993 1705 2003 1718">
     <span class='ocr_line' id='line_1_123' title="bbox 1993 1705 2003 1718; baseline 0 0"><span class='ocrx_word' id='word_1_808' title='bbox 1993 1705 2003 1718; x_wconf 71' lang='lat'>&gt;²</span> 
     </span>
    </p>
   </div>
   <div class='ocr_carea' id='block_1_35' title="bbox 1994 1800 2004 1812">
    <p class='ocr_par' dir='ltr' id='par_1_49' title="bbox 1994 1800 2004 1812">
     <span class='ocr_line' id='line_1_124' title="bbox 1994 1800 2004 1812; baseline 0 0"><span class='ocrx_word' id='word_1_809' title='bbox 1994 1800 2004 1812; x_wconf 79' lang='lat'>1&gt;</span> 
     </span>
    </p>
   </div>
   <div class='ocr_carea' id='block_1_36' title="bbox 1994 1894 2006 1906">
    <p class='ocr_par' dir='ltr' id='par_1_50' title="bbox 1994 1894 2006 1906">
     <span class='ocr_line' id='line_1_125' title="bbox 1994 1894 2006 1906; baseline 0 0"><span class='ocrx_word' id='word_1_810' title='bbox 1994 1894 2006 1906; x_wconf 62' lang='lat' dir='ltr'>D)</span> 
     </span>
    </p>
   </div>
   <div class='ocr_carea' id='block_1_37' title="bbox 1993 1988 2005 2001">
    <p class='ocr_par' dir='ltr' id='par_1_51' title="bbox 1993 1988 2005 2001">
     <span class='ocr_line' id='line_1_126' title="bbox 1993 1988 2005 2001; baseline 0.083 -1"><span class='ocrx_word' id='word_1_811' title='bbox 1993 1988 2005 2001; x_wconf 73' lang='lat'>1)</span> 
     </span>
    </p>
   </div>
   <div class='ocr_carea' id='block_1_38' title="bbox 1995 2083 2006 2095">
    <p class='ocr_par' dir='ltr' id='par_1_52' title="bbox 1995 2083 2006 2095">
     <span class='ocr_line' id='line_1_127' title="bbox 1995 2083 2006 2095; baseline 0 0"><span class='ocrx_word' id='word_1_812' title='bbox 1995 2083 2006 2095; x_wconf 67' lang='grc' dir='ltr'><em>Π</em></span> 
     </span>
    </p>
   </div>
   <div class='ocr_carea' id='block_1_39' title="bbox 1993 2129 2004 2141">
    <p class='ocr_par' dir='ltr' id='par_1_53' title="bbox 1993 2129 2004 2141">
     <span class='ocr_line' id='line_1_128' title="bbox 1993 2129 2004 2141; baseline 0 0"><span class='ocrx_word' id='word_1_813' title='bbox 1993 2129 2004 2141; x_wconf 68' lang='lat' dir='ltr'>D</span> 
     </span>
    </p>
   </div>
   <div class='ocr_carea' id='block_1_40' title="bbox 1995 2223 2005 2235">
    <p class='ocr_par' dir='ltr' id='par_1_54' title="bbox 1995 2223 2005 2235">
     <span class='ocr_line' id='line_1_129' title="bbox 1995 2223 2005 2235; baseline 0 0"><span class='ocrx_word' id='word_1_814' title='bbox 1995 2223 2005 2235; x_wconf 67' lang='lat' dir='ltr'>&gt;i</span> 
     </span>
    </p>
   </div>
   <div class='ocr_carea' id='block_1_41' title="bbox 1997 2553 2008 2564">
    <p class='ocr_par' dir='ltr' id='par_1_55' title="bbox 1997 2553 2008 2564">
     <span class='ocr_line' id='line_1_130' title="bbox 1997 2553 2008 2564; baseline 0 0"><span class='ocrx_word' id='word_1_815' title='bbox 1997 2553 2008 2564; x_wconf 79' lang='lat'>7&gt;</span> 
     </span>
    </p>
   </div>
   <div class='ocr_carea' id='block_1_42' title="bbox 1997 2929 2008 2940">
    <p class='ocr_par' dir='ltr' id='par_1_56' title="bbox 1997 2929 2008 2940">
     <span class='ocr_line' id='line_1_131' title="bbox 1997 2929 2008 2940; baseline 0 0"><span class='ocrx_word' id='word_1_816' title='bbox 1997 2929 2008 2940; x_wconf 68' lang='grc' dir='ltr'>ι]</span> 
     </span>
    </p>
   </div>
   <div class='ocr_carea' id='block_1_43' title="bbox 2018 708 2062 730">
    <p class='ocr_par' dir='ltr' id='par_1_57' title="bbox 2018 708 2062 730">
     <span class='ocr_line' id='line_1_132' title="bbox 2018 708 2062 730; baseline -0.023 0"><span class='ocrx_word' id='word_1_817' title='bbox 2018 708 2062 730; x_wconf 79' lang='grc'>156</span> 
     </span>
    </p>
   </div>
   <div class='ocr_carea' id='block_1_44' title="bbox 2022 944 2066 967">
    <p class='ocr_par' dir='ltr' id='par_1_58' title="bbox 2022 944 2066 967">
     <span class='ocr_line' id='line_1_133' title="bbox 2022 944 2066 967; baseline -0.023 0"><span class='ocrx_word' id='word_1_818' title='bbox 2022 944 2066 967; x_wconf 35' lang='lat'>&#39;160</span> 
     </span>
    </p>
   </div>
   <div class='ocr_carea' id='block_1_45' title="bbox 2022 1038 2061 1060">
    <p class='ocr_par' dir='ltr' id='par_1_59' title="bbox 2022 1038 2061 1060">
     <span class='ocr_line' id='line_1_134' title="bbox 2022 1038 2061 1060; baseline 0 -1"><span class='ocrx_word' id='word_1_819' title='bbox 2022 1038 2061 1060; x_wconf 85' lang='grc'>161</span> 
     </span>
    </p>
   </div>
   <div class='ocr_carea' id='block_1_46' title="bbox 2023 1131 2066 1153">
    <p class='ocr_par' dir='ltr' id='par_1_60' title="bbox 2023 1131 2066 1153">
     <span class='ocr_line' id='line_1_135' title="bbox 2023 1131 2066 1153; baseline 0 0"><span class='ocrx_word' id='word_1_820' title='bbox 2023 1131 2066 1153; x_wconf 82' lang='grc'>163</span> 
     </span>
    </p>
   </div>
   <div class='ocr_carea' id='block_1_47' title="bbox 2037 1224 2067 1247">
    <p class='ocr_par' dir='ltr' id='par_1_61' title="bbox 2037 1224 2067 1247">
     <span class='ocr_line' id='line_1_136' title="bbox 2037 1224 2067 1247; baseline 0.033 -1"><span class='ocrx_word' id='word_1_821' title='bbox 2037 1224 2067 1247; x_wconf 86' lang='lat' dir='ltr'>ib.</span> 
     </span>
    </p>
   </div>
   <div class='ocr_carea' id='block_1_48' title="bbox 2025 1367 2069 1389">
    <p class='ocr_par' dir='ltr' id='par_1_62' title="bbox 2025 1367 2069 1389">
     <span class='ocr_line' id='line_1_137' title="bbox 2025 1367 2069 1389; baseline 0 0"><span class='ocrx_word' id='word_1_822' title='bbox 2025 1367 2069 1389; x_wconf 77' lang='grc'>165</span> 
     </span>
    </p>
   </div>
   <div class='ocr_carea' id='block_1_49' title="bbox 2026 1461 2069 1483">
    <p class='ocr_par' dir='ltr' id='par_1_63' title="bbox 2026 1461 2069 1483">
     <span class='ocr_line' id='line_1_138' title="bbox 2026 1461 2069 1483; baseline 0 0"><span class='ocrx_word' id='word_1_823' title='bbox 2026 1461 2069 1483; x_wconf 80' lang='grc'>166</span> 
     </span>
    </p>
   </div>
   <div class='ocr_carea' id='block_1_50' title="bbox 2041 1554 2072 1578">
    <p class='ocr_par' dir='ltr' id='par_1_64' title="bbox 2041 1554 2072 1578">
     <span class='ocr_line' id='line_1_139' title="bbox 2041 1554 2072 1578; baseline 0.032 -1"><span class='ocrx_word' id='word_1_824' title='bbox 2041 1554 2072 1578; x_wconf 90' lang='lat' dir='ltr'>ib.</span> 
     </span>
    </p>
   </div>
   <div class='ocr_carea' id='block_1_51' title="bbox 2040 1696 2071 1720">
    <p class='ocr_par' dir='ltr' id='par_1_65' title="bbox 2040 1696 2071 1720">
     <span class='ocr_line' id='line_1_140' title="bbox 2040 1696 2071 1720; baseline -0.032 0"><span class='ocrx_word' id='word_1_825' title='bbox 2040 1696 2071 1720; x_wconf 88' lang='lat' dir='ltr'>ib.</span> 
     </span>
    </p>
   </div>
   <div class='ocr_carea' id='block_1_52' title="bbox 2026 1791 2070 1814">
    <p class='ocr_par' dir='ltr' id='par_1_66' title="bbox 2026 1791 2070 1814">
     <span class='ocr_line' id='line_1_141' title="bbox 2026 1791 2070 1814; baseline 0 0"><span class='ocrx_word' id='word_1_826' title='bbox 2026 1791 2070 1814; x_wconf 85' lang='grc'>167</span> 
     </span>
    </p>
   </div>
   <div class='ocr_carea' id='block_1_53' title="bbox 2042 1885 2073 1908">
    <p class='ocr_par' dir='ltr' id='par_1_67' title="bbox 2042 1885 2073 1908">
     <span class='ocr_line' id='line_1_142' title="bbox 2042 1885 2073 1908; baseline 0.032 -1"><span class='ocrx_word' id='word_1_827' title='bbox 2042 1885 2073 1908; x_wconf 92' lang='lat' dir='ltr'>ib.</span> 
     </span>
    </p>
   </div>
   <div class='ocr_carea' id='block_1_54' title="bbox 2041 1979 2071 2002">
    <p class='ocr_par' dir='ltr' id='par_1_68' title="bbox 2041 1979 2071 2002">
     <span class='ocr_line' id='line_1_143' title="bbox 2041 1979 2071 2002; baseline 0 0"><span class='ocrx_word' id='word_1_828' title='bbox 2041 1979 2071 2002; x_wconf 92' lang='lat' dir='ltr'>ib.</span> 
     </span>
    </p>
   </div>
   <div class='ocr_carea' id='block_1_55' title="bbox 2028 2074 2072 2143">
    <p class='ocr_par' dir='ltr' id='par_1_69' title="bbox 2028 2074 2072 2143">
     <span class='ocr_line' id='line_1_144' title="bbox 2028 2074 2071 2096; baseline 0 0"><span class='ocrx_word' id='word_1_829' title='bbox 2028 2074 2036 2096; x_wconf 91' lang='grc'>1</span> <span class='ocrx_word' id='word_1_830' title='bbox 2043 2074 2071 2096; x_wconf 82' lang='grc'>68</span> 
     </span>
     <span class='ocr_line' id='line_1_145' title="bbox 2039 2120 2072 2143; baseline 0 0"><span class='ocrx_word' id='word_1_831' title='bbox 2039 2120 2072 2143; x_wconf 85' lang='lat' dir='ltr'>ib.</span> 
     </span>
    </p>
   </div>
   <div class='ocr_carea' id='block_1_56' title="bbox 2028 2214 2071 2237">
    <p class='ocr_par' dir='ltr' id='par_1_70' title="bbox 2028 2214 2071 2237">
     <span class='ocr_line' id='line_1_146' title="bbox 2028 2214 2071 2237; baseline 0 0"><span class='ocrx_word' id='word_1_832' title='bbox 2028 2214 2071 2237; x_wconf 83' lang='grc'>169</span> 
     </span>
    </p>
   </div>
   <div class='ocr_carea' id='block_1_57' title="bbox 2042 2356 2073 2379">
    <p class='ocr_par' dir='ltr' id='par_1_71' title="bbox 2042 2356 2073 2379">
     <span class='ocr_line' id='line_1_147' title="bbox 2042 2356 2073 2379; baseline 0.032 -1"><span class='ocrx_word' id='word_1_833' title='bbox 2042 2356 2073 2379; x_wconf 84' lang='lat' dir='ltr'>ib.</span> 
     </span>
    </p>
   </div>
   <div class='ocr_carea' id='block_1_58' title="bbox 2042 2449 2073 2473">
    <p class='ocr_par' dir='ltr' id='par_1_72' title="bbox 2042 2449 2073 2473">
     <span class='ocr_line' id='line_1_148' title="bbox 2042 2449 2073 2473; baseline -0.032 0"><span class='ocrx_word' id='word_1_834' title='bbox 2042 2449 2073 2473; x_wconf 87' lang='lat' dir='ltr'>ib.</span> 
     </span>
    </p>
   </div>
   <div class='ocr_carea' id='block_1_59' title="bbox 2029 2544 2072 2566">
    <p class='ocr_par' dir='ltr' id='par_1_73' title="bbox 2029 2544 2072 2566">
     <span class='ocr_line' id='line_1_149' title="bbox 2029 2544 2072 2566; baseline 0 0"><span class='ocrx_word' id='word_1_835' title='bbox 2029 2544 2072 2566; x_wconf 73' lang='lat'>470</span> 
     </span>
    </p>
   </div>
   <div class='ocr_carea' id='block_1_60' title="bbox 2043 2639 2073 2661">
    <p class='ocr_par' dir='ltr' id='par_1_74' title="bbox 2043 2639 2073 2661">
     <span class='ocr_line' id='line_1_150' title="bbox 2043 2639 2073 2661; baseline 0.033 -1"><span class='ocrx_word' id='word_1_836' title='bbox 2043 2639 2073 2661; x_wconf 91' lang='lat' dir='ltr'>ib.</span> 
     </span>
    </p>
   </div>
   <div class='ocr_carea' id='block_1_61' title="bbox 2043 2731 2073 2755">
    <p class='ocr_par' dir='ltr' id='par_1_75' title="bbox 2043 2731 2073 2755">
     <span class='ocr_line' id='line_1_151' title="bbox 2043 2731 2073 2755; baseline 0.033 -1"><span class='ocrx_word' id='word_1_837' title='bbox 2043 2731 2073 2755; x_wconf 87' lang='lat' dir='ltr'>ib.</span> 
     </span>
    </p>
   </div>
   <div class='ocr_carea' id='block_1_62' title="bbox 2033 2920 2069 2942">
    <p class='ocr_par' dir='ltr' id='par_1_76' title="bbox 2033 2920 2069 2942">
     <span class='ocr_line' id='line_1_152' title="bbox 2033 2920 2069 2942; baseline 0 0"><span class='ocrx_word' id='word_1_838' title='bbox 2033 2920 2069 2942; x_wconf 91' lang='grc'>171</span> 
     </span>
    </p>
   </div>
   <div class='ocr_carea' id='block_1_63' title="bbox 2228 323 2243 634">
    <p class='ocr_par' dir='ltr' id='par_1_77' title="bbox 2228 323 2243 634">
     <span class='ocr_line' id='line_1_153' title="bbox 2228 323 2243 634; textangle 90"><span class='ocrx_word' id='word_1_839' title='bbox 2230 474 2243 634; x_wconf 47' lang='lat' dir='ltr'>2-:m</span> <span class='ocrx_word' id='word_1_840' title='bbox 2228 363 2242 464; x_wconf 37' lang='lat' dir='ltr'>Q*—</span> <span class='ocrx_word' id='word_1_841' title='bbox 2239 323 2240 326; x_wconf 63' lang='lat'><em>„</em></span> 
     </span>
    </p>
   </div>
  </div>
 </body>
</html>
