2243 3348
47 306 116 326 Primo.

18 1140 109 1161 secundo.

8 2571 75 2593 cundo,
84 2576 113 2590 re-

3 2593 40 2613 ‘iiio
48 2595 114 2613 carita-

2 2619 22 2636 ’-·θ
32 2618 113 2636 exhibita

2 2643 59 2667 Ἰιιηᾰῑθι·
69 2641 112 2660 duo.

2 2674 3 2684 l

628 175 721 203 FERIA
742 175 863 211 QUINTA
884 176 916 204 IN
936 176 1043 205 COENA
1064 177 1189 206 DOMlNl.
1212 178 1321 207 SERMO
1343 180 1373 208 V.

209 253 313 287 Primo,
329 253 401 286 dico,
418 252 507 281 reficit
528 252 675 280 refectione
697 252 840 288 magnifice
861 260 975 288 praepa-

133 303 192 329 rata
212 300 373 328 secundum
388 298 635 336 maynificentiam
655 298 764 335 regalis
778 298 976 331 celsituclinis;

132 347 205 376 unde
226 347 252 374 in
275 345 472 375 Eeclesiaste1:
495 346 588 373 Beata
610 348 708 377 terra,
730 344 816 372 cuius
843 353 895 372 rex
926 353 976 372 no-

132 393 197 421 bilis
218 397 274 426 est,
296 396 321 420 el
341 392 427 420 cuius
445 391 595 428 principes
621 394 777 419 vescuntur
798 391 830 418 in
852 394 976 427 tempore

131 448 184 468 suo
206 440 246 468 ad
266 439 462 475 reficiendum.
486 455 522 459 —
551 439 657 471 Terra,
680 441 788 466 sanctae
811 438 906 465 matris
928 438 975 466 Ec-

132 487 245 520 clesiae,
268 489 309 514 est
330 489 426 519 leri-a,
449 485 535 513 cuius
563 493 614 513 rex
635 488 675 512 est
705 483 825 516 nobiliS,
848 484 913 520 quia
934 487 975 512 est

132 533 191 561 Rex
212 540 314 569 repam
335 535 360 559 ec
383 532 524 560 Dominus
545 531 779 564 dominandum,
795 531 841 567 qui
858 538 973 567 praepa-

131 579 202 607 ravit
223 578 394 615 principibus
423 578 532 614 populi,
554 578 580 606 id
609 580 650 606 est
675 577 824 613 Apostolis,
850 577 974 605 refectio-

130 633 207 659 nem,
230 633 282 652 non
305 624 337 652 ad
360 624 570 657 luxuriandum,
585 623 631 652 sed
647 623 828 660 spiritualiter
850 623 974 651 reficien—

130 671 206 700 dum.
234 671 313 699 Istius
335 678 434 699 coenae
455 670 507 698 fuit
529 670 673 706 magnifica
693 670 881 706 praeparati03
901 669 974 706 quod

130 718 300 754 significatur
322 717 348 745 in
371 717 468 745 Esther
480 717 500 750 2,
522 717 568 745 ubi
591 716 706 750 dicitur,
725 716 797 752 quod
814 724 865 744 rex
881 717 975 745 Assue-

130 772 179 793 rus
200 764 303 797 iussit,
325 763 491 792 convivium
516 762 702 800 praeparari
726 761 972 799 permagnificum

130 811 243 839 cunctis
260 809 447 847 principibus
469 810 571 846 populi.
588 826 625 829 —
647 810 704 838 Rex
726 811 870 843 Assuerus,
892 809 918 837 id
933 813 974 837 est

128 857 270 890 Christus,
285 856 371 884 iussil
384 856 569 893 praeparari
583 864 694 884 coenam
715 855 972 892 permagnificum,

129 904 194 940 quia
215 911 316 940 corpus
338 911 419 931 suum
443 903 573 939 exposuit
592 902 625 930 ad
648 902 804 930 convivium
829 902 972 939 principi-

129 949 182 978 bus
204 950 313 986 populi,
335 950 361 978 id
393 953 434 978 θεῖ
466 949 607 986 Apostolis.
631 950 684 978 Hoc
712 949 764 978 fuit
789 949 972 983 convivium,

128 1004 181 1025 non
197 997 354 1033 corporale,
371 996 416 1025 sed
433 996 591 1033 spirituale;
607 1000 633 1024 et
648 996 699 1024 fuit
711 996 971 1033 pernuzynifieum,

127 1043 193 1079 quia
204 1043 271 1071 nihil
287 1046 328 1071 est
342 1042 461 1071 nobilius
476 1050 591 1078 corpore
602 1042 702 1070 Christi
718 1046 745 1070 et
759 1043 849 1070 anima
861 1042 970 1070 Christi.

206 1088 330 1117 Secundo
351 1088 403 1117 suit
423 1089 475 1117 ista
500 1088 611 1117 resectio
640 1089 781 1125 magnifice
810 1091 972 1125 praeparata

126 1136 285 1164 secundum
300 1135 469 1172 diynitalem
488 1135 667 1172 pontificalis
682 1135 882 1168 auctoritatis;
897 1135 971 1172 quod

126 1182 296 1219 significatur
325 1182 350 1210 in
382 1182 469 1210 Iudith
482 1182 502 1216 ³,
524 1182 571 1211 ubi
593 1182 709 1211 dicitur:
735 1182 826 1211 Ozias
846 1183 971 1219 suscepit

125 1229 224 1258 Achior
245 1229 276 1257 in
307 1229 425 1257 (lonium
456 1237 541 1257 suam
571 1233 595 1257 el
620 1228 688 1266 fecit
715 1229 741 1257 ci
767 1238 885 1257 coenam
907 1238 970 1257 ma-

124 1284 224 1313 gnam.
249 1277 282 1304 Et
304 1276 413 1304 uocalis
434 1276 568 1304 omnibus
583 1276 759 1313 presbyteris
773 1276 871 1309 simul,
888 1276 914 1304 id
929 1279 970 1305 est

126 1323 271 1360 Apostolis,
303 1323 410 1359 expleto
441 1323 566 1355 ieiunio,
599 1322 770 1359 refecerunt.
799 1340 835 1342 —
860 1323 968 1357 Ozias,

125 1369 250 1407 pontisex
264 1377 398 1403 summus,
414 1370 461 1406 qui
483 1369 684 1406 interpretatur
700 1369 831 1398 fortitudo
847 1370 969 1404 Domini,

125 1416 260 1453 significat
281 1416 436 1450 Christum3
459 1416 532 1444 unde
553 1416 713 1452 Apostolus:
735 1416 883 1444 Habemus
903 1425 970 1453 pon-

127 1462 231 1498 tificem
251 1471 412 1499 maynum,
441 1463 492 1500 qui
516 1463 680 1499 penetravit
706 1463 807 1491 caelos
841 1463 970 1500 Suscepit

125 1510 224 1539 Achior
245 1510 277 1538 in
307 1510 425 1538 domum
446 1518 551 1543 suain,
572 1510 619 1546 qui
649 1510 849 1546 interpretatur
876 1510 970 1539 fratris

125 1557 177 1586 mei
202 1557 306 1589 lumem
329 1561 353 1585 cl
376 1557 485 1585 vocalis
513 1556 647 1585 omnibus
666 1556 843 1594 presbyteris
864 1557 970 1590 sinull,

125 1603 152 1631 id
167 1606 208 1632 est
223 1603 366 1639 Apostolis,
381 1602 555 1640 refecerunt,
570 1602 677 1639 explelo
692 1603 810 1637 ieiunio,
826 1603 929 1632 scilicet
943 1603 969 1631 in

125 1657 210 1678 coena
230 1650 347 1678 Domini.
371 1650 450 1678 Istam
483 1657 594 1678 coenam
621 1650 748 1678 Christus
780 1650 970 1686 praeparavit,

125 1696 235 1734 qnando
246 1704 347 1733 corpus
359 1704 440 1725 suum
454 1696 584 1728 confecit:
598 1697 781 1734 presbyteros
793 1698 970 1731 convocavit,

125 1743 235 1781 quando
256 1744 329 1780 ipsos
350 1743 499 1777 ordinavit,
515 1743 622 1772 dicens:
640 1744 717 1772 Haec
731 1743 833 1781 facite,
848 1744 971 1782 quoties-

125 1798 247 1828 cumque
261 1789 397 1827 feceritis,
413 1790 444 1818 in
459 1798 552 1818 meam
568 1791 870 1819 commemorationem
882 1791 901 1819 4.
919 1791 970 1819 Ista

125 1836 237 1866 refectio
261 1839 302 1865 est
322 1837 422 1873 regalis
442 1840 470 1865 et
491 1837 654 1873 pontificalis
681 1840 708 1865 et
729 1837 900 1874 significatur
921 1846 970 1874 per

125 1883 300 1913 refectionem
324 1883 537 1917 Melchisedech,
558 1883 592 1912 de
613 1892 668 1920 qua
689 1883 804 1918 dicitur,
823 1884 897 1920 quod
918 1893 971 1912 rex

126 1930 235 1965 Salem,
254 1929 408 1967 proferens
427 1938 532 1966 panem
550 1934 574 1958 el
588 1931 700 1964 vinum,
717 1930 859 1958 benedixit
875 1930 970 1958 Abra-

126 1976 179 2005 lzae
190 1977 210 2005 ⁵.
231 1993 270 1997 -
292 1977 350 2005 Rex
373 1976 467 2005 Salem
496 1977 696 2013 interpretatur
728 1985 780 2005 rex
802 1977 891 2013 pacis,
914 1977 970 2006 sive

125 2031 177 2052 rex
199 2023 336 2057 iustitiae,
358 2027 385 2051 et
406 2023 541 2060 significat
562 2024 719 2057 Christum,
735 2025 781 2060 qui
799 2032 893 2060 pacem
908 2024 971 2053 fecit

125 2073 152 2099 et
174 2070 307 2098 mundum
330 2070 477 2104 iudicabit;
499 2079 588 2108 neque
609 2071 726 2098 initium
743 2071 859 2098 [lienum
879 2079 969 2108 neque

124 2116 211 2153 finem
232 2116 307 2145 voilae
329 2116 453 2149 liabens,-
475 2117 526 2154 qui
547 2117 693 2153 accipiens
711 2126 835 2153 panem,
859 2117 969 2145 benedi-

125 2163 183 2197 wit,
205 2163 315 2200 quando
337 2171 439 2200 corpus
460 2171 541 2192 suum
564 2163 688 2192 confecit.
704 2163 740 2191 Ad
763 2164 841 2192 istam
857 2172 968 2192 coenam

125 2217 175 2238 nos
196 2209 292 2238 invitat
315 2210 374 2238 Rex
396 2218 507 2247 regum.
531 2210 679 2238 lucuriales
710 2217 824 2243 sumus,
846 2210 868 2238 si
890 2218 971 2238 recu-

126 2264 220 2285 semus
240 2257 350 2290 venire‚
372 2256 438 2293 quia
458 2256 550 2293 Angeli
567 2256 745 2285 libentissime
760 2257 900 2285 assistunt.
917 2257 968 2285 Sed

126 2303 253 2340 quidam,
276 2304 408 2332 habentes
423 2304 569 2332 vilissimas
590 2304 709 2338 animas,
730 2307 864 2333 nauseant
886 2312 970 2340 super

126 2358 210 2379 coena
232 2350 296 2383 ista,
319 2350 390 2379 sicut
410 2350 458 2378 filii
481 2351 562 2379 lsrael
584 2350 769 2379 nauseabant
798 2359 886 2388 super
908 2351 969 2379 cibo

126 2397 268 2425 levissimo
280 2397 301 2430 ⁶,
330 2397 433 2425 scilicet
461 2397 587 2431 caelesti,
609 2400 636 2426 et
666 2397 858 2425 desiderabant
884 2406 970 2434 cepas

125 2446 150 2471 ec
171 2442 253 2476 allia,
275 2451 350 2480 quae
364 2443 546 2471 comedebant
567 2443 598 2471 in
620 2446 758 2481 Aeyyplo,
774 2443 845 2472 sicut
866 2443 970 2472 faciunt

126 2490 257 2518 carnales.

204 2536 328 2565 Secundo
356 2536 408 2565 fuit
436 2537 488 2565 ista
519 2536 631 2565 refectio
661 2537 815 2565 caritative
843 2536 970 2565 exhibita

126 2586 238 2620 propter
269 2583 339 2617 (luo,
368 2583 471 2612 scilicet
502 2587 616 2620 propter
647 2583 912 2612 condescensionem
943 2587 970 2612 et

126 2630 415 2658 communicationem
437 2629 590 2658 liberalem.
608 2630 741 2659 Dominus
762 2631 878 2667 ipsemet
896 2631 970 2659 venit

1812 189 1866 216 257

1032 255 1059 281 et
1086 255 1206 290 suscepit
1234 262 1299 283 suos
1326 256 1353 283 in
1381 257 1527 286 resectione
1559 259 1609 287 ista
1636 263 1663 288 et
1684 261 1793 297 largiter
1815 263 1868 291 dis-

1032 299 1137 327 tribuit.

1111 347 1213 381 Primo,
1235 348 1310 381 dico,
1326 352 1368 376 est
1382 349 1493 377 refectio
1514 350 1565 378 ista
1586 352 1727 381 caritative
1747 355 1870 383 exhibita
1887 362 1914 381 ne
1927 363 1994 386 primo.

1032 396 1145 428 propter
1166 394 1428 422 condescensionem
1450 396 1649 430 amicaliilenz‚·
1665 398 1736 427 unde
1751 399 1831 428 lsaias
1842 401 1868 428 ⁷:

1031 438 1110 466 Haec
1134 439 1246 476 requies
1276 448 1358 473 mea,
1380 440 1486 477 reficilc
1507 442 1627 471 lassum.
1650 444 1680 472 Et
1706 453 1758 473 non
1781 446 1869 474 solum

1031 485 1152 521 suscepit
1172 485 1299 514 Christus
1320 494 1385 515 suos
1405 487 1437 515 ad
1460 489 1629 523 convivium,
1646 491 1728 519 immo
1741 492 1821 520 etiam
1837 492 1870 520 ad

1031 531 1158 559 solatium
1180 534 1207 560 et
1227 532 1402 568 obsequium,
1416 534 1488 570 quod
1501 535 1669 571 significatur
1685 538 1710 565 in
1726 538 1870 572 Abraham,

1030 577 1077 613 qui
1100 577 1213 613 Angelos
1236 578 1360 606 invitavit
1380 582 1407 607 et
1427 582 1560 609 cueurril
1579 582 1609 609 in
1624 591 1778 612 occursum
1796 584 1870 620 ipso-

1029 631 1116 657 rum,
1138 624 1246 652 dicens:
1270 623 1401 662 Afferam
1419 628 1587 662 pauxillum
1608 637 1717 666 aquae,
1736 633 1763 658 et
1778 630 1871 659 lavate

1028 670 1113 706 pedes
1133 675 1243 698 vestros
1264 674 1288 699 el
1309 673 1475 709 requiescite
1495 674 1547 702 sub
1569 675 1688 709 arbore,
1709 685 1871 715 ponamque

1030 716 1187 745 buccellam
1206 718 1303 753 panis
1334 718 1460 747 Promisit
1482 723 1586 749 tantum
1609 721 1764 750 buccellam
1782 724 1871 759 panis

1029 766 1056 792 et
1077 763 1175 792 occidit
1195 764 1320 792 vitulum
1348 765 1510 801 saginatum.
1541 767 1612 795 [stud
1634 768 1733 797 melius
1753 770 1871 806 comple-

1030 813 1088 838 tum
1110 813 1151 838 est
1173 810 1199 838 in
1222 810 1352 839 Domino:
1368 812 1477 847 quando
1499 813 1585 841 voluit
1606 814 1694 843 facere
1716 815 1871 843 convivium

1029 856 1125 884 amicis
1147 856 1219 889 suis,
1242 856 1334 884 attulit
1353 857 1457 893 pelvim
1480 866 1574 895 aquae
1594 863 1621 887 et
1641 859 1712 887 lavit
1729 861 1813 896 perles
1828 861 1872 889 cli-

1029 903 1211 939 sczpulorum
1234 911 1356 931 suorum
1371 903 1390 931 Β,
1414 904 1495 937 Ecce,
1518 906 1654 941 quomodo
1682 907 1805 935 Maiestas
1832 908 1872 935 di-

1030 950 1093 978 vina
1115 953 1156 978 est
1177 950 1322 984 inclinata,
1344 950 1417 986 quod
1446 951 1479 979 ad
1512 952 1593 987 pedes
1621 952 1818 989 discipulorum
1844 961 1872 982 se

1029 996 1193 1033 prostravit,
1215 999 1242 1024 θῖ
1264 997 1289 1024 in
1312 1004 1396 1025 coena
1417 1005 1490 1025 unus
1505 998 1704 1034 discipulorum
1724 1008 1812 1035 super
1826 1008 1869 1036 pe—

1028 1048 1091 1072 clus
1121 1043 1239 1071 Domini
1266 1043 1406 1071 recubuit.
1430 1044 1461 1071 Et
1483 1047 1547 1072 tunc
1569 1044 1695 1073 Christus
1715 1046 1803 1082 potuit
1828 1046 1868 1074 di-

1027 1098 1105 1118 cere:
1128 1089 1259 1127 Asferam
1282 1089 1436 1118 buccellam
1457 1091 1563 1127 panis,
1580 1095 1604 1119 el
1624 1091 1804 1128 confortetur
1819 1101 1869 1120 cor

1026 1140 1163 1164 vestrum.
1186 1137 1232 1164 Hic
1253 1139 1294 1164 est
1312 1136 1411 1173 panis,
1428 1145 1481 1164 non
1497 1138 1659 1173 corporalis,
1675 1138 1722 1175 qui
1738 1142 1778 1167 est
1792 1139 1870 1167 cibus

1026 1184 1167 1219 corporis,
1189 1183 1235 1211 sed
1263 1183 1430 1219 spiritualis,
1452 1184 1498 1220 qui
1532 1187 1573 1212 est
1604 1185 1682 1213 cibus
1703 1186 1815 1219 mentis,
1838 1185 1871 1214 de

1026 1238 1081 1267 quo
1103 1230 1309 1266 Augustinus⁹t
1336 1241 1349 1254 «
1365 1230 1459 1263 Crede,
1481 1234 1508 1258 et
1530 1231 1697 1259 manducasti
1711 1243 1736 1258 ».
1754 1232 1804 1260 Ista
1819 1232 1871 1260 fuit

1026 1277 1096 1305 mira
1117 1277 1317 1305 condescensio

1104 1323 1229 1352 Secundo
1250 1323 1302 1351 fuit
1324 1323 1374 1351 ista
1390 1324 1501 1352 refectio
1516 1324 1657 1352 caritative
1672 1325 1795 1353 exhibita
1810 1333 1869 1361 pro-

1026 1374 1087 1407 pter
1114 1370 1406 1399 communicationem
1435 1370 1598 1403 liberalem:
1620 1371 1742 1400 Psalmus
1755 1372 1792 1399 ¹⁰:
1815 1372 1870 1400 Do-

1026 1417 1124 1445 minus
1145 1417 1220 1454 reyic
1240 1425 1299 1450 me,
1321 1421 1347 1445 el
1367 1416 1442 1444 nillil
1462 1416 1535 1445 mz'lu'
1555 1417 1662 1450 deerit5
1684 1418 1714 1445 in
1737 1418 1794 1446 loco
1815 1426 1868 1454 pa-

1025 1472 1114 1492 scuae
1135 1463 1176 1492 ibi
1195 1472 1240 1491 me
1261 1463 1418 1492 collocavit.
1441 1464 1535 1500 Super
1566 1472 1676 1501 aquam
1704 1463 1869 1501 ‘refectionis

1025 1510 1161 1539 educavit
1175 1519 1226 1538 me.
1242 1527 1280 1530 ——
1296 1510 1414 1539 Ecclesia
1429 1510 1476 1538 Dei
1499 1513 1540 1539 θεῖ
1555 1510 1634 1538 locus
1652 1519 1799 1547 pascuae,
1822 1511 1868 1539 ubi

1026 1557 1097 1586 sacta
1117 1561 1159 1585 est
1180 1565 1260 1595 aqua
1282 1556 1461 1594 refectionis,
1478 1557 1503 1585 id
1519 1561 1560 1586 est
1581 1557 1721 1586 affluentia
1742 1558 1865 1586 omnium

1026 1604 1229 1633 iucunditatum
1252 1607 1278 1632 et
1300 1604 1489 1633 refectionum.
1513 1605 1564 1633 iste
1592 1605 1667 1633 locus
1688 1613 1805 1641 pascuae
1826 1608 1867 1633 est

1026 1659 1105 1679 mons
1136 1651 1215 1684 Si0n;
1244 1651 1318 1679 unde
1351 1651 1446 1679 lsaias:
1470 1652 1569 1679 Faciet
1592 1652 1733 1679 Dominus
1761 1652 1868 1680 exerci-

1027 1701 1110 1726 tuum
1132 1698 1163 1726 in
1184 1701 1279 1726 monte
1299 1696 1351 1726 boe
1372 1698 1554 1732 convivium,
1570 1698 1594 1726 id
1617 1702 1657 1726 est
1678 1699 1703 1726 in
1726 1699 1872 1727 eminentia

1028 1744 1200 1772 hierarchiae
1221 1744 1436 1777 ecclesiasticae;
1458 1744 1623 1772 conuicium
1642 1745 1800 1781 pinguium
1815 1753 1872 1773 me-

1027 1790 1208 1819 dullatorum
1223 1795 1249 1819 el
1262 1791 1425 1819 vindemiae
1438 1790 1613 1828 clefaecalae.
1630 1792 1708 1828 Ignis,
1722 1800 1777 1828 quo
1792 1800 1870 1829 prae-

1027 1842 1143 1874 paratur
1165 1837 1339 1872 convivium,
1361 1841 1402 1866 est
1424 1838 1542 1875 Spiritus
1564 1842 1689 1872 sanctus,
1705 1839 1761 1867 sive
1782 1839 1871 1867 virtus

1027 1884 1110 1912 divini
1135 1884 1233 1918 Verbi;
1258 1884 1382 1913 minister
1409 1888 1450 1913 est
1476 1886 1611 1914 sacerdos.
1640 1886 1693 1914 Hoc
1714 1889 1754 1914 est
1775 1886 1872 1913 convi-

1026 1931 1108 1959 vium
1120 1931 1279 1968 pinyuium
1298 1935 1322 1959 et
1342 1932 1505 1959 vintlenn'ac
1526 1931 1709 1969 (lefaecalae;
1732 1932 1868 1960 Psalmus:

1029 1978 1062 2005 El
1083 1977 1161 2005 calix
1193 1986 1274 2005 meus
1305 1977 1456 2006 inebrians
1488 1986 1578 2015 quam
1603 1978 1778 2015 praeclarus
1809 1978 1870 2007 est!

1028 2024 1080 2052 Ista
1101 2024 1153 2052 fuit
1174 2024 1366 2053 liberalissima
1387 2025 1606 2053 communicatio.
1628 2026 1772 2062 Nunquam
1796 2028 1870 2053 tanta

1028 2071 1116 2107 potuit
1131 2071 1253 2107 cogitari.
1267 2088 1303 2091 —-
1318 2071 1361 2099 Est
1376 2071 1460 2108 igitur
1476 2072 1526 2100 ista
1540 2071 1652 2100 refectio
1667 2072 1808 2101 caritative
1822 2080 1871 2100 ex—

1028 2118 1113 2146 hibita
1135 2121 1161 2146 et
1184 2121 1297 2154 propter
1318 2119 1574 2147 condescensionem
1597 2119 1728 2147 humilem
1750 2122 1777 2147 et
1798 2127 1872 2147 com—

1028 2164 1241 2192 municationem
1272 2165 1427 2197 liberalem;
1450 2169 1476 2193 et
1504 2165 1674 2202 significatur
1696 2166 1722 2193 in
1752 2165 1871 2202 Evange-

1028 2211 1062 2239 lio
1077 2212 1098 2227 1¹
1120 2211 1153 2239 de
1176 2211 1231 2239 filio
1252 2212 1382 2248 prodigo,
1405 2212 1451 2248 qui
1474 2220 1536 2240 cum
1560 2216 1748 2240 reverteretur
1768 2212 1801 2240 ad
1824 2220 1869 2248 pa-

1028 2261 1115 2291 trem,
1137 2258 1212 2286 dedit
1232 2258 1255 2286 ei
1279 2262 1356 2295 pater
1377 2259 1482 2287 stolam
1502 2259 1633 2295 primam
1647 2263 1673 2286 et
1693 2259 1816 2286 aizulum
1838 2259 1869 2286 in

1026 2304 1172 2332 manibus.
1195 2304 1278 2333 Filius
1299 2305 1431 2341 prodigus
1452 2308 1493 2334 est
1514 2308 1655 2341 peccator,
1674 2305 1822 2333 revertitur
1836 2305 1868 2333 ad

1027 2354 1149 2387 patrem,
1172 2351 1282 2388 quando
1303 2352 1439 2388 poenitet,
1461 2356 1487 2380 et
1510 2355 1586 2388 pater
1608 2354 1686 2388 parat
1707 2352 1729 2380 ei
1745 2351 1868 2380 vitulum

1026 2398 1215 2434 sayinatum,
1248 2398 1274 2426 id
1305 2402 1346 2426 est
1377 2406 1479 2435 corpus
1509 2398 1625 2431 Christi,
1651 2402 1675 2425 cl
1703 2397 1823 2426 eliorum
1845 2402 1870 2426 el

1026 2443 1248 2481 symphoniam,
1264 2444 1290 2472 id
1306 2448 1347 2473 est
1361 2444 1532 2473 dulcedinem
1549 2448 1574 2473 et
1590 2444 1800 2473 consolationem
1815 2445 1870 2481 spi-

1027 2490 1164 2519 ritualem.
1188 2491 1283 2519 Filius
1303 2492 1417 2525 senior,
1440 2491 1540 2519 invidia
1561 2495 1652 2519 motus
1682 2495 1723 2519 est
1750 2492 1869 2528 populus

1028 2537 1169 2571 Iudaicus,
1192 2538 1238 2574 qui
1262 2546 1314 2566 non
1338 2538 1397 2567 vult
1419 2538 1602 2572 manduc-are,
1625 2538 1651 2566 id
1672 2541 1725 2571 est,
1742 2546 1795 2566 non
1810 2538 1869 2566 vult

1027 2584 1140 2613 credere
1162 2585 1189 2612 in
1211 2585 1388 2613 Sacramento
1408 2585 1518 2618 altaris,
1540 2585 1586 2613 sed
1615 2585 1734 2621 populus
1761 2584 1869 2621 gentilis

1027 2631 1164 2660 admissus
1186 2634 1239 2665 est,
1261 2632 1371 2668 quando
1392 2639 1441 2667 per
1464 2631 1544 2659 fidem
1567 2635 1608 2659 est
1630 2631 1808 2659 illuminatus.

189 2757 197 2769 ¹
215 2758 269 2786 Cap.
288 2759 328 2786 10,
346 2759 387 2786 18;
405 2760 508 2788 sequitur
525 2760 595 2787 Apoc.
615 2760 651 2786 19,
670 2760 706 2782 Ἰ16.
789 2760 798 2773 ²
815 2760 870 2789 Cap.
889 2762 914 2790 2,
934 2762 970 2783 17.

189 2797 198 2809 ⁸
215 2797 271 2825 Cap.
290 2798 315 2826 6,
335 2799 370 2820 19.
390 2805 438 2827 seq.
452 2798 558 2827 (Vulgata
578 2799 644 2827 legit:
662 2799 735 2822 simul
752 2800 843 2829 emplelo
861 2800 970 2829 ieiunio);

127 2837 230 2866 sequitur
248 2836 316 2859 Hebr.
337 2837 362 2865 4,
380 2837 416 2859 «14.

189 2876 198 2888 ⁴²
216 2877 245 2898 lta
263 2876 286 2898 in
303 2882 390 2898 canone
407 2877 500 2905 Missae;
517 2878 557 2899 cfr.
575 2878 629 2900 Luc.
647 2878 689 2905 22,
711 2878 749 2900 ¹¹9.
774 2881 796 2900 et
819 2879 832 2901 1.
854 2878 906 2901 Cor.
932 2880 969 2906 rll,

128 2915 165 2937 24.
183 2921 247 2943 seqq.

190 2953 199 2966 ὅ
216 2953 271 2975 Gen.
292 2953 330 2981 14,
349 2954 384 2975 18.
403 2960 464 2982 seq.;
481 2955 587 2983 sequitur
604 2955 673 2977 Hebr.
685 2955 712 2982 7,
725 2956 746 2977 3.
759 2959 781 2978 et
792 2957 868 2978 Matth.
882 2957 918 2983 26,
931 2956 967 2978 26.

222 3000 247 3023 S.
266 3000 355 3023 Bonav.
372 3013 402 3016 —
420 3001 488 3023 Tom.
505 3001 544 3023 lX.

1090 2761 1100 2773 θ
1117 2762 1183 2783 Num.
1201 2762 1244 2787 21,
1262 2760 1282 2782 5.
1300 2763 1322 2782 et
1339 2760 1390 2782 dein
1408 2766 1427 2782 c.
1446 2761 1454 2781 ¹l
1466 2761 1483 2786 l,
1501 2760 1521 2782 ·’5.

1091 2800 1099 2812 ⁷
1116 2800 1171 2828 Cap.
1190 2801 1230 2827 28,
1250 2800 1290 2826 ‘¹33
1308 2799 1411 2827 sequitui·
1428 2800 1484 2821 Gen.
1502 2799 1542 2824 18,
1561 2798 1605 2820 2-5.
1623 2801 1644 2820 et
1660 2798 1712 2819 (lein
1730 2804 1752 2819 v.
1771 2798 1792 2819 7.
1807 2800 1829 2819 et
1846 2798 1866 2819 8.

1089 2838 1098 2851 ³
1116 2840 1177 2861 Ioan.
1201 2839 1239 2866 is,
1256 2839 1281 2865 5;
1299 2838 1403 2866 sequitur
1420 2844 1439 2859 c.
1458 2838 1498 2863 21,
1516 2837 1552 2858 20.

1089 2877 1098 2889 ⁰
1116 2879 1137 2900 ln
1156 2878 1216 2899 toan.
1235 2878 1321 2904 Evang.
1339 2880 1364 2898 tr.
1383 2876 1420 2898 25.
1438 2883 1461 2898 n.
1480 2877 1516 2897 12.

1090 2915 1109 2928 ¹⁰
1125 2917 1209 2938 Psaim.
1226 2917 1268 2942 22,
1290 2917 1308 2937 l.
1324 2921 1386 2943 seq.;
1404 2917 1531 2943 sequuntur
1549 2914 1598 2936 lsni.
1615 2914 1657 2941 25,
1675 2914 1695 2935 6.
1713 2917 1735 2935 et
1748 2914 1781 2935 Ρε.
1795 2914 1830 2941 22,
1845 2914 1866 2935 5.

1088 2955 1106 2967 ¹¹
1125 2956 1179 2977 Luc.
1200 2955 1233 2983 15,
1251 2955 1288 2977 22.
1306 2960 1370 2983 seqq.

1742 2999 1771 3021 33

1887 1331 1914 1350 De
1926 1332 2015 1351 secundo.

1911 2169 1980 2192 Figura

1914 2192 1976 2210 huius.
