2243 3348
214 1111 241 1130 De
255 1111 317 1130 tertio.

205 1953 232 1971 De
244 1955 310 1976 quarto

334 189 390 217 718

333 268 413 295 sexto
429 267 453 292 ¹:
478 263 635 299 Consurgye,
653 260 772 289 Domine
789 260 874 292 Deus,
889 259 920 287 in
936 257 1062 295 requiem
1083 260 1176 289 tuam,

334 318 364 341 tu.
385 316 409 340 et
437 319 510 339 arca
531 307 716 346 fortitudinis
737 311 812 335 tuae.
843 305 904 334 Ideo
924 303 1111 342 fortitudinis
1137 303 1178 331 di-

333 359 415 391 eitur,
443 357 507 393 quia
535 355 613 383 fortis
634 357 676 383 est
703 353 736 381 ad
764 351 977 384 defensandum
1006 349 1079 378 unde
1105 347 1178 376 cani-

334 412 409 433 mus:
437 403 503 431 «Da
525 401 590 430 mihi
613 401 744 429 virtutem
771 401 868 428 contra
896 398 989 426 hostes
1017 400 1119 425 tuos».
1150 395 1177 423 ln

334 451 418 479 liuius
439 449 544 486 figura,
567 447 647 484 primi
671 447 772 483 Regum
802 448 918 482 quarto,
940 443 1118 482 afferamus,
1140 443 1179 471 in—

333 497 448 534 quiunt,
470 495 509 523 att
530 502 582 523 nos
603 494 636 522 (Ie
658 493 718 522 Silo
738 500 842 521 aream
864 490 990 529 foederis
1008 489 1139 524 Domini,
1155 492 1179 518 et

333 543 428 572 veniat
450 542 480 570 in
501 541 628 569 mettium
656 539 767 573 nostri,
789 542 820 567 ut
840 538 930 566 salvet
950 545 1003 565 nos
1027 537 1061 565 de
1085 544 1179 564 manu

335 589 520 618 inimiem'um
537 591 722 620 nostrorum,
745 585 810 623 quia
825 592 921 614 revera
943 584 1001 621 ipsa
1016 586 1106 620 potest
1126 583 1179 611 sal-

334 644 406 665 vare.
430 635 626 664 Verumtamen
649 633 685 662 ihi
708 632 896 669 subiungitur,
919 631 992 668 quod
1016 638 1068 659 non
1083 637 1179 658 omnes

332 682 446 711 salvavit
462 682 488 715 2;
510 685 538 710 et
567 681 636 709 ratio
657 680 742 709 huius
762 682 813 713 est,
828 679 893 716 quia
908 678 957 715 ipsi
980 680 1059 706 erant
1080 676 1178 705 foedati

332 737 381 766 per
403 729 600 762 idololatriam;
620 727 693 756 unde
707 726 833 756 exterius
850 725 1061 757 venerabantur,
1076 723 1123 753 sed
1138 723 1179 752 in-

333 776 419 806 terius
439 775 659 805 contemnebant.
684 774 799 811 Propter
820 772 894 810 quod
924 771 1096 801 Bernardus:
1122 782 1136 796 «
1151 771 1178 799 ln

333 823 478 861 periculis,
501 823 528 851 in
549 822 684 859 angustiis
705 821 816 850 Mariam
833 820 930 857 cogita,
946 819 1058 848 Mariam
1074 819 1179 852 invoca,

332 873 359 899 et
381 872 409 898 ut
433 869 563 906 impetres
584 868 716 897 orationis
740 868 800 896 eius
827 866 1006 903 suffragium,
1028 874 1081 894 non
1103 865 1180 894 dese-

332 924 378 945 ras
405 915 622 945 conversationis
650 915 710 944 eius
734 914 894 951 exemplum
910 926 937 941 υ.
964 913 1029 942 Nam
1055 912 1102 949 qui
1131 919 1180 941 ore

333 963 440 991 invocat
461 966 488 991 et
509 970 592 999 opere
614 962 757 999 impugnat
778 969 831 990 non
860 964 902 989 est
928 960 1029 997 dignus
1052 958 1179 988 exaudiri

333 1012 359 1038 et
381 1009 497 1042 salvari,
520 1009 567 1037 sed
589 1009 680 1045 potius
701 1007 888 1036 condemnari.

414 1055 505 1084 Tertio
527 1054 626 1083 efficax
647 1057 707 1083 erat
728 1062 793 1082 arca
821 1054 848 1082 in
876 1053 1092 1082 reconcilia-mlo
1114 1061 1180 1089 poe-

337 1103 473 1135 nitentes;
496 1102 580 1130 Exodi
604 1101 735 1139 vigesimo
756 1104 836 1130 sexto
851 1101 877 1129 ⁵:
902 1101 995 1128 Pones
1005 1100 1181 1137 propitiato—

335 1149 416 1177 rium
436 1157 526 1185 super
540 1157 644 1177 arcam
661 1148 818 1176 testimonii
832 1147 862 1176 in
877 1147 987 1176 Sancta
997 1150 1179 1174 sanctorum.

334 1196 404 1232 Quid
426 1204 475 1233 per
500 1195 742 1233 propitiatorium
772 1194 935 1231 intelligitur
964 1194 1014 1222 nisi
1041 1194 1102 1226 ille,
1131 1201 1180 1229 per

333 1250 417 1279 quem
438 1242 501 1278 (est)
524 1242 648 1270 remissio
669 1243 870 1278 peccatorum?
891 1240 997 1269 Primae
1019 1239 1126 1268 loannis
1139 1247 1181 1268 se—

333 1289 438 1318 cundo:
462 1289 645 1318 Advocatum
667 1287 806 1316 habemus
833 1288 915 1324 apuct
944 1288 1064 1315 Patrem
1087 1287 1181 1315 lesum

337 1335 485 1364 Christum
507 1336 637 1369 iustum;
659 1340 683 1364 et
705 1335 764 1372 ipsc
785 1338 825 1363 est
842 1334 1016 1371 propitiatio
1041 1342 1098 1370 pro
1116 1342 1181 1370 pec-

334 1383 409 1411 catis
430 1383 539 1411 nostris
560 1386 627 1416 etc.;
650 1386 676 1411 et
698 1381 771 1410 istud
790 1381 1032 1418 propitiatorium
1056 1381 1120 1416 (est)
1135 1389 1182 1408 su-

331 1438 385 1466 per
407 1438 521 1463 arcam,
543 1429 607 1466 quia
628 1428 662 1457 ad
684 1429 773 1465 ipsum
795 1428 951 1456 accedimus
973 1435 1022 1464 per
1041 1427 1180 1464 Virginem

334 1477 460 1510 Mariam,
482 1484 553 1512 quae
576 1479 706 1512 tanquam
729 1478 816 1503 mater
838 1474 1043 1503 misericordiae
1065 1482 1115 1511 pro
1137 1481 1182 1502 no-

333 1523 375 1552 his
396 1523 428 1551 ad
451 1523 547 1551 Filium
577 1522 749 1559 interpellat,
771 1522 840 1550 iram
870 1522 917 1550 Dei
949 1521 1056 1558 mitigat
1084 1524 1181 1549 contra

334 1574 444 1607 peccata
465 1574 567 1599 nostra.
584 1570 611 1598 ln
627 1570 707 1599 cuius
722 1569 812 1606 figura
827 1569 907 1606 primi
925 1569 1028 1606 Regum
1048 1569 1180 1606 septimo:

334 1618 458 1645 Factum
485 1620 540 1650 cst,
573 1625 607 1645 ex
628 1624 688 1654 qua
709 1616 755 1644 elie
776 1616 885 1644 mansit
907 1624 981 1644 arca
1005 1615 1123 1644 Domini
1150 1615 1181 1644 in

336 1662 561 1697 Caria-tltiarim,
583 1663 771 1700 multiplicati
787 1666 856 1691 sunt
871 1663 940 1691 [lies
965 1662 1180 1691 Cariatltiarim

334 1711 534 1747 interpretatur
551 1710 614 1738 villa
628 1709 773 1743 deficiens,
790 1717 838 1746 per
853 1717 936 1746 quam
952 1709 1115 1746 intelligitur
1132 1709 1182 1738 iste

334 1757 471 1790 mundus,
493 1757 539 1794 qui
556 1764 667 1793 semper
682 1756 768 1785 tendit
782 1756 816 1785 ad
837 1756 973 1785 defectum
990 1759 1103 1793 propter
1119 1764 1181 1793 pec-

335 1808 444 1838 catuni;
466 1804 512 1833 sed
535 1808 625 1833 tamen
648 1804 708 1832 dies
736 1804 840 1840 gratiae
869 1803 1104 1840 multiplicantur
1132 1811 1182 1840 per

335 1851 527 1880 sufficientiam
549 1851 670 1888 Virginis
690 1850 833 1888 gloriosae.

412 1899 516 1935 Quarto
537 1898 637 1927 efficax
658 1898 712 1927 fuit
731 1906 795 1927 arca
816 1898 849 1926 ad
869 1898 1111 1935 prosternendum
1138 1906 1182 1926 re-

336 1944 432 1978 belles‚·
453 1945 640 1974 Numerornm
662 1945 769 1973 decimo
783 1945 810 1972 ¹²:
834 1944 906 1973 Cum
922 1944 1083 1973 elevaretur
1098 1953 1182 1978 arca,

334 1992 444 2020 dicebat
467 1992 592 2029 Moyses.-
616 1992 719 2029 Surge,
738 1992 866 2026 Domine,
888 1995 912 2020 et
926 1992 1106 2029 dissipentur
1127 1992 1183 2020 ini-

334 2039 405 2067 mici
419 2039 477 2072 tm,-
492 2039 565 2067 unde
577 2039 610 2067 de
622 2039 733 2076 Virgine
749 2042 892 2068 cantamus
907 2046 1035 2068 versum:
1055 2050 1067 2064 a
1080 2039 1181 2072 Gaude,

334 2085 418 2114 Maria
433 2086 516 2123 Virgo
531 2097 545 2111 n
570 2089 621 2114 etc.
637 2085 712 2114 Unde
728 2086 786 2123 ipsa
800 2089 841 2114 est
856 2085 971 2119 mulier,
987 2094 1062 2124 quae
1076 2086 1183 2114 contri-

337 2132 374 2161 ot't
395 2136 484 2169 eaput
504 2133 662 2170 serpenti&
683 2133 742 2169 ipsa
763 2133 845 2161 etiam
867 2135 909 2161 est
929 2140 1006 2167 arca,
1028 2140 1099 2169 quae
1121 2141 1183 2169 per-

335 2179 421 2208 cussit
442 2179 622 2213 Philisthiim;
645 2180 726 2216 primi
749 2180 852 2217 Regum
880 2180 978 2217 quinto
993 2180 1020 2208 ⁵:
1043 2179 1104 2208 Illis
1125 2180 1184 2208 cir-

336 2226 576 2255 cumducentibus
603 2234 712 2260 arcam,
740 2226 826 2263 fiebat
850 2235 959 2255 manus
990 2226 1108 2255 Domini
1130 2235 1184 2263 per

335 2273 469 2310 singulas
491 2273 620 2302 ciuitates
648 2273 858 2311 interfectionis
884 2282 1009 2311 vmagnae
1034 2274 1132 2302 nimis.
1155 2274 1183 2301 ln

336 2320 420 2348 huius
441 2320 532 2357 figura
545 2320 647 2349 dicitur
663 2321 739 2349 losue
760 2323 855 2355 sexto,
878 2320 968 2357 quod,
990 2328 1054 2349 arca
1076 2320 1184 2349 Domini

337 2366 487 2396 circuiente
519 2367 640 2401 Iericho,
672 2367 831 2396 ceciderunt
862 2367 935 2395 muri
969 2367 1090 2401 Iericho,
1118 2367 1184 2404 quia

337 2413 395 2449 ipsa
416 2417 469 2447 est,
490 2421 562 2450 quae
583 2414 756 2443 adversarios
777 2422 843 2443 suos
864 2418 891 2443 et
911 2414 1012 2443 Christi
1034 2414 1182 2451 dispergit,

338 2460 407 2488 sieut
430 2460 527 2489 Esther
548 2461 632 2489 Aman
646 2461 658 2478 ὃ
679 2463 708 2490 et
728 2461 800 2490 sicut
821 2461 910 2490 Iudith
944 2461 1112 2490 interficiens
1133 2462 1183 2490 Ho-

338 2506 469 2535 lofernem
490 2511 517 2535 et
538 2507 609 2536 sicut
625 2508 697 2536 [ahel
711 2508 846 2542 Sisaram;
866 2508 927 2545 ipsa
948 2508 1021 2537 enim
1042 2512 1083 2537 est
1099 2508 1183 2537 hosti-

338 2553 390 2581 hus
412 2554 512 2582 nostris
528 2558 618 2583 terror
639 2555 710 2583 sicut
732 2559 900 2584 castrorum
916 2555 993 2583 acies
1011 2554 1151 2584 ordinata
1163 2555 1183 2583 ⁷.

922 179 1094 209 SERMONES
1115 178 1158 206 DE
1181 178 1208 206 Β.
1229 176 1361 206 VlRGlNE
1383 176 1491 204 MARtA.

1315 255 1355 282 lV.
1378 254 1453 282 Posti
1456 261 1517 282 emo
1531 252 1729 281 consideranda
1750 255 1791 281 est
1811 260 1876 281 alca
1890 255 2025 289 quantuni
2047 252 2080 281 ad
2094 258 2178 278 Parsiv.
2188 260 2223 279 uo-

1234 300 1497 337 honorificentiam
1519 307 1591 336 quae
1612 299 1663 328 sihi
1685 299 1783 332 fiebat,
1805 302 1837 328 ut
1857 307 1893 328 ex
1910 299 1961 328 hoc
1983 299 2080 328 intelli-

1235 351 1317 385 gatur
1339 348 1427 376 ὴοῃοι
1449 349 1476 376 et
1497 346 1661 380 reverentia,
1676 354 1748 383 quae
1762 346 1843 375 debet
1858 346 1952 375 habeti
1972 346 2005 375 ad
2022 347 2082 375 Vir—

1235 395 1326 431 ginem
1348 394 1503 431 gloriosam.
1527 409 1563 413 —
1586 393 1646 430 lpsa
1666 401 1786 430 namque
1813 393 1866 421 suh
1892 393 1982 430 figura
2002 401 2082 422 arcae

1236 440 1443 470 honorificanda
1457 443 1498 469 est
1510 440 1643 476 obsequio
1654 439 1806 473 concordi;
1822 440 1847 468 in
1863 440 1943 469 cuius
1954 440 2082 477 figuram,

1236 487 1309 517 tertii
1332 488 1435 524 Regum
1457 490 1554 516 octavo
1567 486 1595 520 ⁸,
1617 486 1787 524 conyreyati
1805 491 1875 515 sunt
1902 495 1999 515 omnes
2018 495 2082 516 ma·

1235 534 1312 562 iores
1333 537 1407 562 natu
1432 533 1524 561 lsrael
1544 541 1611 561 eum
1630 533 1817 570 principibus
1838 533 1968 562 tribuum
1983 538 2009 562 et
2029 534 2082 563 ttu-

1236 590 1280 609 ces
1300 580 1492 618 familiarum
1512 580 1643 617 filiorum
1666 580 1760 609 Israel
1780 580 1820 609 att
1834 589 1928 618 reyem
1951 581 2082 610 Salomo-

1236 637 1301 657 nem
1316 628 1346 657 in
1364 627 1532 662 Ierusalem,
1554 631 1586 656 ut
1606 626 1751 665 deferrent
1765 636 1870 656 arcam
1887 626 2012 665 foederis
2029 629 2083 657 Do-

1235 675 1311 704 mini
1331 676 1365 704 de
1386 675 1502 704 civitate
1525 674 1642 708 David:
1666 674 1693 703 in
1721 683 1778 712 quo
1806 675 1977 712 intelligitur,
2008 675 2083 712 quod

1236 723 1263 751 in
1286 722 1419 751 honorem
1442 722 1563 759 Virginis
1584 721 1718 759 gloriosae
1747 721 1914 751 unanimiter
1941 722 1974 751 ad
2003 722 2083 751 exhi-

1237 769 1357 798 bendum
1392 769 1443 798 sihi
1478 769 1611 797 honorem
1643 772 1670 797 et
1705 768 1888 797 reverentiam
1921 769 2082 806 congregari

1237 816 1360 853 (debent)
1373 820 1427 845 tam
1443 816 1533 853 magni
1549 824 1632 853 quum
1649 815 1736 853 parvi,
1751 815 1903 844 secundum
1919 815 1986 844 illud
2001 816 2083 853 primi

1237 863 1461 900 Paralipomenon
1482 863 1589 892 decimo
1610 863 1722 900 quinto:
1750 862 1909 891 Uni-'versus
1923 863 2018 892 Israel
2037 863 2083 892 de-

1236 910 1379 939 ducebant
1397 918 1501 939 arcum
1516 909 1642 947 foederis
1659 910 1777 938 Domini
1791 909 1822 938 in
1836 909 1934 938 iubilo.
1950 910 2020 939 Nulli
2036 910 2085 939 du-

1237 957 1330 991 bium,
1359 957 1425 994 quin
1449 957 1499 985 viri
1522 957 1674 991 Israelitae‚
1698 957 1785 986 Deum
1814 957 1952 991 videntes,
1981 957 2084 986 scilic-et

1237 1004 1385 1041 Angelum,
1407 1004 1531 1033 deferant
1552 1004 1575 1032 ei
1599 1004 1732 1032 honorem
1753 1012 1818 1032 cum
1843 1004 1916 1032 omni
1938 1004 2085 1033 concordia

1238 1051 1420 1080 voluntatum.
1443 1051 1474 1079 Et
1496 1059 1545 1079 nos
1567 1051 1703 1079 lsraelitae
1724 1050 1857 1079 dehemus
1883 1050 1962 1080 modo
1990 1054 2085 1079 nostro

1239 1098 1326 1135 ipsam
1349 1098 1542 1131 honorificare,
1558 1097 1697 1135 alioquin,
1712 1106 1775 1126 cum
1794 1098 1851 1134 ipsa
1871 1098 1966 1135 diligat
1979 1105 2084 1132 omnes,

1238 1145 1258 1173 si
1281 1145 1405 1179 odimus,
1432 1144 1544 1182 aliquod
1565 1144 1728 1181 obsequium
1755 1148 1881 1173 nostrum
1913 1153 1968 1173 non
1997 1148 2086 1182 potest

1238 1191 1288 1220 sihi
1311 1191 1434 1228 placere;
1456 1195 1483 1220 et
1506 1192 1557 1220 hoc
1576 1191 1644 1220 hene
1660 1192 1804 1228 significat,
1819 1191 1893 1229 quod
1908 1191 2085 1220 deducebant

1237 1247 1303 1267 eam
1324 1238 1355 1266 in
1379 1238 1554 1272 Ierusalem,
1576 1246 1647 1275 quae
1669 1239 1869 1275 interpretatur
1890 1239 1964 1267 visio
1983 1239 2085 1276 pacis,-

1238 1284 1311 1313 unde
1332 1285 1392 1321 ipsa
1411 1284 1476 1313 dicit
1499 1285 1676 1313 Ecclesiastici
1699 1285 1830 1322 vigesimo
1851 1289 1967 1322 quarto:
1990 1286 2023 1314 Et
2042 1286 2085 1314 sic

1238 1332 1269 1360 in
1291 1332 1361 1360 Sion
1381 1331 1504 1368 firmata
1524 1340 1591 1360 sum
1613 1336 1637 1360 et
1658 1332 1820 1361 incivitate
1840 1332 2026 1370 sanctificata
2046 1333 2086 1361 si-

1238 1379 1346 1407 militer
1366 1379 1504 1417 requievi,
1526 1382 1551 1407 et
1572 1379 1603 1407 in
1626 1379 1785 1408 Ierusalem
1805 1383 1932 1417 potestas
1952 1389 2025 1409 mea.

1317 1425 1442 1454 Secundo
1465 1426 1625 1455 honoranda
1646 1430 1687 1454 est
1702 1426 1834 1463 obsequio
1852 1426 1975 1460 ltumili,·
1996 1427 2023 1456 in
2038 1435 2086 1456 cu-

1238 1472 1282 1501 ius
1314 1472 1447 1509 figuram,
1469 1472 1582 1501 secundi
1613 1473 1716 1509 Regum
1745 1473 1867 1507 sexto⁰,
1898 1474 1993 1502 Daoitl
2023 1478 2087 1503 erat

1238 1519 1388 1548 accinctus
1409 1518 1500 1557 epliocl
1529 1519 1609 1548 lineo.
1636 1521 1668 1548 Et
1691 1520 1787 1549 David
1810 1525 1835 1549 et
1860 1521 1955 1549 omnis
1982 1521 2086 1550 domus

1238 1566 1334 1595 Israel
1354 1567 1497 1595 ducebant
1525 1575 1629 1595 arcam
1656 1568 1816 1596 testamenti
1838 1568 1956 1597 Domini
1982 1568 2013 1597 in
2041 1569 2087 1597 iu-

1239 1613 1294 1642 bilo
1316 1617 1340 1642 et
1362 1614 1394 1642 in
1415 1613 1553 1651 clangore
1575 1614 1721 1643 buccinae.
1740 1615 1852 1649 Dauid,
1874 1615 1921 1652 qui
1944 1615 2086 1645 humiliter

1238 1661 1393 1690 honorabat
1420 1669 1529 1696 arcam,
1558 1661 1694 1698 significat
1721 1662 1878 1697 Christum,
1900 1663 1947 1700 qui
1976 1663 2087 1692 humili-

1239 1711 1282 1737 ter
1302 1709 1420 1737 honorat
1442 1709 1555 1737 Matrem
1578 1709 1716 1746 Virginem
1739 1710 1895 1746 gloriosam.
1917 1710 1993 1739 Sicut
2013 1710 2087 1739 eslim

1239 1756 1368 1792 exemplo
1390 1755 1462 1793 regis
1485 1756 1619 1784 humiliati
1649 1756 1731 1785 ceteri
1762 1757 1980 1786 humiliabantur
2002 1757 2088 1786 liben-

1240 1806 1281 1831 ter
1302 1803 1335 1831 ad
1360 1802 1595 1831 honorificandam
1618 1811 1726 1837 arcam3
1748 1804 1787 1832 sic
1806 1805 1935 1841 exemplo
1956 1804 2014 1834 veri
2035 1805 2088 1834 Da-

1241 1850 1300 1885 vid,
1323 1849 1349 1878 id
1377 1853 1418 1879 est
1439 1850 1553 1884 Christi,
1576 1851 1623 1888 qui
1652 1858 1681 1879 se
1709 1851 1865 1880 humiliavit
1892 1851 1924 1881 ad
1954 1853 2087 1881 honorem

1239 1897 1428 1926 exhibendum
1455 1897 1498 1926 isti
1527 1905 1623 1932 arcae,
1649 1898 1714 1935 quia
1739 1903 1803 1927 erat
1829 1899 1965 1928 subditus
1992 1900 2087 1934 Matri,

1240 1945 1328 1973 Lucae
1353 1944 1489 1978 secundo,
1512 1945 1563 1973 viri
1593 1945 1734 1974 christiani
1763 1945 1863 1974 debent
1892 1946 2032 1975 humiliari
2062 1950 2088 1976 et

1240 1992 1378 2020 honorare
1400 1991 1502 2028 ipsam,
1518 1991 1598 2028 quia,
1621 1999 1683 2020 cum
1700 1992 1758 2028 ipsa
1780 1992 1814 2021 sit
1829 1992 1960 2030 magistra
1975 1993 2088 2022 humili-

1242 2038 1316 2072 tatis,
1338 2041 1442 2075 quanto
1462 2038 1525 2076 quis
1548 2039 1634 2076 magis
1654 2039 1707 2067 sub
1731 2039 1790 2076 ipsa
1818 2039 1991 2074 humiliatur,
2013 2044 2088 2069 tanto

1240 2085 1327 2122 magis
1348 2093 1407 2114 eam
1424 2086 1550 2114 honorat.
1566 2086 1617 2115 Sed
1639 2086 1767 2123 sequitur
1783 2086 1835 2115 ibi:
1856 2086 1929 2116 Cum
1950 2087 2089 2116 intrasset

1240 2140 1315 2160 arca
1345 2132 1462 2160 Domini
1492 2133 1523 2161 in
1554 2132 1699 2161 ciuitatem
1730 2133 1840 2167 David,
1873 2133 1993 2168 Micltol,
2023 2134 2088 2171 lilia

1241 2179 1325 2213 Saul,
1338 2179 1519 2217 prospiciens
1536 2188 1589 2216 per
1602 2179 1772 2217 fenestram,
1787 2181 1860 2209 victu
1882 2190 1975 2219 reyem
1992 2181 2089 2210 David

1239 2226 1436 2254 subsilientem
1463 2230 1549 2264 atque
1577 2227 1732 2256 saltantem
1761 2236 1863 2256 coram
1894 2229 2033 2262 Domino,-
2063 2232 2088 2257 et

1242 2272 1371 2310 despexit
1400 2282 1465 2301 eum
1496 2274 1527 2302 t'n
1548 2275 1634 2302 corde
1664 2283 1726 2303 suo.
1758 2273 1863 2303 Micltol
1888 2275 2087 2312 interpretatur

1239 2320 1329 2349 omnis
1349 2328 1430 2357 aqua,
1453 2324 1479 2349 et
1498 2321 1633 2358 significat
1647 2321 1808 2358 sapientiam
1825 2322 2001 2356 mundanam,
2017 2330 2088 2359 quae

1239 2367 1354 2404 despicit
1375 2367 1559 2396 humilitatem
1582 2368 1777 2403 christianam;
1796 2369 1843 2398 sed
1859 2377 1943 2398 verus
1957 2369 2088 2398 Christia-

1239 2421 1293 2442 nus
1314 2414 1476 2451 respondet:
1501 2415 1613 2443 Lutlam
1636 2420 1662 2444 et
1683 2415 1770 2444 vilior
1790 2416 1863 2452 siam
1883 2420 1934 2445 etc.

1319 2461 1411 2490 Tertio
1433 2462 1594 2490 honoranda
1614 2466 1656 2491 est
1676 2463 1810 2500 obsequio
1824 2463 1927 2492 celebri
1934 2474 1943 2496 ,·
1965 2464 1991 2492 in
2007 2464 2087 2493 cuius

1241 2508 1373 2545 figuram,
1389 2508 1501 2537 secundi
1518 2509 1621 2546 Regum
1638 2512 1718 2538 sexto
1735 2510 1772 2544 ²⁰,
1794 2510 1867 2539 abiit
1883 2510 1979 2539 David
1996 2515 2021 2539 et
2035 2511 2088 2540 atl-

1240 2555 1326 2584 tluoeit
1346 2564 1450 2584 arcam
1466 2556 1516 2585 Dei
1529 2557 1563 2585 (le
1584 2557 1667 2585 (tomo
1688 2557 1863 2591 Ohededonu
1877 2561 1903 2586 et
1922 2563 2006 2587 erant
2021 2566 2088 2587 eum

402 2742 409 2754 ¹
430 2743 495 2765 Vers.
513 2744 555 2771 ΙιΙ;
573 2748 701 2773 sequuntur
719 2746 819 2768 Breviar.
838 2747 935 2769 Roman.
948 2747 1013 2769 vers.
1026 2747 1054 2769 ad
1073 2747 1143 2775 Vesp.
1162 2747 1184 2769 in

339 2780 462 2804 Commun.
480 2782 503 2805 Β.
522 2783 547 2805 V.
566 2784 593 2805 M.
611 2787 633 2806 et
650 2785 664 2806 Ι.
683 2785 739 2812 Reg.
758 2785 778 2812 4,
797 2786 819 2807 3.

401 2819 410 2832 2
427 2820 472 2843 Csr.
493 2822 506 2843 l.
525 2822 581 2850 Reg.
600 2823 620 2849 li,
639 2823 717 2845 ν10,-
730 2824 839 2852 Sequitur
858 2825 974 2852 Rerum-(t,
988 2825 1067 2847 homil.
1080 2826 1101 2847 2.
1113 2832 1184 2853 super

339 2858 427 2882 Missus
444 2861 490 2886 est,
507 2866 530 2882 n.
552 2861 584 2882 17.

402 2896 411 2909 ⁸
430 2898 495 2921 Xers.
513 2899 553 2927 343
572 2902 733 2928 sequunturl.
750 2902 810 2924 toan.
828 2903 849 2929 2,
871 2903 889 2924 1.
908 2909 958 2931 seq.
975 2904 1028 2925 etl.
1046 2904 1102 2931 neg.
1119 2904 1141 2931 7,
1159 2905 1182 2926 2.

403 2936 411 2948 ·¹
430 2937 493 2959 Vers.
512 2938 553 2965 35,
571 2939 674 2967 sequitui
691 2940 792 2963 Brexiffl:
804 2941 900 2963 Roman.
911 2942 1003 2970 Antiph.
1021 2943 1038 2964 l.
1051 2943 1107 2965 5113.
1119 2943 1183 2965 Noct.

341 2975 369 2996 (le
386 2974 508 2998 Commun.
527 2977 548 2999 Β
568 2978 593 2999 Χ.
612 2979 640 3000 w.
657 2982 679 3001 et
697 2979 751 3001 infra
769 2985 806 3002 1es
796 2980 890 3007 picitur
907 2981 963 3003 Gen.
980 2982 1001 3008 3
1020 2982 1056 3004 15.

1304 2746 1313 2759 ⁵
1332 2747 1397 2769 Vers.
1414 2747 1441 2774 9,
1459 2747 1511 2769 dein
1529 2748 1649 2775 respicitur
1667 2749 1708 2770 los.
1726 2749 1746 2776 6,
1766 2749 1802 2770 ll.
1820 2749 1856 2770 20.

1304 2785 1313 2798 Ε
1330 2786 1460 2814 llespicitur
1478 2787 1537 2809 Esth.
1556 2787 1578 2814 7,
1601 2787 1637 2815 10;
1656 2787 1729 2809 ludith
1751 2787 1785 2814 ¹3,
1807 2788 1840 2809 10.
1858 2790 1879 2810 et
1897 2787 1966 2810 ludic.
1985 2787 2005 2814 4,
2024 2788 2060 2810 21.

1304 2825 1312 2837 ⁷
1330 2826 1460 2854 Rcspicitur
1478 2826 1541 2848 Cant.
1560 2827 1581 2853 6,
1599 2827 1621 2848 3.

1303 2863 1312 2876 Β
1330 2865 1396 2887 Vers.
1418 2865 1440 2892 ¹3
1458 2868 1586 2894 sequuntur
1606 2867 1618 2887 l.
1638 2866 1686 2888 Par.
1710 2866 1743 2893 15,
1761 2867 1797 2888 28.
1815 2872 1864 2895 seq.
1881 2866 1981 2888 etEecli.
2000 2865 2036 2894 24,
2051 2865 2087 2888 '15

1303 2902 1313 2915 ⁰
1330 2904 1396 2926 Vch.
1418 2904 1451 2926 tt.
1468 2911 1530 2933 st=(1.;
1547 2905 1600 2927 dein
1623 2905 1745 2933 respicitur
1762 2906 1817 2927 Luc.
1835 2906 1859 2931 2,
1879 2905 1917 2927 51.
1939 2908 1961 2927 et
1983 2905 2087 2934 sequitur

1240 2943 1264 2965 ll.
1282 2943 1338 2970 neg.
1356 2944 1378 2969 6,
1396 2943 1431 2965 16.
1450 2947 1471 2966 et
1489 2944 1541 2966 dein
1559 2951 1581 2966 ν.
1600 2945 1636 2966 22.

1304 2981 1323 2994 ¹⁰
1341 2982 1407 3004 Vei-s.
1428 2983 1461 3005 12.
1478 2986 1500 3005 et
1517 2983 1568 3005 dein
1587 2990 1609 3005 v.
1630 2983 1664 3006 it.
1682 2987 1704 3006 et
1722 2990 1743 3006 v.
1762 2984 1783 3006 6.
1796 2990 1845 3012 seq.

2101 282 2215 303 norisscentia

2097 307 2218 349 Ῥῖἓὲψέἓὶἒ

2107 334 2116 352 p
2126 353 2196 376 quium.

2099 398 2126 418 De
2139 399 2204 422 primo.

2101 1429 2128 1448 De
2141 1428 2227 1448 secundo.

2104 2462 2131 2480 De
2145 2461 2205 2481 tertio.
