2243 3348
26 611 62 631 ,111-
73 611 100 630 De

29 639 51 653 ne
63 635 104 653 illu-

31 658 67 677 nda
80 658 99 676 in

27 686 94 700 unet-a-

20 1407 51 1426 lex
63 1407 100 1431 cly-

19 1435 66 1449 iens.

7 1986 9 2054 -..,..
0 1881 10 1975 ιι...-

580 154 737 183 ΒΟΜΙΝΙΟΑ
758 155 835 183 XXll.
858 154 940 183 POST
962 155 1203 184 PENTECOSTEN.
1226 155 1336 184 SERMO
1357 156 1398 184 Vl.

117 233 199 261 etiam
214 232 322 269 pictura
343 232 408 260 dicit
429 232 589 260 Ambrosius
604 232 706 260 bonum
723 233 838 261 verbum
862 233 963 261 Hexae-

118 287 213 307 nieron
237 279 307 307 libro
328 279 445 306 sexto¹:
472 289 485 303 «
502 278 592 307 Pictus
613 286 658 312 eS,
673 287 689 307 o
712 279 802 313 homo,
823 282 851 308 et
873 280 962 316 pictus

117 334 146 354 es
167 334 182 354 a
204 325 319 353 Domino
342 325 396 353 Deo
418 328 474 353 tuo.
498 325 601 353 Bonum
624 325 709 353 habes
723 325 856 354 artificem
879 329 962 363 atque

117 373 266 409 pictorem;
289 372 343 400 noli
359 372 457 400 bonam
472 371 564 400 delere
581 372 733 408 picturam,
755 380 809 400 non
826 372 900 406 fuco,
915 373 961 401 sed

117 420 231 449 veritate
246 419 406 455 fulgentem,
421 426 474 446 non
491 426 554 446 cera
569 426 741 454 expressam,
760 418 806 447 sed
828 419 916 455 gratia
932 430 961 453 »3

116 471 177 504 post
200 474 301 502 pauca:
328 477 341 490 «
356 465 412 494 Noli
436 465 532 493 tollere
554 465 690 501 picturam
708 465 753 493 Dei
777 469 804 494 et
826 466 961 502 picturam

118 513 271 542 meretricis
291 520 433 541 assumere
447 523 474 539 ».

196 559 234 587 111.
251 559 343 587 Tertio
363 558 432 592 dico,
448 557 521 595 quod
538 558 626 594 imago
641 558 748 586 animae
763 562 804 587 est
819 559 875 592 Dei,
898 560 963 596 quia

116 607 151 635 ab
165 614 197 635 eo
222 605 421 634 illaminanda
436 605 467 633 in
482 608 601 633 aelerna
623 606 875 639 rcnzaneratione;
889 606 963 634 unde

116 653 252 682 secundae
271 652 304 681 ad
320 652 476 680 Corinthios
492 651 572 680 tertio
587 652 612 679 2;
636 651 695 679 Nos
710 660 820 685 onmes,
837 653 962 681 revelata

115 699 193 737 facie
212 699 339 737 pieriam
364 699 415 727 Dei
433 698 631 735 specii-lantes,
653 699 683 726 in
708 699 827 727 eandem
856 700 962 737 imayi-

115 755 180 776 nem
202 745 458 783 transformamur
480 754 500 773 a
520 745 655 774 claritate
676 745 707 773 in
728 745 902 774 claritatem.
924 764 962 766 —

115 793 176 822 Nos
197 793 324 821 revelata
344 792 431 829 facie,
454 792 479 821 id
495 795 536 821 est
550 792 680 828 expedita
701 792 821 826 ratione,
837 793 909 829 quod
932 793 962 821 fit

115 841 142 869 in
165 840 289 868 mortalis
310 840 434 876 corporis
455 839 624 875 depositione
652 842 680 867 et
700 839 863 875 cognitionis
888 840 962 868 aeni-

114 887 248 924 gmaticae
269 887 461 920 evacuatione;
482 886 609 923 gloriam
628 886 694 919 Dei,
715 889 745 914 ut
766 885 831 914 (licit
852 886 960 915 Glossa:

119 946 132 960 «
147 934 302 963 Gloriosum
334 934 478 962 Dominum
495 945 525 967 »,
553 933 734 970 speculantes
742 943 752 966 ;
784 933 815 961 in
842 933 961 961 eandem

115 982 273 1019 inzayinem
296 980 571 1018 transformantem
585 980 694 1008 Glossa:
722 991 734 1004 κ
750 980 849 1016 Utique
868 980 962 1016 imagi-

115 1037 177 1057 nem
202 1029 247 1057 Dei
272 1028 329 1056 vult
350 1027 480 1064 intelligi,
502 1027 621 1055 eandem
643 1027 752 1060 dicens,
774 1027 852 1055 istam
875 1027 961 1063 ipsam

115 1075 226 1108 scilicet,
241 1074 267 1103 id
283 1077 332 1106 est,
347 1081 429 1110 quain
445 1073 621 1110 speculamur
636 1085 649 1098 »
664 1084 671 1107 ς
686 1076 713 1101 et
729 1073 780 1101 hoc
795 1082 814 1101 a
829 1073 962 1101 claritate

115 1122 146 1150 in
167 1121 349 1153 cla-ritatcm,·
371 1129 389 1148 a
411 1120 560 1154 claritate,
584 1120 707 1156 picturae
734 1120 777 1148 hic
799 1120 908 1148 habitae
935 1123 962 1148 et

115 1168 289 1197 colorationis
299 1178 305 1202 ;
317 1168 349 1196 in
363 1167 537 1200 claritatem,
553 1166 694 1195 habendae
709 1167 924 1195 illuminationis.
940 1166 962 1194 Ο

115 1218 217 1252 quanta
238 1214 402 1251 refulgentia
426 1214 488 1248 erit,
509 1213 619 1250 quando
641 1214 752 1242 claritas
772 1214 837 1242 solis
858 1213 961 1242 aeterni

114 1262 280 1291 illuminabit
294 1262 398 1290 animas
412 1261 593 1298 glorificatas,
615 1269 685 1298 quas
700 1261 744 1289 hio
759 1260 879 1289 efficacia
900 1269 963 1289 san-

114 1309 206 1346 guinis
220 1308 320 1337 Christi
336 1308 475 1345 depinxit!
492 1308 563 1336 sicut
578 1308 728 1345 figuratum
752 1311 792 1336 est
812 1308 892 1344 primi
908 1308 962 1336 Ma-

114 1356 300 1384 chabaeoruin
316 1358 396 1383 sexto
408 1355 434 1382 ³:
450 1354 571 1391 Hefalsit
586 1354 629 1383 sol
643 1354 674 1382 in
689 1354 800 1391 clypeos
815 1363 922 1383 ‹tarcos
938 1358 963 1382 et

115 1411 223 1435 aereos,
235 1401 474 1438 resplenduerunt
490 1406 598 1430 montes
613 1401 649 1430 ab
662 1401 710 1429 cis.
725 1417 764 1421 —-
780 1402 889 1438 Duplex
905 1401 962 1439 cly-

114 1458 185 1486 peus
197 1449 275 1478 nobis
286 1458 301 1477 a
312 1449 460 1489 Deo-datus
471 1452 520 1482 est,
532 1457 602 1485 quos
613 1449 645 1477 ad
659 1449 791 1477 honorem
807 1456 888 1477 suum
902 1456 964 1485 por—

116 1499 174 1525 tare
188 1496 334 1525 debemus:
359 1496 464 1532 primus
486 1498 527 1524 est
548 1495 660 1529 anima,
677 1495 815 1524 secundus
829 1498 870 1524 est
892 1503 962 1523 caro

115 1546 221 1577 nostra;
237 1543 343 1579 primus
358 1542 459 1571 dicitur
474 1550 585 1570 aureas
596 1545 709 1578 propter
720 1549 837 1570 aureum
852 1541 962 1578 sangui-

115 1597 176 1618 nem
194 1590 251 1618 lesu
273 1589 391 1622 Christi,
413 1597 468 1625 quo
489 1589 614 1625 depictus
629 1591 684 1622 est;
702 1588 841 1617 secundus
861 1588 962 1616 dicitur

115 1645 218 1665 aereas
234 1639 347 1673 propter
369 1636 547 1665 constantiam
572 1635 773 1669 tribulationis,
795 1644 878 1672 quam
901 1643 963 1672 per-

115 1691 211 1720 pessus
232 1687 281 1712 est.
297 1683 347 1711 Sed
370 1683 396 1711 in
413 1686 533 1719 utroque
554 1682 597 1711 sol
612 1682 749 1720 refulgyet,
765 1682 830 1719 quia
849 1686 961 1719 propter

114 1730 324 1759 redundantiam
340 1730 443 1767 gloriae
464 1730 619 1758 animarum
642 1730 695 1758 erit
716 1730 880 1767 refulgentia
901 1737 962 1758 cor-

114 1785 214 1813 porum
236 1777 488 1814 glorificandorum.
512 1776 543 1804 Et
558 1777 610 1805 hoc
626 1776 832 1813 intelligendum
853 1780 894 1805 est
908 1777 962 1804 Au-

114 1823 255 1860 gustinum
279 1824 409 1857 sensisse,
424 1823 458 1851 de
475 1823 579 1859 Spiritu
600 1826 627 1851 et
647 1823 746 1857 anima,
766 1831 828 1852 eum
851 1823 961 1856 (licitur,

114 1870 189 1906 quod
208 1881 222 1895 «
233 1878 330 1898 sensus
346 1873 470 1899 vertetur
485 1870 511 1898 in
529 1870 661 1899 rationem
675 1883 700 1904 »,
718 1871 742 1898 in
759 1874 894 1907 quantum
910 1869 962 1898 sci-

115 1917 177 1945 licet
199 1925 249 1946 sua
270 1917 459 1946 remuneratio
480 1920 507 1946 et
528 1917 660 1954 gaudium
681 1926 698 1946 a
719 1918 824 1946 ratione
852 1925 961 1946 emana-

114 1963 163 1992 bit.
187 1963 258 1992 lstud
281 1964 451 2000 Augustinus
466 1964 532 1992 dicit
552 1964 643 1992 adhuc
659 1964 830 1993 manifestius
844 1964 877 1992 ad
899 1964 962 1992 Dio-

114 2018 224 2039 scorum
248 2011 275 2039 in
298 2011 415 2047 Epistola
430 2011 659 2047 quinquagesima
681 2015 776 2039 sexta:
803 2023 815 2035 «
828 2012 893 2039 Tam
915 2019 962 2047 po-

115 2057 181 2086 tenti
205 2061 305 2086 natura
322 2058 393 2086 Deus
407 2057 471 2086 fecit
485 2057 615 2092 animam,
631 2061 663 2086 ut
677 2066 713 2086 ex
729 2058 788 2087 eius
805 2058 963 2095 plenissima

117 2104 284 2133 beatitudine
307 2104 442 2133 redundet
464 2105 490 2132 in
507 2113 618 2141 corpus,
640 2113 693 2133 uon
713 2105 869 2138 beatitudo,
891 2112 962 2141 quae

114 2151 290 2188 intelligentis
311 2154 338 2180 et
359 2151 478 2180 fruentis
499 2155 555 2185 est,
579 2152 625 2180 sed
656 2151 796 2188 plenitudo
821 2151 961 2185 sanitatis,

115 2198 141 2227 id
162 2202 203 2227 est
225 2198 440 2235 incorruptionis
462 2199 540 2235 vigor
555 2209 582 2232 »ς
604 2202 630 2227 et
654 2202 719 2227 tunc
749 2199 784 2227 ab
805 2199 856 2227 ista
878 2198 962 2227 reful-

114 2245 206 2282 gentia
227 2245 326 2274 mentis
347 2246 413 2274 caeli
430 2245 658 2282 resplendebunt,
674 2246 699 2274 id
722 2249 771 2279 est,
787 2246 878 2283 Angeli
895 2254 962 2282 gau-

114 2292 227 2320 debunt.
249 2292 300 2320 Sed
322 2292 406 2325 scitis,
428 2292 501 2329 quod
517 2292 656 2321 excellens
675 2292 806 2329 gaudium
828 2293 961 2321 occultari

115 2347 168 2367 non
192 2342 290 2375 potest,
312 2339 362 2367 nisi
385 2344 513 2375 erumpat
535 2340 561 2367 in
584 2339 716 2376 gaudium
732 2340 774 2368 vel
796 2339 913 2368 iuhilum
936 2343 962 2368 et

115 2385 262 2419 canticum,
274 2386 377 2422 quibus
392 2386 503 2422 plenum
520 2387 573 2415 erit
588 2394 703 2423 regnum
719 2386 868 2420 caelorum,
884 2387 963 2414 iuxta

115 2433 231 2461 verbum
253 2433 360 2461 Domini
386 2433 419 2461 ad
441 2433 502 2466 Iob,
526 2433 666 2470 trigesimo
695 2437 791 2461 octavo
806 2433 826 2466 4,
853 2433 961 2462 dicens:

117 2479 289 2508 Concentam
312 2479 385 2508 caeli
405 2480 471 2517 qais
493 2480 623 2508 dormire
643 2479 752 2517 faciet?
774 2480 851 2516 quasi
874 2480 961 2508 dicat:

116 2526 209 2554 nullus
232 2526 339 2562 poterit,
361 2527 426 2563 quia
446 2526 606 2555 irascibilis=
622 2529 696 2555 tanta
711 2527 858 2563 possidebit
877 2527 961 2555 Deum

115 2573 278 2602 adhaesione
301 2577 327 2602 et
349 2574 482 2607 tentione,
503 2573 659 2602 rationalis
683 2577 756 2601 tanta
777 2574 962 2602 illustrabitur

178 2718 186 2731 ¹
204 2719 259 2747 Cap.
277 2720 298 2741 8.
315 2726 337 2741 n.
357 2719 393 2741 47.

178 2757 186 2769 ²
205 2758 270 2780 Vers,
293 2759 324 2780 18,
343 2771 373 2774 -
391 2759 453 2780 Duae
472 2762 594 2787 sequentes
612 2759 705 2781 Glossae
726 2762 778 2781 sunt
800 2758 961 2781 interlinearis

115 2798 178 2826 apud
196 2799 310 2825 Lyrunum
329 2801 351 2820 et
368 2798 445 2820 Glossa
465 2797 588 2819 Lombardi
607 2798 628 2819 in
642 2799 703 2820 hunc
715 2798 799 2825 locuni,
812 2805 837 2820 ex
856 2799 960 2826 August„

116 2837 168 2859 XV.
185 2837 214 2859 (le
232 2837 313 2859 Triuit.
331 2843 349 2859 e.
369 2838 390 2858 8.
408 2844 429 2859 u.
450 2837 485 2858 14.

179 2875 187 2888 ³
207 2876 270 2898 Vei-s.
288 2876 325 2898 39.
342 2888 373 2892 —
392 2876 440 2898 Duo
458 2878 580 2904 sequentes
593 2876 634 2898 loci
652 2878 821 2904 suntAugust„
834 2877 863 2898 de
876 2877 960 2904 Spiritu

116 2918 138 2937 et
155 2915 229 2937 anima
249 2914 315 2943 (inter
333 2921 402 2942 opera
420 2916 535 2943 August),
553 2921 573 2937 c.
598 2916 630 2941 12,
645 2918 667 2937 et
680 2915 748 2942 Epist.
770 2916 818 2938 tis.
837 2916 901 2941 (alias
914 2916 960 2944 50.)

117 2960 138 2975 n.
162 2953 194 2975 lli.

210 3000 238 3023 S.
254 3000 346 3023 Bonan.
361 3013 391 3016 —
404 3001 474 3022 Tom.
489 3000 526 3022 lX⁴

1808 158 1863 186 449

1020 233 1066 262 Dei
1089 233 1251 270 cognitione,
1267 237 1294 262 et
1308 234 1540 271 concupiscibilis
1557 238 1630 263 tanta
1649 235 1801 272 replebitur
1817 236 1863 263 Dei

1019 280 1172 314 dilectione,
1187 280 1261 317 quod
1283 289 1331 309 ora
1346 282 1499 318 corporalia
1513 290 1566 310 non
1583 286 1714 318 poterunt
1728 290 1835 311 cessare
1850 291 1865 310 a

1019 327 1066 355 Dei
1080 327 1167 355 laude.
1180 343 1216 348 —-
1227 328 1280 356 Hoc
1291 328 1351 356 dico
1363 328 1463 357 secund
1469 337 1513 357 um
1527 329 1681 365 opinionem
1694 329 1803 357 illorum
1817 330 1863 366 qui

1019 374 1129 407 dicunt,
1152 374 1259 402 laudem
1276 375 1401 403 vocalem
1417 375 1517 404 debere
1531 384 1591 404 esse
1606 376 1633 403 in
1655 377 1729 404 caelo
1744 376 1763 404 ⁵.
1788 376 1817 404 Et
1831 377 1865 405 de

1020 421 1071 449 isto
1092 421 1197 449 cantico
1218 425 1246 450 ct
1260 422 1339 450 laude
1355 422 1456 450 dicitur
1472 423 1554 451 Isaiae
1572 426 1668 451 sexto:
1690 423 1865 451 Clamabunt

1020 467 1092 495 alte)¹
1114 468 1154 495 acl
1175 468 1298 496 atterum
1327 472 1352 496 et
1380 469 1528 497 dicebant:
1558 469 1700 503 Sanctus,
1726 474 1862 504 sanctas,

1019 517 1139 542 sanetas
1156 514 1298 542 Dominus
1315 515 1391 543 Dens
1405 516 1593 544 exercituum..
1610 516 1736 544 Sanctus
1757 517 1862 553 primo,

1019 561 1084 597 quia
1105 561 1250 597 imaginem
1274 562 1416 590 ljieatarum
1439 562 1593 591 animarum
1609 563 1724 600 sculpsit
1739 564 1765 591 in
1788 571 1864 592 crea-

1020 608 1107 641 tione;
1129 612 1250 636 sanctas
1272 609 1408 643 secundo,
1431 610 1496 646 quia
1520 618 1578 638 eam
1607 610 1732 647 depinxit
1754 611 1779 639 in
1803 619 1863 647 pas-

1019 654 1110 687 sione;
1125 658 1245 683 sanctas
1267 655 1361 689 tertio,
1377 655 1442 692 quia
1456 664 1516 684 eam
1531 656 1696 684 illuminavit
1711 656 1736 684 in
1752 660 1864 685 aeterna

1020 701 1250 730 remuneratione.
1274 702 1409 738 Rogemus
1430 706 1480 731 etc.

1366 764 1509 801 1101111110.

1100 842 1230 875 Resume,
1246 842 1267 870 si
1283 843 1380 877 placet,
1396 843 1588 871 auctoritatem
1606 843 1799 879 principalem,
1815 844 1864 872 sci-

1020 887 1094 916 licet:
1108 888 1176 922 Nos,
1192 889 1317 917 revelata
1329 889 1407 927 facie
1416 890 1544 927 ylorictm
1560 890 1610 918 Dei
1626 890 1816 926 speculantes,
1832 891 1863 918 in

1019 935 1137 963 camlem
1161 935 1317 972 imayinem
1344 936 1602 973 transformamur
1630 945 1649 965 a
1670 937 1804 965 claritate
1833 938 1863 965 in

1020 981 1191 1010 claritatem.
1216 1000 1248 1003 —
1274 983 1332 1011 Nos
1355 983 1481 1012 revelata
1501 983 1596 1021 facic‚·
1616 984 1748 1012 Gtossafl:
1775 984 1799 1012 id
1823 988 1863 1013 est

1025 1040 1037 1053 «
1052 1029 1180 1065 expedita
1196 1030 1300 1058 ratione
1316 1042 1342 1063 ιι,
1364 1030 1410 1058 illa
1423 1031 1615 1067 speculantes,
1633 1031 1657 1059 id
1673 1035 1713 1059 est
1733 1043 1746 1056 «
1763 1032 1787 1059 in
1803 1039 1863 1067 spe-

1020 1075 1107 1103 culo»
1127 1075 1188 1104 fidei
1204 1079 1230 1104 et
1245 1079 1451 1110 creaturarum3
1466 1077 1591 1113 gloriam
1610 1078 1741 1110 Domini,
1756 1077 1861 1105 Glossa:

1020 1122 1044 1150 id
1067 1126 1107 1150 est
1134 1134 1147 1147 «
1162 1123 1311 1159 gloriosum
1334 1124 1481 1152 Dominum
1499 1135 1531 1158 »;
1555 1125 1585 1152 in
1610 1125 1730 1153 candem
1758 1125 1862 1161 11111191-

1019 1177 1083 1196 nent
1115 1168 1389 1206 transformainzu·;
1420 1170 1528 1199 Glossa:
1562 1171 1689 1207 «Utique
1717 1171 1861 1207 imaginem

1020 1214 1066 1242 Dei
1090 1215 1149 1243 vult
1170 1215 1293 1252 intelligi,
1315 1216 1434 1244 eandem
1457 1216 1594 1250 dicens»;
1617 1220 1643 1245 et
1665 1216 1863 1254 transforma-

1020 1270 1089 1289 mar
1111 1270 1130 1289 a
1150 1262 1284 1290 claritate
1305 1262 1335 1290 in
1364 1263 1544 1296 clcw‘t'lalem,
1572 1263 1681 1292 Glossa:
1709 1275 1721 1288 «
1737 1264 1755 1291 Α
1784 1263 1862 1291 clari-

1020 1312 1074 1337 tate
1096 1309 1171 1342 fidei,
1193 1309 1239 1337 ubi
1262 1309 1309 1337 filii
1327 1310 1372 1338 Dei
1389 1318 1498 1344 sumus,
1521 1310 1552 1338 in
1573 1310 1735 1338 claritatem
1750 1310 1862 1346 speciei,

1020 1356 1066 1384 ubi
1088 1355 1196 1383 similes
1217 1356 1243 1383 ei
1263 1356 1384 1389 erimus,
1406 1365 1472 1385 eam
1494 1356 1655 1385 videbimus
1676 1365 1751 1390 eam,
1775 1356 1865 1385 sicuti

1020 1406 1059 1430 est
1075 1414 1100 1430 υ.
1124 1418 1159 1422 ——
1182 1402 1251 1430 Haec
1273 1407 1313 1431 est
1335 1403 1424 1440 imago
1447 1403 1576 1440 gloriae,
1599 1411 1670 1440 quae
1692 1404 1815 1432 consistit
1836 1403 1862 1431 in

1022 1449 1120 1485 triplici
1142 1449 1220 1482 dote,
1243 1453 1273 1477 ut
1294 1450 1398 1478 scilicet
1420 1450 1649 1479 transformemur
1665 1451 1690 1478 in
1714 1450 1863 1487 potentiam

1021 1495 1107 1523 Patris
1128 1503 1177 1531 per
1198 1498 1336 1531 potentem
1359 1496 1508 1524 tentionem
1530 1499 1557 1525 et
1579 1496 1810 1530 indissolubilem;
1837 1496 1864 1525 in

1020 1542 1180 1578 sapientiam
1202 1542 1258 1569 Filii
1283 1550 1331 1578 per
1348 1543 1516 1571 manifestam
1540 1544 1747 1580 coyntae-nem,-
1769 1543 1796 1571 in
1817 1543 1864 1571 be-

1020 1589 1201 1617 nevolentiam
1224 1589 1342 1625 Spiritus
1358 1590 1442 1618 sancti
1459 1598 1507 1626 per
1522 1590 1740 1619 ardentissimam
1764 1594 1790 1618 et
1805 1598 1864 1627 per-

1019 1636 1194 1664 fectissimam
1212 1636 1364 1664 caritatem
1380 1636 1436 1665 sive
1451 1636 1631 1665 dilectionem.
1656 1637 1686 1665 Et
1701 1640 1777 1670 nota,
1793 1637 1864 1665 sicut

1021 1686 1191 1719 praetactum
1214 1686 1270 1716 est,
1293 1683 1382 1719 prima
1398 1683 1487 1720 imago
1509 1687 1549 1712 est
1570 1684 1646 1720 quasi
1669 1684 1800 1720 scalpta,
1822 1691 1864 1712 se-

1020 1730 1110 1758 cunda
1131 1730 1208 1766 quasi
1231 1730 1371 1763 colorata,
1394 1730 1440 1758 scd
1463 1731 1529 1759 haec
1547 1731 1626 1758 tertia
1647 1734 1688 1758 est
1708 1730 1785 1766 quasi
1807 1730 1864 1758 sole

1020 1776 1180 1805 irrcaliala.
1204 1777 1242 1805 De
1264 1777 1343 1805 cuius
1365 1777 1429 1805 solis
1451 1777 1626 1805 irradiatione
1651 1777 1752 1805 dicitur
1775 1777 1865 1805 Eccle-
1882 1786 1996 1805 Notandum.

1020 1823 1120 1852 siastici
1146 1823 1357 1860 quadragesimo
1387 1824 1466 1852 tertio
1482 1824 1507 1851 ⁷:
1537 1824 1701 1860 Tripliciter
1725 1824 1768 1852 sol
1795 1833 1864 1852 caca-

1020 1879 1087 1898 rcns
1103 1875 1218 1898 montes.
1235 1887 1272 1890 —
1288 1870 1335 1898 Sol
1350 1870 1399 1898 iste
1415 1870 1549 1907 significat
1565 1871 1660 1904 Deum,
1676 1871 1722 1907 qui
1739 1874 1862 1904 montes,

1020 1917 1046 1945 id
1067 1921 1108 1946 est
1123 1917 1267 1946 Beatorum
1285 1921 1405 1951 mentes,
1428 1917 1580 1954 tripliciter
1594 1918 1703 1951 exurit,
1719 1926 1781 1946 cum
1804 1925 1864 1945 eva-

1019 1967 1083 1993 cuat
1104 1964 1184 1992 fidem
1209 1972 1257 2001 per
1278 1968 1389 2000 apertae
1412 1964 1522 1993 visionis
1547 1964 1744 2001 cognitionem,
1771 1972 1863 2001 spem,

1020 2019 1068 2048 per
1090 2011 1276 2039 inamissibilis
1292 2011 1469 2047 possessionis
1484 2011 1645 2044 tentionem,
1661 2015 1687 2039 et
1702 2019 1764 2039 cum
1782 2011 1863 2047 perli-

1019 2058 1055 2086 cit
1077 2057 1217 2086 earitatem
1241 2057 1299 2086 viae
1315 2065 1364 2093 per
1379 2057 1519 2086 caritatem
1535 2057 1646 2093 gloriae.
1663 2073 1700 2077 —
1715 2057 1862 2091 Attendite,

1020 2104 1163 2137 carissimi,
1176 2107 1278 2140 quanta
1295 2104 1495 2140 resplendentia
1509 2104 1571 2137 erit,
1586 2112 1648 2133 cum
1665 2104 1708 2132 ille
1724 2104 1763 2132 sol
1779 2107 1864 2132 aeter-

1020 2160 1087 2185 nus,
1110 2151 1156 2188 qui
1179 2151 1267 2179 lacem
1298 2150 1441 2179 inhabitat
1470 2151 1712 2185 inaccessibilem,
1742 2151 1863 2187 resplen-

1019 2199 1093 2228 debit
1114 2199 1140 2226 iu
1164 2202 1311 2234 utramque
1332 2198 1493 2234 imaginem:
1520 2199 1664 2234 imaginem
1694 2202 1809 2226 naturae
1837 2201 1864 2227 et

1020 2246 1165 2282 imaginem
1188 2245 1306 2282 gratiae;
1329 2245 1400 2273 sicut
1421 2245 1557 2281 signatum
1580 2249 1621 2274 est
1649 2245 1729 2281 primi
1756 2245 1863 2273 Macha-

1019 2293 1150 2321 baeorum
1173 2295 1252 2320 sexto
1267 2292 1294 2319 Sz
1317 2291 1440 2327 Restant
1464 2291 1507 2319 sol
1528 2292 1557 2319 in
1579 2291 1690 2329 clypeos
1712 2300 1818 2319 aureos
1839 2295 1863 2319 el

1020 2348 1135 2373 aereos,
1157 2339 1397 2376 resplenduerunt
1418 2342 1526 2366 montes
1547 2338 1583 2366 ab
1605 2339 1663 2372 eze,-
1682 2347 1730 2375 per
1752 2339 1863 2376 clypeos

1020 2394 1119 2414 aereos
1136 2386 1292 2422 figurantur
1302 2389 1393 2421 partes
1404 2385 1530 2421 imaginis
1541 2388 1670 2419 naturae;
1685 2393 1734 2422 per
1746 2394 1862 2418 aureos,

1020 2437 1112 2469 partes
1135 2433 1259 2469 imaginis
1281 2433 1393 2469 gratiae.
1424 2432 1449 2459 [n
1479 2432 1545 2460 istos
1572 2432 1615 2459 sol
1636 2431 1775 2469 refalyet,
1798 2440 1866 2466 cum,

1019 2488 1065 2508 eas
1087 2480 1159 2508 Deus
1183 2480 1281 2516 triplici
1304 2479 1366 2507 dote
1387 2479 1470 2512 ditat,
1492 2482 1519 2507 et
1541 2481 1606 2507 tunc
1627 2482 1736 2507 montes
1764 2478 1800 2506 ab
1822 2479 1863 2507 eis

1019 2526 1207 2563 resplendent,
1223 2526 1288 2562 quia
1310 2526 1454 2554 Beatorum
1478 2528 1582 2554 mentes
1605 2525 1766 2554 mirabiliter
1781 2529 1807 2554 et
1823 2526 1862 2553 in—

1019 2573 1163 2602 effabiliter
1185 2572 1337 2609 fulgebunt.

1080 2719 1090 2731 ⁴¹
1109 2720 1173 2741 Veis.
1191 2719 1227 2741 37.

1081 2758 1089 2770 5
1107 2759 1151 2780 (Σίν.
1170 2759 1298 2785 11011111·.,11.
1310 2759 1371 2780 Seni.
1384 2758 1405 2779 d.
1420 2759 1441 2779 2.
1459 2764 1482 2785 p.
1500 2758 1523 2779 11.
1541 2757 1596 2779 dul).
1619 2758 1637 2779 1.
1654 2762 1676 2779 et
1694 2758 1729 2779 tv.
1748 2758 1770 2780 (1.
1786 2758 1821 2779 te.
1840 2764 1862 2785 p.

1019 2798 1041 2819 11.
1059 2800 1113 2819 sect.
1135 2797 1152 2818 1.
1170 2803 1190 2818 a.
1209 2797 1229 2818 3.
1247 2803 1269 2824 q.
1292 2797 1309 2817 1.
1326 2809 1357 2812 -
1374 2796 1482 2824 Sequitur
1500 2796 1548 2818 lsai.
1568 2797 1589 2823 6,
1607 2796 1627 2817 3.

1081 2835 1089 2848 s·
1107 2836 1197 2858 Scilicet
1216 2835 1271 2857 cetri
1290 2835 1422 2861 Lombardi,
1441 2834 1478 2857 ubi
1497 2835 1565 2857 etiam
1584 2838 1707 2863 sequentes
1724 2835 1864 2857 6105500111-

1018 2876 1141 2896 veniuutur
1158 2881 1203 2897 sec.
1221 2877 1325 2902 August,
1345 2875 1393 2896 XV.
1411 2875 1441 2896 de
1459 2875 1521 2896 Trin.
1540 2880 1559 2896 c.
1577 2876 1599 2897 8.
1617 2881 1638 2896 n.
1661 2874 1695 2896 tt,

1082 2913 1089 2925 Τ
1109 2914 1173 2935 Vcrs.
1192 2914 1216 2940 ›l;
1234 2914 1338 2942 sequitur
1355 2914 1367 2935 1.
1387 2914 1447 2935 Tim.
1465 2915 1486 2941 6,
1505 2914 1542 2935 16,

1082 2952 1090 2965 ⁸
1110 2954 1173 2975 Vers.
1192 2953 1228 2975 39.

1739 2998 1768 3020 57

1883 335 1897 354 N
1901 336 1988 355 otandum
1992 350 1996 354 .

1878 1412 1953 1436 Triplex
1966 1412 2007 1431 dos.
