2243 3348
0 753 55 776 Tertio,
68 752 90 771 de

0 777 48 796 iitate
63 780 92 794 se-

0 801 47 819 ]ante
63 804 92 818 re·
106 797 123 826 p

0 823 68 848 gentian.

14 1825 89 1846 Divisio.

735 246 893 275 DOMINICA
914 247 947 275 IN
968 246 1219 276 SEPTUAGESIMA.

107 324 255 355 crescentis
277 323 304 352 in
326 332 444 353 messem
471 324 581 361 gloriae.
611 324 643 352 Et
664 327 777 361 propter
806 325 858 353 hoc
885 324 950 353 dicit

106 371 253 399 Dominus:
272 370 329 406 Qui
343 378 409 398 vero
424 370 456 398 in
470 374 582 398 terram
597 370 702 399 bonam
723 371 885 399 seminatas
899 374 950 404 est,

107 417 152 446 hie
172 421 226 451 est,
248 416 301 455 qai
320 416 406 445 audit
426 416 545 444 verbam
566 421 593 445 et
611 417 745 454 intelligit
771 420 797 445 et
816 416 950 454 fractum

106 462 198 501 affert.
214 480 252 483 —
273 462 395 491 Verbum
413 463 465 491 Dei
477 463 643 491 seminatur
657 463 688 491 in
703 467 814 491 terram
830 462 950 496 bonam,

106 509 215 547 quando
236 508 362 537 auditur
383 516 445 537 cum
471 508 627 537 reverentia
647 512 671 536 et
693 508 864 545 intelligitur
886 516 950 536 eum

106 556 284 585 exsecutione
305 556 427 589 effectus,
449 555 514 592 quia
536 558 602 583 tune
616 555 715 583 devota
729 555 821 583 anima
838 555 872 583 ad
893 563 950 583 ino-

106 603 172 632 dum
194 607 291 631 terrae
306 602 396 631 bonae
410 602 571 630 seminatae
586 600 672 639 affert
685 601 820 639 ft'actam
837 602 950 638 gratiae,

106 649 215 687 quando
236 649 310 686 quod
332 648 495 685 intelligitur
516 656 600 684 opere
621 648 762 684 impletur.

183 696 276 724 Tertio
297 695 411 724 bonitas
432 702 627 723 consummans
642 694 668 722 in
684 702 751 731 agro
766 694 890 723 caelestis
904 702 951 730 pa-

107 743 175 771 triae
195 742 340 771 seminavit
361 742 543 778 sempiternas
558 740 749 778 resulyentias
770 741 859 769 dando
878 749 951 769 com-

126 790 209 818 letum
232 797 291 818 esse
312 789 431 825 gloriae3
453 788 526 816 unde
548 787 650 816 dieitur
675 788 758 816 Isaiae
779 787 951 824 sexagesimo

106 837 195 874 primo
211 837 236 863 l:
261 836 313 864 Isti
331 839 400 863 sunt
426 843 535 868 semen,
557 834 608 862 cai
628 834 771 862 benedixit
800 834 950 862 Dominus.

110 883 248 912 Gaude-ns
267 881 399 919 yaaclebo
420 882 452 910 in
474 881 607 914 Domino,
630 884 656 909 et
672 880 828 909 exsultabit
849 881 952 909 anima

106 937 171 958 mea
191 929 223 957 in
243 929 301 957 Deo
322 937 398 962 meo,
420 928 492 966 quia
513 927 612 956 induit
638 936 683 955 me
703 927 878 955 vestimentis
903 936 951 956 sa-

106 976 183 1005 lutis.
207 993 242 996 —
264 976 319 1004 Isti
337 979 407 1004 sunt
434 983 545 1008 semen,
568 975 593 1003 id
616 977 658 1003 est
678 974 880 1011 sempiternalis
908 982 951 1002 re-

105 1023 270 1060 fulgentiae,
291 1022 418 1051 micantis
438 1030 455 1050 a
475 1022 543 1050 facie
564 1021 696 1050 claritatis
718 1021 780 1054 Dei;
803 1021 853 1049 eui
873 1020 951 1049 bene-

106 1070 180 1099 dixit
210 1070 368 1103 Dominus,
390 1068 579 1097 benedictione
600 1068 712 1104 gloriae.
742 1068 783 1095 Ex
804 1068 851 1095 illa
878 1067 951 1096 enim

105 1116 263 1145 immediata
283 1115 387 1144 visione
408 1115 485 1143 faciei
508 1115 555 1143 Dei
584 1117 660 1143 tanto
690 1114 826 1143 desiderio
850 1113 952 1142 amoris

105 1162 213 1199 rapitur
234 1162 325 1191 anima
346 1161 507 1198 glorificata,
523 1164 567 1195 ut,
582 1161 649 1189 dum
664 1161 798 1198 pandens
811 1161 950 1197 yctacleat,

105 1209 204 1246 gaudio
232 1217 331 1245 magno
362 1208 488 1237 exterius
516 1211 651 1244 quantum
673 1207 707 1235 ad
728 1209 870 1243 aspectum
901 1207 952 1235 hu-

107 1256 244 1285 manitatis
265 1255 382 1289 Christi3
405 1255 523 1283 exsultet
544 1254 576 1282 in
596 1254 661 1288 Deo,
678 1254 794 1282 interius
815 1257 952 1291 quantum

105 1303 138 1332 ad
159 1305 299 1339 aspectum
322 1302 492 1336 Divinitatis3
515 1310 551 1330 ex
574 1309 630 1338 qua
651 1301 762 1338 quidem
784 1301 888 1329 visione
910 1301 951 1328 in-

105 1349 209 1378 duitur
230 1349 394 1377 vestimento
416 1348 530 1377 salutis.
553 1347 631 1384 Quod
653 1347 731 1376 nobis
752 1350 803 1376 etc.

446 1435 538 1462 Sanno
559 1435 580 1462 ll
592 1434 611 1461 2.

175 1513 303 1539 Dominica
321 1513 410 1544 quinta
429 1513 486 1544 post
505 1512 680 1543 Epiphaniam,
704 1519 784 1537 sermo
804 1512 891 1537 fratris
908 1512 953 1537 Bo-

105 1556 258 1581 naventurae
276 1556 403 1585 Pal-isius,
422 1556 448 1579 in
467 1555 538 1580 domo
558 1555 685 1579 Fratrum.

185 1629 283 1658 Simile
304 1628 418 1666 saetam
439 1632 480 1657 est
508 1636 633 1665 requam
655 1628 803 1656 caelorum
824 1627 951 1662 homini,

106 1675 157 1714 qui
175 1675 332 1704 seminavit
346 1675 453 1703 bonum
467 1683 562 1703 semen
584 1675 615 1702 in
637 1682 710 1711 ayro
732 1683 802 1708 suo,
824 1674 950 1702 Matthaei

105 1723 209 1752 decimo
230 1723 312 1752 tertio
323 1723 343 1751 ³.

184 1770 316 1799 Dominus
337 1770 412 1798 Iesus
443 1769 471 1797 in
504 1769 546 1797 his
575 1768 668 1797 verbis
695 1768 782 1805 tangit
812 1769 953 1805 metapho-

106 1817 162 1846 rice
182 1817 251 1852 tria,
273 1817 376 1845 seilicet
404 1816 590 1853 principiam
618 1815 848 1852 productivum,
878 1815 952 1852 quod

105 1866 146 1894 est
167 1864 241 1893 Deus
261 1866 406 1898 aeternus,
428 1863 511 1892 homo
533 1863 700 1899 intempore
715 1862 869 1899 perfectum
884 1862 952 1891 sub-

106 1912 210 1940 iectum
231 1911 422 1948 receptivam,
444 1910 518 1947 quod
544 1913 585 1939 est
607 1911 761 1939 humanum
782 1918 870 1947 genus
891 1918 952 1938 eoa-

105 1961 212 1995 ptatum
227 1958 378 1987 influentiis
393 1958 557 1987 caelestibus
566 1981 573 1992 ,
585 1960 612 1986 et
623 1961 721 1986 actum
734 1957 951 1991 intermediam,

106 2005 154 2042 qui
174 2007 216 2034 est
235 2004 396 2042 praeventio
417 2013 433 2033 a
454 2004 554 2033 divinis
575 2004 790 2033 charismatibus
818 2004 875 2033 sive
901 2004 951 2032 iin-

106 2052 198 2081 missio
218 2052 351 2081 divinitus
371 2051 584 2088 inspirationum
606 2054 765 2080 sanctarum
780 2054 807 2079 et
825 2051 952 2080 attractio

106 2099 306 2128 desideriorum
328 2099 452 2128 caelitus.
475 2099 597 2127 Primum
626 2101 691 2126 nota
719 2098 746 2126 in
773 2098 952 2126 similitudine

107 2145 190 2183 reyni
219 2146 368 2174 caelorum
389 2145 423 2174 ad
445 2145 705 2179 hominem-Deum;
727 2144 895 2178 secundum,
924 2145 951 2173 in

108 2201 180 2230 αρν-ο
201 2201 271 2226 suo;
292 2192 421 2226 tertium,
443 2192 470 2221 in
492 2192 578 2221 verbo
598 2191 773 2220 seminandi.

1795 248 1848 276 195

1086 325 1164 353 Circa
1191 327 1280 353 totum
1303 327 1381 359 nota,
1404 325 1476 362 quod
1505 327 1546 353 est
1571 333 1637 362 ager
1658 325 1850 362 quadruplex,
1873 333 1978 356 merqua-

1008 370 1110 399 seilieet
1124 371 1287 399 mundialis
1302 370 1455 399 machinae
1473 371 1552 400 nobis
1567 371 1700 400 traditus:
1716 372 1743 399 in
1757 371 1852 408 sepul·
1866 356 1997 406 pfissrffss‘hq-

1008 425 1092 445 crum
1107 417 1245 445 humanae
1260 417 1448 451 mortalitatis;
1464 417 1576 447 Genesis
1587 418 1719 454 vigesimo
1731 418 1812 446 tertio
1822 418 1849 446 ⁴:
1864 402 1919 445 31³2ng
1928 403 1998 421 'mm‘

1010 462 1089 491 Dabo
1108 464 1265 500 pecaniam
1286 472 1341 501 pro
1363 473 1452 501 ct9ro;
1473 465 1588 501 suscipe
1608 473 1682 499 eam,
1701 469 1726 493 el
1747 465 1789 493 sic
1809 474 1851 493 se-

1004 509 1113 546 peliam
1133 514 1284 538 mortuum
1305 519 1401 539 meum
1422 511 1453 539 in
1474 520 1512 539 eo.
1535 528 1574 531 —
1595 511 1621 539 ln
1643 511 1793 548 speculum
1811 512 1851 540 di-

1007 555 1086 584 vinae
1108 555 1294 590 liberalitatis;
1316 557 1444 586 Matthaei
1466 560 1560 586 sexto:
1585 558 1770 586 Considerate
1788 558 1851 586 lilia

1008 602 1086 638 aeri,
1108 603 1249 640 quomodo
1270 606 1410 631 crescant.
1427 620 1464 624 —
1481 604 1508 632 ln
1528 607 1786 632 sustentamentum
1809 612 1852 633 ve-

1008 656 1055 677 rae
1068 648 1239 685 fragilitatis;
1261 650 1334 678 Ruth
1350 653 1464 687 quarto:
1488 651 1521 679 Si
1535 651 1578 679 vis
1589 651 1738 688 possidere
1752 660 1850 688 agrum

1007 695 1072 723 iure
1090 696 1338 733 propinquitatis,
1361 706 1419 725 eme
1440 700 1465 725 et
1483 698 1606 734 posside.

1086 742 1219 771 Mentalis
1247 743 1454 777 eonscientiae,
1476 752 1560 780 quam
1582 744 1692 781 quidem
1718 745 1850 774 debemus
1880 752 1971 779 Secundo,

1008 788 1098 816 colere
1109 789 1288 825 exstirpando
1304 789 1383 823 vitia;
1397 790 1608 819 Proverbiorum
1624 792 1755 828 vigesimo
1770 800 1850 828 quar·
1880 777 1975 841 ἔῗξξὲἕὲῗ-

1913 829 1917 841 Ι
1944 836 1948 841 .

1009 834 1077 862 t05:
1112 835 1268 871 Diligenter
1298 844 1396 864 exerce
1424 844 1536 873 ‘ayrum
1565 841 1669 870 tuum,·
1700 841 1852 874 quocontra

1009 881 1221 909 Proverhiorum
1239 882 1369 918 vigesimo
1384 886 1498 919 quarto:
1515 883 1573 911 Per
1594 892 1701 920 agyram
1725 883 1850 913 leontinis

1005 928 1090 964 pieri
1103 928 1230 956 transivi
1250 932 1276 956 et
1292 937 1346 965 per
1361 929 1476 958 vineam
1492 930 1551 957 viri
1570 930 1668 964 stulti,
1683 935 1708 959 ct
1723 940 1795 965 ecee,
1813 935 1853 960 to-

1009 978 1071 1002 tum
1099 974 1277 1011 repleverant
1300 976 1420 1004 urticae.
1445 993 1483 996 —-
1512 977 1657 1013 strigare,
1679 978 1852 1014 implorando

1009 1021 1189 1055 charismata3
1215 1022 1338 1050 ludieum
1364 1022 1454 1059 primo
1468 1023 1495 1050 ὃς
1519 1024 1614 1058 Quam
1638 1029 1800 1060 pergentem
1823 1025 1853 1052 in

1009 1067 1110 1096 itinere
1131 1069 1245 1096 monuit
1266 1071 1313 1097 vir
1333 1078 1424 1103 suus,
1455 1074 1485 1098 al
1511 1074 1614 1106 peteret
1643 1079 1662 1098 a
1687 1074 1773 1107 patre
1799 1080 1852 1099 sao

1009 1123 1117 1151 aarum
1132 1118 1183 1143 etc.
1200 1132 1237 1135 —
1253 1115 1405 1144 Seminare
1420 1124 1468 1152 per
1485 1117 1607 1145 virtuosa
1621 1117 1768 1151 exercitia;
1786 1118 1853 1146 Psal-

1008 1169 1086 1189 mus:
1109 1161 1333 1190 Seminaocrunl
1354 1171 1443 1199 agyros
1467 1167 1491 1191 et
1517 1163 1727 1200 plantaverunt
1754 1165 1854 1192 vineas

1009 1212 1033 1236 et
1053 1208 1186 1245 fecerant
1205 1208 1339 1245 fractam
1361 1210 1534 1238 nativitatis.

1094 1256 1270 1284 Venerabilis
1293 1256 1484 1293 Scripturas,
1507 1260 1534 1285 et
1555 1258 1605 1286 iste
1626 1260 1667 1286 est
1689 1258 1853 1287 habitandus
1867 1263 2000 1291 strumene,-

1009 1311 1059 1340 Der
1081 1303 1230 1331 studiosam
1259 1303 1422 1338 tectionem
1451 1304 1523 1332 Ruth
1552 1305 1672 1333 seeundo
1688 1305 1713 1333 ⁷:
1742 1306 1854 1334 Vadam
1870 1287 1999 1334 fflssssfffi

1010 1349 1041 1377 in
1062 1358 1171 1386 aprum
1192 1352 1217 1377 et
1237 1349 1372 1387 eolligyam
1390 1350 1498 1386 spicas,
1514 1359 1588 1388 quae
1601 1350 1733 1387 fayerint
1748 1360 1854 1379 manus

1009 1396 1183 1424 metentium.
1206 1413 1244 1416 —
1266 1396 1314 1424 Per
1336 1396 1468 1425 intentam
1490 1397 1722 1431 meditationem;
1743 1398 1854 1427 Genesis

1010 1442 1141 1478 vigesimo
1156 1445 1270 1479 quarto:
1289 1443 1500 1471 Deambatabat
1515 1444 1601 1472 Lsaae
1611 1452 1664 1480 per
1678 1444 1768 1478 viam,
1781 1453 1855 1482 qaae
1896 1452 1899 1455 ·

1010 1489 1091 1517 (lacit
1111 1489 1151 1517 aa
1169 1493 1300 1526 pateam,
1323 1490 1409 1517 caius
1430 1498 1533 1518 nomen
1558 1494 1597 1518 est
1618 1491 1740 1519 viventis
1761 1495 1786 1519 ct
1812 1491 1854 1519 vi-

1010 1535 1120 1569 clentis,·
1140 1535 1292 1564 habitabat
1312 1536 1387 1564 enini
1410 1537 1440 1564 in
1456 1540 1537 1565 terra
1552 1537 1689 1565 australi.
1710 1538 1744 1565 Et
1764 1546 1854 1575 eyres-

1009 1590 1061 1610 sas
1081 1581 1182 1619 fuerat
1203 1583 1243 1611 acl
1264 1583 1465 1611 meditandam
1483 1583 1513 1611 in
1529 1592 1613 1621 agyro,
1629 1584 1771 1612 inclinata
1792 1584 1853 1613 iam

1010 1629 1063 1657 (lie.
1085 1647 1124 1650 —
1146 1630 1195 1657 Per
1216 1630 1351 1658 radiosam
1374 1630 1640 1667 contemplationem
1648 1641 1658 1664 ,·
1682 1631 1793 1659 Genesis
1814 1632 1854 1659 vi-

1009 1677 1112 1713 gesimo
1127 1685 1214 1705 nono:
1231 1675 1386 1713 Profectus
1402 1677 1486 1705 Iacob
1501 1677 1577 1705 venit
1591 1678 1622 1705 in
1637 1681 1748 1706 terram
1763 1678 1854 1706 orien-

1011 1723 1094 1752 talem
1116 1726 1140 1751 et
1161 1723 1235 1751 vidit
1252 1726 1372 1760 puteum
1394 1724 1425 1752 in
1447 1732 1538 1761 agyro,
1560 1727 1586 1752 et
1606 1732 1637 1752 os
1661 1724 1723 1752 eius
1743 1724 1856 1761 eratali

1009 1769 1105 1806 lapide
1126 1769 1270 1806 tegebatur
1292 1773 1319 1798 et
1339 1770 1539 1798 claudebatur.

1090 1816 1225 1845 Caelestis
1244 1816 1372 1853 gyloriae,
1395 1820 1422 1846 et
1450 1817 1500 1845 iste
1526 1821 1567 1846 est
1592 1816 1759 1854 formosus;
1781 1818 1853 1847 Psal-
1867 1825 1944 1852 Quarto,
1958 1829 2000 1844 cae-

1009 1870 1072 1891 mus
1087 1862 1097 1879 3
1111 1873 1116 1890 :
1139 1863 1316 1891 Paleritaclo
1337 1863 1408 1900 (tyri
1421 1872 1532 1891 mecam
1548 1867 1604 1897 est,·
1619 1864 1740 1901 coynovi
1754 1864 1852 1892 omnia
1883 1848 1986 1891 antisago-

1009 1909 1142 1938 volatilia
1163 1910 1242 1938 caeli.
1264 1927 1304 1930 ——
1325 1910 1494 1944 Pretiosus;
1515 1911 1642 1939 Matthaei
1664 1911 1770 1940 decimo
1798 1914 1853 1940 ter-

1010 1958 1062 1986 tio:
1086 1957 1184 1986 Simile
1205 1961 1245 1986 est
1265 1966 1388 1995 regynum
1411 1957 1558 1986 caelorum
1581 1957 1716 1986 thesauro
1738 1958 1855 1987 abscon-

1009 2005 1068 2033 (Iito
1090 2005 1121 2033 in
1142 2013 1226 2042 apro,
1249 2013 1333 2042 quem
1354 2005 1407 2042 qai
1426 2005 1535 2033 invenit
1556 2004 1649 2038 homo,
1665 2005 1815 2033 abscondit
1830 2009 1854 2033 et

1008 2060 1082 2089 prae
1101 2052 1213 2089 ,claudio
1236 2051 1315 2080 illius
1336 2052 1419 2080 eaclit
1439 2055 1463 2079 el
1486 2052 1581 2080 vendit
1601 2052 1759 2086 uniuersa,
1781 2061 1855 2090 quac

1010 2097 1106 2132 habet,
1128 2102 1152 2126 et
1174 2098 1242 2126 emit
1262 2106 1371 2135 aeram
1386 2098 1476 2126 illam.
1493 2115 1531 2118 —
1549 2098 1724 2131 [)eliciosas;
1744 2098 1855 2127 Genesis

1010 2145 1140 2182 vigesimo
1162 2145 1292 2181 septimo:
1317 2146 1395 2179 Ecce,
1418 2146 1489 2173 otlor
1516 2145 1571 2181 silli
1601 2146 1658 2173 mei
1684 2146 1761 2174 sicat
1784 2146 1855 2174 odor

1010 2191 1080 2229 ayri
1096 2191 1185 2228 pleni,
1208 2191 1257 2219 cai
1278 2191 1420 2219 benedixit
1443 2192 1585 2220 Dominus
1600 2192 1619 2219 ⁹.

737 2294 895 2323 DOMlNlCA
918 2294 949 2322 IN
971 2294 1221 2322 SEPTUAGESIMA.

464 2382 555 2410 Sentio
572 2381 603 2409 ¹⁰.

191 2476 266 2504 Voca
286 2475 438 2512 operarios
458 2478 483 2503 el
505 2475 591 2503 redde
612 2475 671 2503 illis
687 2475 841 2503 mercedem
863 2483 952 2509 suam,

108 2522 233 2551 Matthaei
256 2522 387 2559 vigesimo
402 2523 434 2550 ¹1.

1090 2381 1244 2409 Prothema.
1270 2380 1328 2416 Qai
1347 2380 1426 2408 sedes
1453 2389 1542 2417 saper
1565 2379 1737 2413 Cherubim,
1760 2380 1855 2408 mani-
1873 2385 1995 2404 Introductio·

1010 2427 1118 2464 sestare
1149 2435 1249 2455 eoram
1278 2426 1437 2464 Ephraim,
1472 2427 1625 2455 Beniamin
1657 2430 1682 2455 et
1712 2428 1854 2455 lllanasse.

1011 2474 1100 2502 Verba
1123 2473 1242 2502 secundo
1266 2474 1323 2502 loco
1344 2474 1484 2510 proposita
1500 2474 1630 2510 leguntur
1652 2474 1678 2501 in
1696 2474 1812 2508 Psalmo,
1828 2474 1854 2502 in

1012 2522 1114 2558 quihus
1142 2521 1297 2550 luculenter
1326 2521 1509 2557 exprimitur,
1535 2521 1609 2557 quod
1637 2521 1747 2549 excelsa
1774 2521 1855 2549 nimis

171 2637 178 2650 ¹
197 2639 263 2661 vers.
282 2639 303 2661 9.
322 2645 371 2667 seq.

170 2676 179 2689 ²
196 2678 227 2700 Ex
243 2678 261 2700 Α
279 2678 315 2700 sol.
337 2678 377 2700 103
396 2684 426 2705 r.,
444 2678 460 2699 B
478 2678 514 2700 sol.
532 2678 561 2700 241
583 2681 605 2700 et
630 2684 656 2700 ex
673 2678 753 2701 codice
770 2678 954 2707 Carolopolitano

109 2716 194 2743 pluries
210 2717 289 2744 citam,
307 2717 343 2739 fol.
361 2718 385 2739 81
403 2723 425 2739 v.
437 2730 465 2733 -
480 2717 512 2739 De
529 2717 612 2739 eodem
626 2718 725 2740 themate
742 2718 840 2740 liabetur
857 2718 955 2741 diffusus

110 2760 184 2777 sermo
202 2755 223 2778 in
240 2756 292 2778 cod.
309 2756 437 2778 Florentino
449 2757 467 2778 U
480 2757 517 2778 sol.
530 2757 559 2778 95
571 2763 597 2783 r.,
609 2756 633 2778 in
645 2763 692 2785 quo
705 2757 851 2779 inveniuntur
864 2760 955 2785 praeter

109 2794 207 2822 primam
225 2795 361 2818 divisionem
379 2796 446 2817 etiam
460 2795 524 2823 aliae,
536 2802 596 2824 quae
609 2796 750 2818 conveniunt
763 2799 807 2818 tam
820 2802 873 2818 cum
892 2802 955 2824 prae-

111 2833 168 2856 senti
184 2840 253 2862 quam
271 2840 324 2856 cum
342 2834 489 2862 praecedenti
506 2840 625 2862 sermone3
643 2834 684 2857 sed
697 2836 779 2857 harum
792 2835 903 2863 expositio
921 2837 955 2857 cst

111 2872 163 2894 satis
180 2873 252 2895 aliena
269 2873 298 2895 ab
316 2873 391 2895 indole
409 2874 431 2895 S.
448 2873 633 2895 Bonaventurac.
804 2873 813 2885 ³
832 2874 897 2896 Vers.
917 2873 954 2895 ⁴24.

172 2909 181 2923 ⁴
200 2911 264 2934 Vers.
282 2912 323 2939 ⁴35
341 2913 563 2941 sequunturlllatth.
581 2912 603 2939 6,
621 2913 657 2934 28.
675 2914 697 2934 et
713 2913 773 2935 Ruth
793 2912 814 2939 lt,
832 2913 852 2935 4.

173 2949 182 2962 ⁵
199 2951 264 2973 Vers.
282 2951 324 2978 273
342 2954 364 2973 et
381 2951 434 2973 dein
450 2957 473 2973 v.
492 2951 528 2973 30.
546 2957 596 2979 seq.

174 2988 183 3001 Β
201 2990 266 3012 Vers.
285 2990 325 3017 Μ,
343 2990 446 3019 sequitur
463 2991 498 3012 ΡΞ.
519 2990 569 3018 106,
587 2990 625 3012 37.

173 3027 182 3040 '¹
201 3029 264 3051 Vei-s.
283 3030 308 3056 23
326 3032 453 3058 sequuntur
471 3030 526 3052 Gen.
544 3029 581 3056 24,
600 3030 637 3051 62.
654 3035 702 3058 seq.
721 3032 742 3052 ct
759 3036 779 3052 c.
797 3030 835 3057 29,
853 3030 873 3052 l.
892 3036 941 3058 seq.

1075 2638 1083 2651 Β
1101 2640 1184 2661 Psalm.
1203 2639 1239 2666 ta,
1259 2639 1297 2666 ll,
1315 2641 1443 2667 sequuntur
1457 2639 1531 2660 Mattli.
1554 2638 1587 2665 13,
1606 2637 1641 2659 44.
1655 2639 1676 2660 et
1693 2638 1749 2660 Gen.
1770 2637 1806 2664 27,
1819 2638 1856 2659 27.

1074 2677 1083 2690 ⁹
1100 2678 1157 2701 Cod.
1175 2679 1191 2700 B
1209 2678 1287 2701 addit:
1313 2687 1324 2697 «
1337 2679 1359 2700 ln
1377 2678 1451 2705 primo
1475 2683 1531 2705 agro
1549 2677 1670 2699 seminmit
1694 2676 1804 2698 Dominus
1826 2676 1856 2698 in-

1012 2718 1148 2740 tellectuales
1173 2717 1323 2744 substantias,
1346 2717 1368 2739 in
1394 2717 1495 2738 secundo
1517 2716 1647 2744 spirituales
1669 2716 1809 2742 influentias,
1833 2715 1854 2736 in

1012 2757 1077 2779 tertio
1104 2756 1246 2784 mysteriales
1272 2756 1320 2778 sive
1345 2756 1521 2777 sacramentales
1544 2754 1713 2782 intelligentias,
1732 2754 1752 2775 in
1774 2756 1855 2782 quarto

1012 2795 1185 2823 sempiternales
1207 2794 1361 2822 refulgentiae.
1385 2806 1415 2810 -
1438 2793 1641 2822 SitpeJ-senn'navtt
1658 2796 1733 2814 autem
1751 2791 1855 2814 diabolus

1012 2834 1146 2863 nequitiales
1158 2833 1305 2860 iuimicitias,
1324 2833 1424 2855 carnales
1441 2832 1645 2859 concupiscentias,
1664 2831 1773 2853 mentales
1795 2836 1855 2852 arro-

1012 2873 1099 2900 gantius
1110 2882 1131 2894 ».
1142 2884 1173 2888 —-
1182 2872 1234 2894 Tria
1248 2871 1350 2893 membra
1366 2871 1422 2899 (scil.
1440 2872 1455 2892 Ι.
1467 2872 1487 2893 2.
1499 2871 1529 2899 t.)
1543 2870 1599 2892 illius
1612 2869 1730 2892 dixisiouis
1742 2868 1854 2890 hahentur

1012 2912 1033 2933 in
1051 2917 1120 2933 serm.
1141 2911 1158 2932 1.
1177 2913 1241 2938 parte
1259 2911 1291 2932 lll.

1075 2950 1094 2962 ¹⁰
1112 2950 1226 2972 invenitur
1239 2950 1259 2971 in
1273 2950 1381 2972 Vaticana
1400 2952 1421 2971 et
1439 2949 1460 2970 in
1477 2948 1571 2971 CDEF
1589 2950 1610 2970 et
1627 2950 1742 2970 contracte
1758 2947 1854 2969 habetur

1012 2990 1032 3011 iu
1050 2989 1101 3012 cod.
1119 2989 1245 3011 Tuum-tino
1263 2994 1286 3010 n.
1308 2988 1356 3009 tot.
1376 2988 1412 3009 sol.
1434 2987 1474 3009 104
1493 2993 1515 3009 v.

1075 3027 1093 3040 ¹¹
1112 3028 1177 3050 Vcrs.
1195 3028 1216 3049 S.
1233 3039 1263 3043 —
1281 3027 1401 3049 Protliema
1421 3026 1518 3048 habetur
1536 3026 1570 3048 Ps.
1587 3026 1625 3053 79,
1643 3026 1663 3047 2.
1682 3031 1729 3053 seq.
