2243 3348
278 299 355 317 Divisio.

244 671 290 689 Pars
303 670 316 688 1.
332 670 357 688 De

235 694 315 716 imagine
328 693 361 711 dn-

275 717 325 740 plici.

242 1276 359 1294 Assimilatio

247 1300 316 1322 triplex
332 1299 355 1317 ad

267 1323 334 1341 Deum.

231 1930 283 1951 Item,
297 1929 363 1952 triplex

231 1953 256 1972 ad
262 1953 363 1972 diabolum.

240 2397 285 2415 Pars
299 2397 320 2415 ll.
334 2397 361 2415 De

252 2421 354 2443 superscri-

240 2444 304 2467 ptione
317 2444 362 2462 ima-

237 2467 285 2490 ginis
296 2467 329 2485 Hei
342 2468 361 2485 in

233 2490 331 2514 multiplici
341 2491 365 2508 riv

244 2519 287 2537 gore
301 2514 356 2532 disci-

265 2537 333 2560 plinae.

373 167 428 195 [ιῖιό

452 247 477 273 ln
501 245 592 273 vorbis
608 245 650 273 his
670 245 725 272 duo
748 243 810 271 l'acit
827 242 958 270 Dominus
972 241 1045 269 circa
1066 247 1153 276 genus
1169 240 1217 267 hu-

373 300 500 320 manum:
524 292 613 328 primo
635 290 752 327 requirit
773 290 799 317 in
821 297 853 317 eo
874 287 1108 316 conservationem
1130 285 1217 322 digni-

375 339 436 366 tatis
469 342 613 369 mitur-‹za-
645 336 781 368 sccundo,
814 334 1049 363 cons«.÷1·v:nionein
1078 332 1218 369 dignitatis

372 386 496 422 gratiae.
521 385 570 412 Per
592 385 722 420 primum,
744 382 809 418 quia
825 382 922 418 imayo
944 384 985 408 est
1006 379 1156 408 similitudo
1178 378 1216 406 rei

374 432 497 463 interior,
529 430 622 466 dirigit
649 430 681 457 ad
710 429 816 456 animae
844 427 1015 463 spiritualem
1047 425 1216 454 nobilitatem

374 477 582 508 attendendanu
606 484 653 512 per
672 475 823 503 secundum
841 482 914 503 vero,
930 473 995 509 quia
1008 471 1218 509 superscriptio

374 528 414 552 est
435 523 633 551 circumiacens
656 522 799 557 figuratio,
822 520 905 548 mittit
926 520 958 548 ad
981 519 1052 547 vitae
1080 525 1218 546 commen-

375 570 491 598 dabilem
515 572 686 597 venustatem
709 567 913 595 ostem‘lendam.

453 616 469 643 l.
492 616 631 651 Quantum
653 622 719 650 ergo
733 614 765 641 ail
790 613 910 649 primuni
926 612 1043 640 dicitur:
1068 611 1159 640 Caius
1180 613 1220 638 est

375 663 473 698 inwyo
485 661 575 689 baec?
590 661 668 689 Circa
683 660 754 697 quod
772 664 844 690 nota,
859 659 931 696 quod
947 659 1049 695 duplex
1066 661 1106 686 est
1122 657 1219 693 imago,

374 709 476 737 scilicet
499 712 641 740 naturae,
670 711 696 735 et
719 707 784 735 haec
810 706 961 734 attenditur
990 705 1141 734 secundum
1169 713 1219 741 po-

375 755 478 783 tentias
499 753 670 784 naturales,-
685 753 796 781 Genesis
811 752 900 789 primo
914 753 936 780 ¹:
953 752 1115 779 Faciamus
1130 750 1220 779 leomi-

374 811 438 830 nem
460 802 499 829 ad
522 801 677 837 imaglinem
700 804 725 828 et
752 799 973 827 sinzilitmlinem
1000 801 1149 830 nostram;
1171 796 1221 834 (et)

373 849 506 886 mattae,
529 851 555 876 et
578 848 643 876 haec
665 846 816 875 attenditur
841 846 992 874 secundum
1019 844 1136 873 liabitas
1160 844 1221 872 vir-

376 896 485 929 tuales,⁴
508 895 611 932 primae
633 895 664 922 ad
687 893 843 922 Corinthios
873 893 978 921 decimo
999 892 1109 929 quinto:
1140 891 1221 920 Sicut

372 943 559 980 portcwimus
580 941 734 978 emayinem
759 940 880 973 terreni,
901 944 1049 976 portemus
1070 943 1094 966 et
1116 938 1221 975 imagi-

377 998 437 1017 nem
461 988 597 1017 caelestis.
619 987 775 1016 Secundum
798 995 863 1023 ergo
885 986 1046 1022 imaginem,
1066 993 1149 1022 quam
1173 985 1221 1013 ha-

338 1054 339 1057 =
376 1037 483 1067 benms,
496 1036 569 1063 illins
585 1035 629 1062 lilii
644 1034 867 1070 comprobamur.
881 1033 905 1060 Si
922 1033 993 1061 enim
1009 1032 1142 1060 habemus
1158 1031 1221 1059 ima-

376 1084 465 1119 ginem
480 1082 524 1110 Dei
542 1082 566 1109 in
584 1090 642 1109 esse
659 1081 752 1114 moris,
765 1080 916 1116 probamur
929 1080 975 1107 tilii
989 1079 1035 1107 Dei
1049 1087 1097 1115 per
1110 1079 1221 1107 habitus

376 1129 508 1157 virtuales
529 1133 665 1156 eteorum
682 1132 774 1160 actus3
797 1127 817 1155 si
842 1127 976 1154 habemus
998 1126 1142 1162 imaginem
1164 1125 1220 1153 dia-

376 1176 428 1204 boli
446 1175 502 1203 sive
517 1174 689 1206 antichristi,
711 1173 743 1201 de
759 1181 814 1210 quo
830 1172 1003 1209 Apocalypsis
1017 1172 1123 1200 decimo
1138 1180 1222 1208 quar-

377 1225 404 1249 to
419 1222 438 1255 ²³,
461 1221 674 1257 comprobamur
700 1220 745 1247 lilii
772 1220 838 1247 cius.
863 1234 898 1238 —-
921 1219 946 1246 Si
969 1226 1035 1254 ergo
1057 1226 1154 1246 sumus
1173 1218 1219 1246 filii

377 1269 433 1300 Dei,
445 1268 629 1296 assimilamur
641 1267 664 1295 ei
677 1278 681 1294 :
699 1275 747 1303 per
761 1266 939 1303 splendorem
955 1265 1117 1301 sapientiae
1131 1265 1221 1302 quoad

378 1315 553 1347 rationaleim
570 1313 704 1342 secundae
720 1313 751 1341 ad
768 1313 924 1341 Corinthios
947 1312 1027 1340 tertio
1040 1312 1064 1339 ³:
1081 1311 1140 1339 Nos
1157 1320 1222 1339 vero

377 1370 488 1395 omnes,
505 1361 631 1389 revelata
645 1360 722 1397 facie
742 1359 867 1396 gylorlam
891 1359 1007 1387 Domini
1026 1358 1221 1395 speculantes,

378 1409 407 1436 itt
428 1408 546 1436 eandem
571 1407 726 1443 iinagyiucm
757 1405 1014 1442 trausfbrmamur
1042 1413 1061 1432 a
1089 1405 1223 1433 claritate

378 1455 406 1483 iit
428 1455 591 1483 claritatem
614 1458 756 1489 [aliquam
778 1461 797 1479 a
822 1452 939 1480 Domini
963 1452 1085 1488 Spiritu.
1109 1468 1146 1471 —
1173 1451 1222 1479 Per

376 1502 513 1529 ardorem
545 1500 750 1528 benevolentiae
778 1499 869 1535 quoad
901 1498 1158 1534 concupiscibilem3
1188 1498 1221 1526 ad

377 1549 510 1576 Romanos
531 1551 642 1575 octavo:
668 1545 857 1583 Diligyentibas
886 1546 975 1572 Deam
998 1545 1098 1572 omnia
1126 1553 1222 1581 coope-

377 1599 485 1622 rantur
501 1595 531 1622 in
547 1593 650 1621 bonum
668 1597 718 1621 etc.
736 1592 811 1620 Nam
828 1600 900 1629 [sitos
918 1592 1079 1629 praescivit
1094 1595 1119 1619 et
1136 1600 1222 1628 prae—

376 1641 532 1669 destinavit
554 1640 717 1677 conformes
738 1639 804 1676 sieri
832 1639 972 1675 z'mccysrds
1000 1638 1072 1667 Filii
1098 1639 1155 1667 sui.
1185 1656 1222 1659 —

376 1689 425 1717 Per
449 1689 576 1725 missorem.
597 1687 786 1723 confidentiae
807 1686 897 1723 quoad
914 1686 1093 1720 irascibilem
1115 1686 1148 1714 ad
1174 1686 1222 1714 Co-

376 1736 510 1763 lossenses
533 1734 629 1762 terlio:
655 1734 807 1761 Im'laeutes
834 1742 937 1761 nouam
968 1741 1034 1760 eam
1062 1733 1114 1770 qai
1141 1742 1222 1761 reno-

378 1786 464 1810 vatur
481 1782 509 1809 ιή
526 1781 716 1817 (rynitionem,
738 1780 899 1808 secandam
918 1779 1075 1816 imayiaen't
1097 1779 1159 1807 eius
1173 1780 1224 1816 qui

377 1828 486 1856 creavit
509 1827 598 1855 illum.

455 1875 480 1902 Si
502 1879 594 1902 autem
617 1882 714 1902 sumus
730 1874 776 1901 filii
792 1873 901 1906 diaboli,
917 1873 1102 1901 assimilamur
1117 1873 1157 1901 ei:
1175 1881 1223 1909 per

377 1921 531 1958 caltyinem
554 1920 756 1958 igyuorantiaoe
780 1920 902 1948 Psalmus
916 1921 943 1947 4:
968 1920 1103 1953 Domine,
1133 1919 1163 1947 tn
1184 1919 1223 1947 ei—

379 1968 463 1995 citate
484 1972 536 1995 tait
558 1967 717 2004 imaginem
738 1967 871 2003 ipsorum
894 1967 934 1994 acl
954 1965 1080 1994 'nibilum
1102 1966 1222 2003 rediyes.

376 2031 415 2034 ——
440 2015 489 2042 Per
512 2014 743 2042 amaritzatinem
770 2012 974 2041 melcmcltoliae
1003 2014 1060 2041 sive
1089 2013 1222 2047 malitiae;

376 2062 550 2098 Apocalypsis
572 2061 678 2089 decimo
706 2064 821 2097 quarto:
845 2060 877 2088 Si
897 2060 963 2098 qais
985 2060 1154 2088 adoraverit
1180 2060 1223 2088 be-

376 2109 464 2135 stiam
486 2113 511 2135 et
532 2108 688 2144 t‘inayinem
711 2108 773 2135 cias
795 2112 846 2135 etc.
870 2124 907 2127 --
923 2108 971 2135 Per
992 2107 1224 2135 moestitudinem

376 2155 572 2193 diffidentiae,-
604 2155 756 2191 Sapientiae
788 2154 894 2182 decimo
925 2158 1042 2191 quarto:
1077 2154 1137 2182 Cito
1168 2154 1225 2182 sibi

377 2203 459 2239 rapti
478 2202 534 2238 filii
554 2202 621 2238 fecit
637 2202 813 2238 imapinenm
834 2202 957 2230 Psalmus
971 2202 998 2229 ⁵:
1023 2202 1224 2230 Verumtamen

378 2249 406 2277 iu
429 2249 557 2285 imayine
571 2249 732 2285 pertransit
748 2248 841 2282 bomo,
862 2249 912 2276 sed
926 2252 950 2276 et
971 2247 1091 2285 fi'astra
1106 2252 1224 2276 contur-

378 2296 474 2324 batttr.

458 2343 485 2370 ll.
508 2343 646 2379 Quantum
670 2343 700 2371 ad
725 2342 876 2371 secundum
907 2343 1050 2379 sequitur:
1073 2346 1097 2370 et
1121 2352 1223 2380 saper-

378 2390 505 2426 scriptio.
522 2390 599 2418 Circa
614 2390 687 2426 quod
704 2393 776 2423 nota,
792 2389 865 2426 quod
880 2390 1079 2426 superscriptio
1098 2390 1224 2418 habentis

379 2436 524 2472 imaginem
542 2436 586 2464 Dei
603 2440 643 2464 est
659 2437 742 2473 Πρω·
758 2436 930 2473 disciplinae
951 2436 977 2464 in
1000 2437 1223 2469 conversatione;

379 2483 424 2519 qui
448 2483 558 2519 quidem
583 2484 657 2519 rigor
679 2483 803 2511 consistit
825 2483 851 2510 in
873 2483 1055 2511 crucifixione
1077 2482 1224 2511 exterioris

380 2530 497 2557 hominis
518 2534 544 2557 et
566 2530 783 2566 configuratione
799 2529 831 2558 ad
856 2530 937 2557 vitam
960 2533 987 2558 et
1008 2533 1124 2558 moriem
1145 2530 1223 2558 Chri-

378 2576 420 2603 sti.
444 2576 494 2612 Qui
518 2577 627 2612 quidem
652 2577 734 2605 habet
755 2581 781 2605 et
804 2580 895 2613 portat
923 2577 1221 2605 secumhumilitatem

379 2623 562 2656 habitationis,
584 2624 761 2651 acerbitatem
783 2623 1015 2660 compunctionis,
1038 2623 1222 2660 integritatem

443 2757 446 2770 ¹
469 2757 533 2778 Vers.
552 2757 593 2784 263
612 2758 715 2785 sequitur
733 2758 747 2779 l.
765 2757 815 2780 Cor.
835 2757 871 2784 15,
890 2757 926 2779 49.

441 2794 449 2806 ²
468 2795 596 2822 Respicitur
613 2802 635 2817 V.
658 2797 691 2817 ll.

440 2832 449 2845 ⁸
468 2835 532 2856 Vei-s.
555 2835 591 2861 133
610 2838 737 2863 sequuntur
755 2836 821 2857 [lom.
840 2836 864 2862 S,
883 2836 920 2857 28.
937 2841 986 2864 seq.
1003 2838 1025 2858 et
1042 2835 1088 2858 Col.
1107 2836 1128 2862 3,
1146 2836 1183 2858 10.

439 2873 448 2884 4
467 2873 548 2895 Psalm.
567 2874 603 2899 7⁶2,
622 2875 664 2900 20;
682 2879 809 2902 sequnntur
827 2875 898 2902 Apoc.
921 2874 954 2901 lli,
972 2875 992 2896 9.
1011 2879 1033 2897 et
1050 2876 1103 2902 Sap.
1126 2875 1158 2903 14,
1181 2875 1214 2897 15.

441 2911 450 2923 ⁵
469 2913 549 2934 Psalm.
569 2913 606 2939 38,
624 2913 645 2934 ὃ.

441 2949 450 2962 ⁴³
469 2952 533 2973 Vers.
552 2952 593 2977 38;
611 2952 715 2980 sequitur
732 2954 803 2979 Apoc.
821 2952 843 2979 7,
861 2953 883 2974 Q,
1024 2952 1032 2965 ⁷
1052 2953 1116 2975 Vers.
1134 2953 1156 2975 9.
1173 2960 1221 2982 scq.

1038 162 1210 191 SERMONES
1231 162 1274 190 DE
1295 162 1459 190 TEMPORE,

1273 238 1417 272 castitatis,
1439 238 1628 266 celsitudinem
1651 238 1833 274 paupertatis,
1856 238 2026 266 latitudinem
2048 237 2117 266 cari-

1273 285 1345 318 tatis,
1368 284 1560 313 rectitudinem
1583 284 1777 321 simplicitatis,
1800 284 1927 313 affectum
1950 283 2117 318 clementiae,

1274 332 1363 360 zelum
1387 332 1514 365 iustitiae,
1537 331 1694 360 firmitatem
1718 331 1895 365 constantiae,
1918 331 2073 359 instantiam
2091 330 2117 359 in

1273 378 1391 412 orando,
1414 378 1531 414 vigiliam
1548 378 1574 405 in
1591 377 1759 411 meditando,
1781 377 1969 406 excedentiam
1986 377 2011 405 in
2028 377 2120 405 exsul-

1275 425 1372 458 tando3
1387 424 1421 453 de
1435 432 1489 461 qua
1505 424 1739 460 superscriptione
1753 424 1841 452 Lucae
1857 424 1988 461 vigesimo
2000 424 2080 452 tertio
2091 424 2118 452 6:

1278 472 1349 499 Erat
1376 475 1474 500 autem
1501 475 1526 499 et
1556 470 1766 507 superscriptio
1794 471 1907 507 scripta
1937 479 2027 507 saper
2054 479 2119 499 eam

1276 518 1377 546 litteris
1402 518 1523 546 Graecis
1554 521 1578 546 et
1601 517 1713 546 Latinis
1734 520 1758 545 et
1781 517 1933 546 Hebraicis
1940 528 1950 551 ;
1972 521 1998 546 et
2019 518 2119 554 Apoca-

1276 564 1359 600 lypsis
1381 564 1512 600 septimo:
1545 564 1609 592 Vidi
1637 564 1763 592 atteram
1793 564 1935 600 Amyclam
1965 564 2120 593 aseenden-

1276 611 1385 638 deutem
1407 611 1444 638 ab
1466 613 1532 638 ortu
1559 610 1639 644 solis,
1661 609 1811 639 habentem
1834 611 1953 647 sianum
1977 611 2028 639 Dei
2052 611 2119 639 vivi.

1355 657 1557 693 superscriptio
1585 661 1676 685 autem
1707 657 1832 685 habentis
1853 657 1999 694 imaginem
2020 657 2119 686 diaboli
2134 662 2204 706 “tm-..5⁵
2232 688 2234 690 ,

1276 707 1317 732 est
1339 703 1422 732 libido
1444 703 1569 731 lasciviae
1591 703 1617 731 in
1639 704 1854 732 conversatione.
1870 704 1946 740 Quae
1960 704 2070 740 quidem
2091 704 2120 732 li-
2130 691 2226 751 Ιῑῇξιὶιῗιμ

1276 751 1338 779 bido
1362 750 1443 779 habet
1464 753 1490 778 et
1512 753 1603 786 portat
1628 758 1721 778 secum
1751 750 1866 784 fastum,
1895 750 2119 784 delectationem,
2137 738 2233 778 ¹v0¹rsa¹ii⁰0ssi

1277 798 1391 831 luxum,
1413 797 1536 830 divitias,
1558 797 1751 833 frigiditatem,
1773 797 1963 831 dolositatem,
1986 797 2121 834 protervi-

1277 848 1376 878 tatem,
1405 844 1525 872 savorem
1558 844 1712 877 malorum,
1745 844 1972 878 inconstantiam,
2001 844 2122 881 vagatio-

1277 899 1352 924 nem,
1370 890 1579 927 pigritationem,
1595 890 1749 923 miseriam;
1771 890 1805 919 de
1818 898 1873 927 qua
1889 890 2122 927 superscriptione

1276 937 1450 974 Apocalypsis
1471 937 1577 965 decimo
1598 940 1698 973 quarto
1714 937 1740 964 ⁷:
1763 937 1796 965 Si
1809 937 1875 975 qttis
1890 937 2033 974 acceperit
2054 936 2122 966 elta-

1277 989 1418 1012 racterem
1441 984 1471 1012 in
1492 983 1588 1020 fronte
1608 992 1680 1018 saa,
1703 987 1755 1012 aut
1776 983 1807 1012 in
1828 992 1921 1012 mmm
1942 992 2010 1017 sua,
2031 988 2056 1012 et
2078 983 2123 1012 ln'c

1278 1030 1349 1059 bibet
1370 1031 1403 1059 de
1424 1030 1491 1059 vino
1514 1031 1577 1058 irae
1600 1030 1658 1058 Dei.

1612 1124 1703 1151 Sannio
1726 1123 1756 1151 Vl
1772 1123 1792 1151 ⁸.

1359 1217 1450 1245 Caius
1471 1220 1510 1245 est
1533 1216 1631 1253 imagyo
1659 1215 1729 1244 baec
1757 1221 1782 1244 et
1802 1217 2036 1254 superscriptio?
2057 1218 2124 1246 Mat-

1278 1263 1349 1292 thaei
1373 1263 1504 1299 vIgesimo
1525 1263 1646 1291 secundo
1661 1263 1680 1290 ⁹.

1358 1309 1476 1337 habente
1498 1309 1609 1337 homine
1630 1309 1723 1345 aliquo
1744 1317 1844 1346 genere
1867 1309 1990 1338 mortalis
2004 1310 2123 1346 peccati,

1279 1357 1332 1385 tria
1353 1356 1530 1392 contingunt:
1552 1356 1628 1384 Deus
1641 1356 1782 1392 privatur
1797 1357 1915 1384 animae
1927 1357 2065 1390 dominio,
2081 1357 2124 1386 ob-

1278 1403 1417 1440 faseatur
1437 1403 1553 1439 imayo,
1571 1402 1709 1439 perditur
1729 1403 1907 1436 similitudo,
1935 1403 1992 1432 sive
2016 1403 2125 1432 deletur

1278 1450 1397 1478 nominis
1419 1449 1560 1478 christiani
1584 1449 1730 1486 impositio.
1761 1450 1791 1478 Et
1821 1450 1887 1478 haec
1916 1454 2069 1487 tanguntur
2097 1451 2123 1479 in

1279 1497 1364 1526 verbo
1388 1497 1514 1525 thematis
1537 1497 1685 1533 proposito.
1700 1513 1739 1516 —
1756 1497 1832 1524 Deus
1844 1497 1985 1533 priva-tar
2007 1497 2125 1526 animae

1279 1544 1418 1577 sicinium,
1441 1547 1467 1572 et
1482 1544 1534 1572 hoc
1548 1543 1609 1571 dico
1624 1547 1759 1579 quantum
1775 1543 1808 1571 ad
1829 1543 1955 1580 gratiam,
1971 1552 2024 1572 non
2040 1552 2126 1580 quan-

1280 1594 1338 1619 tum
1361 1591 1393 1619 ad
1426 1591 1590 1627 potentiam;
1613 1594 1640 1619 et
1668 1591 1720 1619 hoc
1748 1593 1859 1619 notatur
1888 1591 1940 1619 ibi:
1965 1591 2057 1619 Cuius
2084 1594 2125 1619 est

1280 1638 1402 1675 imago?
1424 1638 1501 1674 qnasi
1524 1637 1611 1666 dicat:
1640 1646 1705 1666 mea
1734 1638 1798 1672 fuit,
1820 1638 1884 1674 quia
1912 1646 1972 1666 eam
2001 1635 2124 1672 condi'di;

1279 1693 1357 1718 inea,
1373 1684 1438 1721 quia
1453 1685 1565 1721 proprio
1587 1684 1719 1721 sanguine
1735 1684 1854 1718 redemi;
1877 1684 1923 1713 sed
1946 1692 2019 1713 nnnc
2040 1684 2125 1713 cuias

1279 1732 1339 1759 est?
1361 1732 1438 1768 qnasi
1454 1732 1541 1760 dicat:
1565 1740 1617 1759 non
1634 1735 1675 1760 est
1691 1739 1758 1760 mea.
1775 1748 1811 1751 —
1831 1731 1862 1759 Et
1877 1735 1950 1765 nota,
1965 1731 2048 1768 quod,
2065 1731 2126 1760 licet

1280 1779 1363 1806 homo
1385 1786 1500 1814 peccans
1521 1778 1554 1806 de
1584 1786 1666 1806 manu
1696 1777 1900 1806 misericordiae
1928 1778 1975 1806 Dei
2000 1778 2125 1812 excidat,

1280 1834 1332 1853 non
1356 1829 1444 1853 tamen
1468 1828 1557 1861 potest
1577 1824 1695 1853 evadere
1716 1824 1847 1853 iustitiam
1871 1824 1927 1853 Dei.

1359 1872 1483 1900 Secundo
1504 1872 1682 1899 obscuratur
1704 1871 1819 1908 ima90;
1842 1871 1914 1899 unde
1929 1871 2037 1900 subdit:
2056 1870 2126 1899 baec

1280 1919 1395 1956 imayoe
1410 1919 1488 1955 quasi
1503 1918 1621 1947 diceret:
1645 1926 1697 1946 non
1721 1922 1761 1946 est
1783 1919 1856 1952 taliS,
1873 1922 1904 1947 ut
1921 1926 1980 1947 eam
1996 1918 2056 1947 feci.
2074 1918 2127 1955 Ego

1280 1966 1351 1994 enim
1368 1966 1415 1994 feci
1433 1966 1534 1994 claram
1557 1969 1589 1994 ut
1610 1965 1769 2002 speculun13
1792 1965 1945 2001 Sapientiae
1960 1965 2076 2002 septimo
2088 1965 2127 1993 l⁰:

1282 2014 1400 2042 Candor
1414 2017 1455 2041 est
1470 2013 1543 2041 lacis
1558 2016 1693 2041 aeternae
1711 2016 1735 2040 et
1756 2013 1906 2049 speculam
1926 2013 1988 2040 sine
2008 2012 2127 2041 macula

1282 2061 1333 2089 Dei
1346 2060 1509 2088 mctiestatis
1523 2063 1547 2088 et
1562 2060 1660 2097 imagyo
1675 2059 1811 2087 bonitatis
1825 2059 1913 2088 z'tttuS.
1929 2075 1966 2080 --
1981 2060 2040 2096 ipsa
2054 2059 2127 2088 enim

1280 2108 1368 2144 gratia
1389 2110 1430 2136 est
1451 2107 1563 2135 candor
1582 2106 1656 2135 lacis
1678 2111 1827 2139 aeternae,
1850 2107 1876 2135 id
1897 2110 1955 2140 est,
1978 2106 2128 2143 procedens

1280 2163 1296 2183 a
1317 2155 1378 2183 luce
1399 2158 1527 2187 aeterna3
1553 2158 1580 2182 et
1601 2153 1742 2182 candidam
1766 2153 1829 2182 facit
1850 2154 1967 2182 animam
1991 2162 2040 2191 per
2060 2153 2129 2190 fidei

1280 2201 1480 2238 cognitionem;
1513 2201 1566 2229 fule
1601 2201 1672 2229 enim
1709 2200 1846 2229 illuminat
1877 2201 1965 2237 gratia
1994 2200 2127 2229 rationa-

1281 2248 1332 2277 lem
1355 2248 1387 2276 ad
1409 2248 1576 2276 credendum
1601 2248 1656 2276 Deo
1677 2256 1785 2276 summe
1807 2256 1881 2276 vero.
1905 2248 1963 2284 lpsa
1984 2248 2065 2276 etiam
2087 2250 2128 2276 est

1279 2295 1429 2332 speculam
1450 2295 1512 2323 sine
1534 2295 1652 2323 macida
1676 2295 1726 2322 Dei
1754 2295 1929 2328 maiestatis,
1956 2302 2004 2331 per
2031 2303 2109 2331 spem
2118 2304 2128 2327 ,-

1281 2350 1329 2378 per
1352 2350 1426 2378 spem
1449 2342 1520 2370 enim
1550 2341 1685 2370 confortat
1706 2341 1900 2375 irascibilem,
1926 2345 1957 2370 ut
1981 2341 2128 2370 adhaereat

1282 2389 1336 2417 Deo
1358 2396 1466 2417 summe
1494 2389 1590 2417 arduo.
1623 2389 1667 2417 Est
1694 2389 1775 2417 etiam
1805 2389 1894 2425 gratia
1919 2389 2017 2426 imayo
2049 2388 2128 2416 boni-

1282 2437 1350 2464 tatis
1372 2436 1451 2464 illias
1477 2444 1526 2473 per
1547 2437 1701 2465 caritatem
1710 2447 1719 2469 ;
1748 2436 1848 2464 caritas
1875 2436 1947 2465 enim
1977 2436 2129 2467 inflammat

1282 2483 1467 2516 voluntatem,
1494 2486 1525 2511 ut
1552 2483 1646 2519 diligat
1673 2483 1757 2511 Deum
1788 2483 1899 2511 bonum.
1926 2483 1995 2511 Haec
2023 2483 2127 2519 imago,

1282 2530 1351 2558 heu!
1375 2530 1455 2558 modo
1475 2530 1618 2567 denigrata
1639 2534 1679 2559 est
1700 2530 1733 2558 ad
1749 2530 1860 2558 modum
1884 2530 2025 2564 earbonis;
2042 2530 2128 2558 Thre—

1282 2585 1381 2605 norum
1404 2580 1519 2613 quarto:
1539 2577 1700 2614 Dem'yrata
1721 2580 1864 2613 estsuper
1882 2576 2022 2605 carbones
2035 2576 2128 2614 facies

1281 2632 1391 2651 eoram.
1415 2624 1452 2652 De
1474 2632 1529 2660 qua
1554 2623 1707 2660 nigratione
1735 2624 1800 2652 dicit
1825 2623 1994 2660 Augustinus
2021 2623 2128 2652 decimo

1344 2756 1353 2769 Β
1372 2759 1400 2780 Ex
1413 2759 1493 2780 codice
1511 2758 1663 2780 bibliothecae
1682 2758 1816 2779 Basileensis
1834 2758 1858 2779 Β.
1876 2757 1904 2779 X.
1924 2756 1944 2779 l.
1962 2757 1999 2778 fol.
2013 2757 2040 2778 23
2060 2756 2128 2779 liuius

1282 2797 1421 2819 collectionis
1438 2801 1459 2819 ct
1477 2798 1514 2819 sol.
1532 2798 1560 2819 36
1579 2797 1647 2819 totius
1665 2796 1795 2819 voluminis.
1813 2796 1858 2818 Fol.
1886 2796 1911 2818 14
1929 2802 1946 2818 r.
1965 2796 1986 2818 in
2008 2795 2127 2823 superiore

1281 2836 1386 2863 margine
1403 2835 1501 2858 habetur
1519 2835 1632 2858 Rubrica:
1649 2835 1776 2859 Sermones
1794 2834 1870 2857 sancti
1887 2835 2068 2857 Bonaeenturae
2087 2833 2128 2858 Or-

1281 2874 1342 2897 dinis
1360 2875 1489 2897 illinorimt.

1343 2912 1352 2924 ⁹
1371 2914 1435 2936 Vei-s.
1454 2914 1490 2936 ²20.

1344 2952 1363 2965 ¹⁰
1382 2953 1445 2975 Vcrs.
1465 2954 1507 2980 26;
1525 2953 1629 2982 sequitur
1648 2953 1732 2975 Thren.
1752 2952 1772 2979 4,
1792 2953 1814 2974 8.

2140 1316 2239 1337 introducar
