2243 3348
263 1208 364 1231 Repetitio.

237 1815 282 1834 Pars
294 1816 323 1835 ΙΙΙ4
336 1816 362 1834 Ex

245 1841 368 1881 raiae:

242 1867 346 1909 metuentis?

254 2516 280 2543 De
294 2516 353 2535 Ptolis

237 2544 319 2563 quinque
328 2545 371 2558 con-

249 2563 360 2582 ditionibus.

392 195 448 222 670

393 272 540 304 voluntate,
561 270 713 300 secundum
736 269 803 298 illud
825 268 906 297 Marci
922 270 1037 305 quarto:
1058 266 1137 295 Ultro
1152 270 1233 294 terra

389 317 568 355 '‘i-aetificat,
587 316 720 353 primam.
736 314 865 348 liei-bam,
880 314 981 343 deinde
994 313 1116 351 spicam,
1132 312 1233 341 deinde

388 364 504 401 pieriam
524 362 706 399 frumentarii
728 362 759 390 iu
783 361 883 398 spica,
905 361 970 397 quia
991 360 1069 396 prius
1099 363 1141 388 est
1161 359 1232 387 bona

390 410 521 447 operatio,
543 409 639 437 deinde
660 408 763 445 gloriae
784 407 964 444 exspectatio,
986 409 1125 443 postremo
1139 405 1232 442 sequi-

391 460 435 486 tur
458 456 532 493 regni
555 455 708 493 perceptio,
736 454 770 483 ad
798 454 871 491 quod
900 462 953 482 non
983 452 1154 490 pervenitur,
1180 452 1231 480 nisi

389 503 467 539 prius
489 502 516 530 in
538 504 612 530 terra
633 500 835 533 sanctificetur;
865 500 938 528 unde
958 499 991 527 ad
1014 499 1150 527 Hebraeos
1171 506 1232 527 sex-

391 552 416 577 to
431 550 458 576 ¹:
486 549 510 576 T
508 556 594 581 erra,
616 555 701 584 saepe
725 546 877 575 venientem
899 554 989 582 super
1009 553 1039 573 se
1060 545 1156 573 bibens
1178 544 1232 573 im-

389 595 466 623 brem
488 598 512 623 et
530 602 676 631 petieratis
696 592 816 622 liei-bam
838 596 1032 630 opportunam
1055 591 1113 620 tttts
1134 600 1153 620 a
1168 591 1231 629 qui-

388 642 440 670 bus
461 641 578 675 colitur,
600 640 705 677 accipit
727 640 948 668 benedictionem
969 647 989 667 a
1012 639 1076 667 Deo,
1098 639 1155 667 Non
1183 638 1232 675 igi-

388 692 434 717 tur
454 688 540 716 simus
571 687 672 716 similes
694 687 779 721 Evae,
808 686 914 715 ratione
945 686 1025 714 cuius
1055 685 1159 714 dictum
1191 688 1232 714 est

387 735 471 763 Adae:
494 734 647 763 Maledicta
668 738 748 762 terra
770 733 801 761 in
822 741 904 770 opere
922 736 971 760 tuo
992 735 1059 766 etc.;
1079 732 1125 761 sed
1141 732 1232 768 potius

387 781 494 814 Mariae,
516 781 549 809 de
570 788 626 817 qua
647 780 673 808 in
690 780 810 809 Psalmo:
830 779 1017 812 Benedixisti,
1035 779 1164 813 Domine,
1180 782 1232 807 ter-

388 836 451 856 ram
470 832 552 856 laam
566 831 634 859 etc.;
649 835 720 864 quae
743 827 801 855 ideo
823 826 977 860 benedicta,
993 826 1059 862 quia
1073 826 1106 854 ad
1129 825 1232 862 produ-

387 875 502 904 cendum
537 874 660 903 fructum
695 873 895 902 nobilissimum
931 873 1084 902 fecundata.
1117 873 1232 910 Propter

386 922 459 958 quod
481 921 561 950 etiam
594 920 674 949 dicit:
696 924 721 948 et
752 924 833 948 terra
866 923 967 948 nostra
995 919 1077 948 (labit
1096 918 1231 956 fructum

386 976 471 997 suam
495 971 545 997 etc.

731 1061 874 1089 COLLATto.

463 1154 570 1182 Dictum
593 1157 648 1187 est,
670 1153 744 1190 quod
766 1154 792 1182 in
815 1153 907 1182 verbis
928 1154 1078 1190 propositis
1099 1154 1232 1183 describi-

385 1204 430 1229 tur
452 1200 614 1237 mysterium
638 1200 833 1229 incarnationis
861 1200 914 1229 sub
942 1201 1043 1237 triplici
1075 1200 1231 1229 considera-

386 1248 466 1281 tione,
489 1247 592 1276 scilicet
612 1255 648 1276 ex
670 1250 748 1283 parte
768 1247 911 1284 principii
929 1247 1172 1284 supereffluentis,
1194 1255 1230 1276 ex

386 1298 463 1331 parte
483 1294 603 1323 subiecti
622 1293 807 1330 suscipientis
822 1297 848 1323 et
862 1302 899 1322 ex
915 1297 992 1330 parte
1006 1295 1150 1323 commodi
1163 1294 1231 1322 sul)-

382 1341 531 1379 ιςαᾳῑιωιιιζς.
554 1341 593 1369 De
614 1341 705 1377 primo
726 1340 829 1369 dictum
852 1344 902 1374 est,
924 1341 999 1377 quod
1015 1341 1177 1377 mysterium
1194 1341 1231 1369 in-

383 1388 549 1417 carnationis
570 1396 585 1416 a
607 1396 715 1416 summa
736 1388 904 1424 benignitate
924 1388 1068 1425 procedit,
1091 1396 1230 1417 suminam

383 1435 576 1472 benignitatem
596 1434 762 1471 praetendit
783 1438 810 1463 et
831 1435 864 1463 ad
879 1443 1015 1464 summam
1032 1435 1229 1472 benignitatem

383 1482 471 1510 (llicit.
495 1482 603 1510 Dictum
626 1485 667 1510 est
688 1482 783 1515 etiam,
806 1482 879 1518 quod
902 1490 938 1511 ex
962 1485 1038 1518 parte
1053 1482 1168 1511 subiecti
1184 1491 1230 1511 su-

383 1529 522 1566 scipientis
543 1528 705 1565 mysterium
729 1528 925 1557 incarnationis
945 1530 1055 1558 nomine
1074 1534 1170 1558 terrac
1183 1530 1230 1559 de-

383 1577 506 1613 signatur
528 1579 641 1612 propter
663 1579 784 1612 quatuor
806 1576 990 1612 proprietates
1015 1580 1122 1611 terrae,
1152 1577 1230 1606 iuxta

381 1631 449 1660 quas
470 1622 649 1659 designantur
671 1625 791 1659 quatuor
806 1623 952 1660 dignitates
972 1623 998 1652 in
1015 1624 1093 1652 beata
1108 1624 1229 1661 Virgine,

381 1673 408 1698 et
428 1670 461 1698 de
484 1669 527 1698 liis
548 1669 651 1698 dictum
674 1673 730 1703 est3
753 1677 827 1698 nunc
849 1678 914 1699 vero
936 1674 1021 1699 restat
1035 1670 1181 1699 dicendum
1195 1671 1229 1701 de

382 1717 471 1745 tertio.

461 1764 498 1791 lll.
515 1764 606 1792 Tertio
621 1764 693 1792 enim
711 1764 769 1792 loco
780 1764 947 1793 describitur
962 1765 1124 1801 mysterium
1142 1765 1226 1794 incar-

382 1811 498 1839 nationis
520 1818 554 1839 ex
578 1814 656 1847 parte
675 1811 820 1840 commodi
840 1811 1054 1849 sztbsequentz's,
1076 1820 1138 1841 cuni
1161 1813 1228 1841 dici-

382 1861 439 1886 tur:
452 1858 532 1886 (tabit
546 1857 679 1895 fractam
694 1866 793 1892 saum,
806 1858 832 1887 in
844 1866 900 1895 quo
915 1859 1111 1888 incarnationis
1127 1860 1228 1888 benefi-

381 1905 454 1933 cium
477 1905 597 1933 notificat
619 1913 654 1933 ex
670 1910 748 1942 parte
767 1905 912 1934 commodi
925 1905 1123 1944 subsequentis
1130 1917 1140 1940 ,·
1155 1907 1228 1935 circa

381 1951 453 1988 quod
476 1952 682 1988 intelligendum
705 1955 754 1986 est,
777 1952 850 1989 qnod
867 1952 1008 1989 virginalis
1023 1956 1173 1989 conceptus
1187 1957 1229 1982 est

381 1998 488 2027 fructus
509 1998 588 2027 istius
610 2002 700 2027 terrae
721 1999 891 2028 uberrimus.
915 1999 942 2028 ln
964 1999 1044 2028 euius
1073 2000 1163 2036 figura
1188 2000 1228 2028 di-

381 2045 452 2073 citur
476 2046 656 2074 Leviticorum
690 2046 821 2083 vigesimo
848 2046 983 2082 quinto2:
1009 2046 1089 2075 Dabo
1117 2046 1228 2076 benedi-

381 2093 499 2120 ctionem
521 2101 616 2121 nicam
638 2092 716 2121 vobis
738 2101 815 2121 auno
836 2096 932 2127 serto,
954 2097 980 2121 et
1000 2093 1089 2130 faciet
1109 2093 1228 2130 fructus

382 2139 471 2167 trium
504 2148 661 2168 (timorum.
695 2140 744 2168 Per
765 2148 877 2168 artuum
909 2144 1024 2168 sextum
1055 2141 1227 2178 significatur

381 2189 460 2214 sexta
481 2189 567 2220 aetas,
590 2187 616 2214 in
638 2195 693 2223 qua
708 2190 858 2224 conceptus
879 2190 920 2216 est
940 2187 1084 2222 Christus3
1106 2196 1156 2225 per
1170 2191 1228 2216 tres

382 2241 447 2261 vero
468 2241 561 2261 auitos
582 2237 638 2262 tres
659 2237 747 2262 status
769 2238 939 2271 temporum,
961 2235 1064 2264 scilicet
1086 2235 1153 2272 legis
1173 2244 1227 2263 iza-

381 2283 480 2313 tarae,
504 2280 677 2317 Scripturae
697 2284 724 2309 et
742 2281 876 2318 prateae,
900 2282 925 2310 in
955 2290 1010 2318 qno
1042 2282 1118 2310 nullo
1148 2282 1227 2311 modo

381 2326 503 2354 salvatur
524 2327 624 2363 aliquis
645 2327 696 2356 nisi
719 2335 768 2364 per
789 2328 946 2362 Christum;
970 2328 1033 2357 lieet
1053 2329 1079 2356 in
1104 2332 1227 2366 tempore

381 2373 483 2408 gratiae
505 2373 613 2402 fructus
634 2374 684 2402 iste
705 2374 877 2403 fructuosius
898 2378 925 2404 et
946 2375 1085 2412 copiosius
1105 2383 1227 2404 commu-

381 2419 488 2447 nicetur
509 2423 536 2448 et
556 2420 638 2449 altius
666 2421 829 2455 honoretur,
857 2422 1010 2450 secundum
1043 2422 1111 2450 illud
1144 2422 1226 2451 lsaiae

382 2469 496 2501 quarto:
519 2467 553 2495 In
574 2467 619 2495 (lie
640 2467 690 2495 itta
712 2468 767 2496 erit
786 2476 904 2505 germen
928 2469 1047 2497 Domini
1068 2469 1099 2497 in
1115 2469 1227 2506 inaqui-

381 2512 495 2548 fi'eentia
517 2517 541 2541 et
559 2513 658 2550 yloria
678 2518 703 2542 et
723 2513 841 2551 fractus
863 2519 960 2543 terrae
980 2515 1114 2544 sublimis
1136 2520 1162 2544 et
1181 2524 1227 2544 eac-

382 2558 500 2586 suitatio
521 2558 566 2587 liis
587 2560 638 2597 qui
658 2560 767 2589 salvati
786 2560 899 2598 fuerint
920 2562 953 2590 de
976 2562 1076 2590 lsrael.
1107 2563 1152 2591 Est
1177 2563 1226 2599 igi-

383 2608 429 2633 tur
448 2604 557 2634 fructus
578 2607 649 2634 uteri
672 2607 813 2644 virginalis
834 2608 960 2637 sublimis
989 2613 1015 2637 et
1041 2609 1225 2643 delectabilis,

383 2651 447 2687 quia
467 2652 697 2688 speciosissimus
718 2654 750 2682 ad
774 2655 937 2690 videndum,
965 2656 1164 2684 sztavtssz'mus
1192 2656 1226 2684 ad

382 2698 562 2733 odorandum,
584 2700 793 2736 sapidissimas
814 2702 846 2730 ad
868 2703 1045 2739 gustandum,
1060 2702 1226 2740 efficacissi—

977 189 1149 219 SERMONES
1169 189 1212 217 DE
1235 189 1262 217 B.
1284 188 1417 217 VlRGlNE
1438 188 1545 216 MAfflA.

1288 274 1355 294 mas
1376 265 1408 294 ad
1431 265 1658 299 sustentandum,
1677 265 1909 302 pretiosissimus
1933 266 1966 294 ad
1996 267 2134 303 possiden-

1289 313 1365 341 dum.
1386 328 1425 332 -·
1447 312 1537 340 Primo
1559 311 1643 348 igitur
1657 311 1767 341 fructus
1781 312 1832 341 iste
1846 316 1888 341 est
1901 312 2133 350 speciosissimus
2147 321 2213 343 nacon

1289 358 1329 386 ad
1349 358 1504 386 videndum
1527 366 1577 394 per
1598 358 1709 387 oculum
1735 358 1820 395 βαθὺ
1842 358 2020 388 Ecclesiastici
2050 360 2133 397 trige-

1289 404 1358 433 simo
1379 404 1489 432 nono³:
1514 404 1654 433 obaudite
1674 413 1729 439 me,
1751 405 1846 434 divini
1864 404 1994 442 fructus,
2009 410 2033 434 et
2047 407 2136 445 quasi

1289 459 1359 480 rosa
1379 451 1516 488 plantata
1545 460 1635 489 super
1656 452 1735 480 rivos
1766 460 1917 490 aquaram
1947 452 2132 491 fructificate.

1290 499 1419 526 Fructus
1439 498 1534 526 divini
1554 501 1619 527 sunt
1639 506 1734 528 omnes
1755 499 1840 528 sancti
1862 502 1889 528 et
1909 500 1984 534 iusti,
2005 500 2052 529 sed
2073 508 2135 538 spe-

1289 544 1393 573 cialiter
1414 545 1472 581 ipse
1494 545 1568 574 lesus
1589 545 1725 579 Christus,
1747 546 1794 583 qui
1816 549 1857 575 est
1877 554 1894 574 a
1914 546 1970 575 Deo
1993 547 2071 576 Patre
2092 555 2135 584 ge-

1289 591 1364 620 nitus
1384 594 1412 620 et
1432 600 1448 620 a
1469 592 1580 628 Virgine
1594 592 1679 621 Maria
1693 596 1843 629 conceptus
1857 601 1907 630 per
1921 593 2056 631 Spiritum
2072 601 2133 624 san-

1289 641 1380 673 ctum,
1402 638 1450 675 qui
1471 646 1508 667 ex
1531 639 1652 667 humana
1672 642 1773 668 natura
1794 640 1940 676 pullulavit
1968 640 2039 669 sicut
2063 649 2134 670 rosa

1288 684 1322 713 de
1342 685 1429 721 spina,
1450 693 1522 722 quae
1544 686 1615 714 inter
1636 686 1720 715 flores
1735 687 1840 716 ratione
1855 687 2049 723 pulcritudinis
2063 687 2133 717 obti-

1289 734 1335 760 net
1355 731 1556 768 principatum;
1579 732 1661 761 isaiae
1682 733 1841 762 undecimo:
1860 734 2031 771 Eyredietur
2046 734 2133 772 νίν-ρει

1288 778 1322 806 de
1342 778 1443 806 radice
1458 779 1545 812 Iesse,
1561 782 1586 807 et
1599 778 1653 816 flos
1667 779 1701 808 de
1714 780 1814 808 radice
1828 780 1891 809 eius
1905 781 2045 810 ascendet.
2061 781 2133 810 Hanc

1288 828 1380 853 autem
1409 825 1624 861 pulcritudinem
1656 826 1754 855 habuit
1784 831 1898 864 propter
1918 827 2134 857 immanitatem

1288 870 1377 899 omnis
1394 871 1523 908 peccati,
1545 872 1698 901 secundum
1720 872 1788 901 illud
1811 873 2021 903 l’roverbiorum
2037 874 2133 903 tertio:

1289 917 1388 946 Primi
1408 922 1432 946 et
1449 919 1611 955 purissimi
1629 918 1749 956 fh'uetus
1779 920 1842 948 cius
1873 924 1940 954 eto.;
1973 920 2031 957 ipse
2061 921 2133 950 enim

1285 972 1384 1001 paras
1404 965 1457 993 fuit
1477 973 1493 994 a
1514 966 1615 1002 peccati
1638 966 1821 1001 deformitate,
1843 975 1857 995 a
1881 967 2016 1004 pronitate
2031 970 2058 996 et
2073 975 2134 1005 pos-

1288 1011 1424 1040 sibilitate.
1448 1012 1532 1041 Habet
1550 1013 1632 1041 etiam
1647 1017 1761 1050 propter
1777 1013 2002 1043 tztmiuositatem
2017 1015 2135 1052 qratiae

1288 1058 1420 1092 caelestis,
1436 1059 1509 1095 quod
1525 1059 1683 1088 insinuatur
1699 1061 1725 1088 in
1741 1061 1929 1090 benedictione
1944 1061 2049 1098 loseph,
2066 1062 2134 1090 Deu-

1289 1106 1432 1134 teronomii
1456 1106 1595 1143 trigesimo
1619 1108 1698 1136 terlio
1710 1109 1737 1136 4:
1759 1108 1797 1136 Dc
1812 1108 2001 1137 benedictione
2018 1108 2135 1137 Domiui

1289 1156 1370 1181 terra
1391 1153 1470 1187 eius,
1492 1154 1526 1182 de
1543 1154 1641 1191 pomis
1662 1154 1735 1183 caeti
1761 1158 1785 1183 et
1816 1164 1884 1184 rore
1914 1159 2000 1194 atque
2030 1155 2134 1194 abysso

1287 1199 1468 1234 subiacente,
1490 1201 1524 1229 cle
1543 1201 1638 1238 pomis
1658 1201 1814 1238 fructuum
1835 1202 1904 1231 solis
1925 1211 1961 1231 ac
1982 1202 2079 1236 tunae,
2101 1202 2135 1231 de

1287 1246 1391 1275 vertice
1412 1247 1605 1285 antiquorum
1627 1248 1780 1283 montium,
1801 1249 1835 1277 (ie
1846 1249 1943 1286 pomis
1958 1248 2074 1278 coliium
2090 1257 2134 1277 ae-

1288 1296 1447 1322 ternorum.
1469 1294 1546 1330 Quod
1568 1294 1673 1324 dictum
1695 1298 1750 1330 est,
1772 1296 1838 1333 quia
1860 1295 1886 1324 in
1914 1295 2024 1325 Christo
2051 1295 2134 1324 simul

1287 1340 1339 1369 fuit
1361 1341 1409 1369 lux
1432 1342 1596 1378 sapientiae,
1624 1351 1696 1379 quae
1723 1343 1883 1380 designatur
1912 1351 1961 1380 per
1981 1343 2085 1376 solem,
2107 1346 2134 1371 et

1288 1387 1459 1424 prudentiae,
1481 1397 1552 1425 quae
1575 1397 1623 1426 per
1638 1389 1758 1423 tanaim
1773 1390 1823 1418 lux
1839 1393 1998 1427 competens
2010 1393 2134 1419 ‘contem-

1288 1434 1399 1470 plationi
1421 1438 1448 1463 et
1469 1436 1519 1464 lux
1540 1439 1699 1472 competens
1714 1437 1828 1471 actioni3
1845 1437 1895 1465 lux
1910 1437 2063 1466 secundum
2078 1440 2134 1466 sta-

1288 1484 1346 1509 tum
1369 1482 1474 1518 patriae
1495 1486 1521 1511 et
1544 1483 1593 1511 lux
1616 1483 1768 1512 secundum
1790 1487 1892 1512 statum
1916 1484 1988 1519 viae;
2018 1485 2067 1513 lux
2090 1484 2134 1513 Di-

1287 1528 1408 1557 vinitatis
1428 1533 1455 1558 et
1477 1530 1525 1558 lux
1549 1530 1728 1559 humanitatis
1743 1531 1769 1559 in
1785 1531 1844 1568 ipso
1859 1539 1908 1568 per
1923 1534 2052 1560 naturam
2066 1531 2131 1560 fuit:

1287 1577 1314 1603 et
1335 1574 1395 1604 ideo
1416 1576 1447 1604 iii
1468 1585 1533 1605 eum
1557 1577 1722 1605 desiderant
1745 1578 1848 1615 Anqeii
1865 1578 2042 1616 prospicere.

1367 1622 1412 1650 Est
1432 1622 1513 1651 etiam
1536 1623 1657 1652 secundo
1677 1624 1786 1653 fructus
1800 1625 1999 1654 suavissimus
2013 1626 2052 1654 aa
2067 1625 2133 1654 odo-

1286 1669 1416 1697 randum
1439 1678 1488 1706 per
1509 1670 1675 1699 desiderium
1697 1672 1769 1708 spei,
1791 1672 1864 1709 quod
1886 1672 1955 1701 bene
1977 1672 2133 1701 insinuatur

1286 1715 1464 1745 Ecclesiastici
1494 1717 1624 1753 vigesimo
1656 1719 1795 1755 quarto⁵‚
1824 1719 1870 1748 ubi
1899 1719 2012 1748 attribui
2046 1722 2134 1756 potest

1286 1763 1390 1800 Virgini
1413 1764 1487 1800 quod
1509 1765 1647 1801 Sapientia
1668 1765 1733 1794 dicit
1754 1766 1787 1794 de
1809 1774 1853 1795 se:
1879 1767 1936 1804 Ego
1958 1767 2046 1805 quasi
2066 1767 2133 1795 vitis

1284 1809 1468 1847 fructificavi
1486 1811 1663 1840 suauitatem
1685 1813 1792 1841 odoris.
1816 1814 1933 1842 Fructus
1954 1813 2005 1842 iste
2029 1814 2133 1842 suavis

1286 1857 1385 1885 odoris
1406 1858 1533 1887 Christus
1554 1861 1610 1893 est,
1633 1859 1770 1896 Sapientia
1792 1860 1893 1894 Patris,
1915 1868 1986 1897 quae
2014 1860 2080 1889 dicit
2099 1860 2133 1889 de

1285 1912 1314 1933 se
1335 1904 1451 1933 ibidem:
1476 1906 1510 1933 [η
1530 1905 1634 1942 plateis
1655 1906 1731 1934 sicut
1752 1907 1972 1936 cinnamomum
1990 1910 2015 1936 et
2036 1907 2133 1936 batsa-

1284 1960 1366 1980 mum
1388 1952 1596 1981 aromatizans
1618 1953 1733 1982 odorem
1757 1954 1831 1987 (ledi,
1853 1957 1988 1991 quantuni
2010 1955 2043 1983 ad
2058 1955 2133 1983 Divi-

1284 1998 1414 2032 nitatenn
1436 1999 1524 2036 quasi
1544 1998 1671 2037 myrrha
1692 1999 1778 2028 electa
1799 2000 1865 2029 (ledi
1878 2001 2053 2030 suavitatem
2069 2001 2134 2030 ocio-

1285 2045 1345 2079 ris,
1367 2049 1502 2082 quantum
1525 2046 1557 2074 ad
1581 2047 1798 2081 humanitatem,
1820 2056 1892 2084 quae
1913 2056 1993 2085 passa
2013 2052 2063 2077 est.
2086 2048 2132 2077 Hic

1284 2092 1352 2120 odor
1373 2092 1455 2121 debet
1476 2093 1502 2121 in
1526 2093 1604 2122 nobis
1625 2094 1749 2123 excitare
1770 2094 1937 2124 desiderium
1954 2095 2131 2132 perveniendi

1284 2139 1317 2167 ad
1339 2139 1496 2174 Christum,
1518 2140 1671 2168 secundum
1700 2141 1767 2169 illud
1795 2142 1971 2171 Canticorum
2004 2142 2130 2179 prim0⁶:

1287 2185 1448 2214 Curi-emas
1471 2187 1501 2214 iu
1522 2187 1637 2215 odorem
1664 2191 1880 2225 unquentorum
1902 2192 2030 2218 tuorum.
2057 2189 2132 2219 Unde

1284 2236 1311 2261 et
1332 2233 1430 2262 beatus
1452 2234 1564 2262 loannes
1587 2234 1772 2271 Evangelista:
1799 2246 1812 2260 «
1827 2235 1902 2264 Odor
1917 2240 1991 2271 tuns,
2006 2236 2130 2271 Domine,

1284 2280 1521 2317 concupiscentias
1541 2281 1568 2309 in
1592 2289 1634 2310 me
1656 2282 1788 2310 excitavit
1802 2285 1928 2312 aeternas
1943 2295 1970 2311 ».
1985 2284 2072 2313 Huius
2085 2292 2132 2312 au-

1285 2331 1338 2356 tem
1360 2327 1470 2356 fructus
1494 2331 1558 2357 tnnc
1580 2329 1715 2357 sentimus
1740 2329 1867 2364 odorem,
1896 2330 2006 2367 quando
2034 2339 2131 2368 opera-

1283 2382 1348 2403 mur
1369 2375 1472 2403 bonum
1494 2383 1545 2412 pro
1567 2383 1615 2412 spe
1636 2377 1819 2414 consequendi
1842 2377 1964 2406 fructum
1980 2378 2073 2410 istum,
2089 2386 2130 2407 se-

1283 2421 1405 2450 eundum
1428 2421 1495 2450 illud
1518 2422 1623 2458 primae
1644 2422 1677 2451 ad
1698 2423 1855 2452 Corinthios
1876 2424 1985 2452 nono⁷z
2004 2424 2085 2453 Debet
2100 2425 2131 2454 iii

1283 2476 1332 2504 spe
1353 2468 1405 2506 qui
1425 2472 1494 2496 arat
1516 2476 1624 2501 arare,·
1645 2473 1670 2497 et
1698 2469 1750 2506 qui
1777 2470 1916 2503 triturat,
1939 2470 1970 2498 in
1993 2479 2043 2508 spe
2063 2470 2130 2508 fru-

1283 2519 1346 2543 ctas
1364 2515 1553 2552 percipiendi.
1577 2516 1628 2545 lsta
1649 2520 1741 2545 auten]
1763 2525 1826 2553 spes
1847 2525 1900 2545 non
1923 2518 2065 2554 permittit,
2082 2519 2130 2547 ho-

1284 2562 1384 2590 minem
1406 2562 1522 2599 fatigari,
1545 2563 1696 2591 secundum
1719 2563 1785 2592 illud
1809 2564 1894 2593 lacobi
1918 2565 2029 2593 ultimo:
2050 2566 2129 2600 Ecce,

1283 2609 1417 2646 ayricota
1437 2613 1580 2646 exspectat
1602 2610 1765 2646 pretiosum
1785 2610 1919 2648 fructum
1942 2615 2054 2645 terrae,
2073 2621 2129 2649 pa-

1284 2656 1384 2684 tienter
1404 2655 1518 2693 serens,
1541 2657 1629 2685 donec
1648 2657 1776 2694 accipiat
1798 2661 2016 2695 temporaneum
2042 2663 2068 2687 et
2087 2667 2129 2687 se-

1283 2707 1422 2731 rotimum.

445 2862 451 2874 ¹
471 2863 535 2885 Vers.
553 2864 577 2889 7;
596 2868 724 2892 sequuntur
741 2867 795 2888 Gen.
813 2867 835 2893 3,
857 2867 889 2889 17.
907 2871 930 2889 et
947 2868 981 2890 ΡΞ.
1000 2868 1037 2895 st,
1055 2870 1077 2891 ἱ).

443 2900 452 2913 ²
471 2902 534 2923 Vers.
553 2903 594 2929 2¹3
612 2904 716 2931 sequitur
734 2905 781 2926 lsai.
801 2905 821 2932 4,
839 2907 861 2928 2.

444 2938 452 2951 ³
472 2940 534 2962 Vers.
557 2941 594 2967 17;
612 2946 740 2970 sequuntur
759 2944 807 2965 lsai.
830 2945 862 2971 ll,
884 2946 902 2967 1.
919 2949 940 2967 et
959 2947 1024 2968 Drov.
1042 2947 1066 2975 3,
1090 2947 1123 2969 li.

442 2977 451 2989 4
470 2978 533 3001 Ycrs.
556 2980 588 3001 13.
606 2986 684 3009 seqq.;
702 2982 806 3009 sequitur
824 2984 838 3004 l.
857 2984 913 3005 petr.
936 2985 953 3011 l,
975 2985 1009 3006 12.

1344 2868 1353 2881 ⁵
1370 2869 1436 2891 Vers.
1456 2869 1498 2895 23;
1516 2872 1537 2891 et
1554 2869 1606 2892 dein
1625 2876 1647 2891 v.
1665 2871 1702 2892 20.

1346 2907 1355 2920 0
1371 2908 1436 2930 Vers.
1454 2908 1475 2930 3.
1492 2921 1522 2924 Q
1540 2908 1648 2937 Sequitur
1660 2908 1753 2937 Abdias,
1767 2909 1794 2931 V.
1808 2909 1919 2931 Historiae
1931 2909 2063 2932 certaminis
2074 2916 2127 2938 apo-

1282 2947 1363 2969 stolici.

1346 2985 1353 2998 ⁷
1372 2986 1437 3008 Verso
1459 2987 1497 3015 l0;
1515 2987 1618 3016 sequitur
1637 2988 1679 3010 lac.
1696 2988 1717 3015 5,
1734 2987 1757 3009 7.

2154 350 2177 365 „0
2187 317 2232 371 asli*

2227 410 2229 422 Ι

2233 545 2238 558 Ι

2231 561 2237 580 i

2234 582 2237 601 l

2235 606 2236 615 1

2231 617 2233 647 l

2231 674 2242 764 l

2172 765 2242 814 anlon⁵

2153 817 2241 866 siaa

2155 1303 2175 1322 In
2187 1304 2235 1324 Chris

2149 1327 2180 1346 lux
2192 1327 2237 1352 dupl«

2148 1633 2176 1653 De
2189 1638 2240 1653 secun

2152 2056 2243 2076 Notandum
