2243 3348
281 621 357 639 Divisio.

238 1087 283 1105 Pais
295 1086 308 1104 l.
323 1086 349 1104 De

229 1109 357 1133 purificatione

236 1134 258 1151 B.
272 1133 354 1155 Virginis

237 1157 314 1179 eiusque
327 1157 350 1173 si-

237 1180 353 1203 gniticatione

258 1203 334 1226 duplici.

245 1366 350 1384 Purificatio

237 1390 319 1412 Virginis
332 1390 359 1407 in*

230 1414 287 1431 terior
299 1416 317 1431 ει
331 1418 361 1431 ex-

262 1437 325 1455 terior.

235 1740 261 1758 De
274 1740 359 1763 purinca-

242 1764 291 1782 tione
304 1764 350 1782 iute-

236 1787 284 1805 riore
298 1787 359 1810 Virgi-

246 1811 274 1828 nis
287 1811 347 1833 quoad

275 1835 315 1851 tria.

379 165 435 194 634

377 242 459 279 Virgo
482 241 621 278 purificari
642 248 697 268 non
719 238 868 275 indigebat,
884 245 974 274 neque
989 236 1153 272 Redemptor
1175 235 1220 263 oli-

377 289 476 317 latione
508 288 602 324 l'egali3
634 286 707 315 unde
738 285 924 321 Gregorius¹z
958 283 1011 311 «Si
1045 282 1112 310 nihil
1145 281 1218 310 aliud

377 338 446 364 esset
469 334 518 362 uisi
542 333 666 361 litteralis
698 331 829 360 memoria
859 330 1004 358 oblationis
1027 332 1171 357 turturum
1193 331 1220 356 et

376 381 582 412 columbarum,
605 386 658 406 non
680 381 750 406 esset
779 375 931 404 necessaria
959 374 1107 403 celebratio
1136 374 1220 402 liuius

375 427 435 456 festi
451 438 481 460 »;
504 425 550 454 sed
568 424 739 462 purificatio
768 422 896 459 Virginis
924 421 1057 458 gloriosae
1086 420 1220 457 significat

376 473 593 511 purificationem
615 470 812 499 ecclesiasticae
841 468 1029 501 hierarchiae,
1059 470 1086 495 et
1114 466 1219 495 oblatio

377 519 540 549 Saloatoris
561 518 670 546 inchoat
692 516 855 544 oblationem
878 514 1078 543 sacrificiorum
1099 513 1219 541 iustitiae

375 567 402 595 in
424 574 494 594 novo
515 565 696 593 Testamento.
712 563 780 590 Haec
795 562 851 590 duo
866 561 985 598 Spiritus
999 564 1111 589 sanctus
1125 560 1219 596 expri-

375 613 424 641 mit
445 620 494 649 per
525 619 554 639 os
586 609 732 638 Malachiae
759 609 925 645 prophetae:
949 607 1055 644 primo,
1076 606 1219 643 purifica-

375 660 476 687 tionem
499 658 703 686 ministrorum
727 655 860 684 Ecclesiae.
881 655 1049 691 designatam
1072 662 1120 690 per
1142 654 1219 690 puri-

374 706 526 734 ficationem
556 703 674 740 Virginis
695 703 845 739 gloriosae,
874 709 937 729 cum
969 701 1049 729 dicit:
1073 700 1220 737 Purgyabil

373 752 448 789 filios
480 751 547 779 Lem?
567 754 633 783 ctc,;
656 749 776 778 secundo
808 748 941 784 exprimit
973 747 1146 775 oblationem
1171 755 1221 775 sct-

374 798 555 835 ersllelormn
577 796 696 825 iustitiae
717 796 885 832 designatam
908 802 957 831 per
978 794 1143 822 oblationem
1162 794 1218 822 Filii

374 846 421 874 Dei
444 845 541 873 factam
564 853 579 872 a
600 844 693 876 Matre,
715 850 778 870 cum
793 842 872 870 dicit:
891 842 923 869 Et
938 844 1023 869 eruut
1041 840 1161 868 Domino
1177 840 1220 878 of-

373 892 495 929 serentes
510 895 560 920 etc.
577 892 633 919 Non
649 894 688 918 est
705 889 855 926 perfectum
879 888 1044 916 sacrificium
1067 887 1093 915 in
1117 887 1220 916 mundo

374 940 423 968 nisi
447 938 523 972 illud,
546 946 595 966 nec
617 937 642 965 iu
666 936 749 965 veteri
773 936 946 964 Testamento
967 934 1070 971 aliquid
1093 934 1220 963 valebant

374 986 519 1018 sacrificia,
542 985 592 1012 nisi
616 984 640 1011 in
664 986 798 1020 quantum
821 982 1065 1018 repraesentabant
1087 981 1169 1010 istud.

454 1033 469 1059 1.
494 1032 598 1064 Primo,
621 1030 693 1063 dico,
716 1028 889 1066 purificatio
916 1028 1063 1065 gylort'oscte
1090 1028 1220 1065 Vz'rgyz'nzzs

376 1079 509 1115 siguificat
528 1077 764 1114 purificationem
786 1075 995 1104 ecclesiastieae
1017 1074 1218 1108 hierarchiae,

375 1133 444 1162 quae
467 1124 548 1152 habet
569 1124 704 1160 duplicem
729 1122 964 1159 purificationem:
987 1130 1070 1150 unam
1093 1130 1142 1158 per
1157 1130 1219 1158 gra-

376 1172 439 1200 tiam
456 1170 665 1208 baptismalem,
681 1169 760 1197 aliam
778 1177 827 1205 per
847 1169 964 1205 gratiam
979 1168 1217 1205 poenitentialem.

374 1219 434 1247 Duo
448 1222 512 1247 sunt
533 1225 632 1254 genera
648 1219 823 1253 peccatorum
839 1215 985 1252 generalia,
1001 1223 1072 1252 quae
1090 1218 1219 1251 separant

372 1274 388 1293 a
410 1273 508 1302 regno,
531 1264 633 1293 scilicet
655 1267 796 1300 peccatum
826 1262 969 1299 oriqimtle
990 1265 1016 1290 et
1038 1262 1171 1295 actttctle,·
1192 1264 1219 1290 et

373 1313 432 1341 ideo
454 1312 522 1348 (illa)
543 1311 690 1347 dupliciter
706 1310 788 1338 habet
807 1309 949 1338 iustificari
967 1309 1051 1337 instar
1067 1309 1146 1337 istius
1167 1309 1218 1337 du-

374 1360 450 1396 plicis
471 1358 677 1395 purificationis.
701 1357 784 1393 Virgo
805 1357 924 1393 gloriosa
938 1356 1085 1392 dupliciter
1100 1356 1152 1384 suit
1168 1364 1219 1392 pu-

374 1407 490 1440 rificata,
513 1406 615 1433 scilicet
638 1404 761 1432 inter-ms
782 1404 934 1432 secundum
957 1403 1114 1437 veritatem,
1129 1406 1156 1432 et
1171 1412 1219 1431 eac-

373 1453 463 1481 lerz'zcs
491 1452 642 1480 secundum
676 1451 971 1487 repraesentationem;
994 1453 1021 1478 et
1053 1450 1113 1479 ideo
1143 1451 1218 1487 eguit

372 1501 459 1536 gratia
481 1499 633 1535 ljiaptismali
666 1499 708 1527 vel
740 1498 952 1535 aequipollenti,
974 1498 1039 1534 quia
1065 1497 1217 1526 secuudum

373 1554 544 1575 communem
568 1545 828 1582 usum‘concepta2
849 1545 917 1578 fuit,
939 1549 965 1573 et
991 1545 1052 1573 ideo
1073 1548 1216 1581 peccatum

372 1593 502 1629 originale
524 1593 678 1625 contraxit;
701 1592 748 1620 sed
769 1592 857 1628 gratia
874 1592 1058 1628 poenitentiali
1076 1600 1128 1620 non
1149 1591 1218 1620 indi-

371 1639 443 1676 guit,
466 1639 530 1676 quia
552 1642 693 1675 peccatum
716 1639 824 1667 actuale
845 1646 899 1667 non
921 1639 1066 1667 commisit.

450 1686 513 1714 Dico
536 1686 635 1723 igitur,
658 1686 732 1723 quod
754 1686 839 1722 Virgo
858 1685 993 1722 gloriosa,
1016 1689 1047 1714 ut
1076 1685 1218 1714 inchoaret

371 1733 589 1770 purificationem
612 1733 803 1761 ministrorum
828 1732 978 1766 Ecclesiae,
1001 1732 1127 1760 interius
1151 1740 1219 1768 pur-

372 1783 433 1816 gata
456 1780 505 1808 suit
531 1783 558 1808 et
589 1779 741 1808 secundum
775 1779 918 1807 veritatem
942 1787 991 1815 per
1015 1778 1218 1815 susceptionem

373 1827 475 1863 gratiae
497 1826 700 1861 sanctific-antis,
716 1834 771 1863 qua
792 1826 939 1862 purificata
960 1825 1011 1854 snit
1027 1825 1218 1861 purificatione

372 1873 506 1910 perfecta,
522 1881 592 1910 quae
614 1873 776 1909 designatur
791 1873 816 1901 in
835 1872 989 1901 Proverbiis
1000 1872 1021 1906 ³,
1038 1872 1083 1900 ubi
1099 1872 1218 1900 dicitur:

371 1920 466 1958 Aufer
487 1920 651 1957 rubiffl'uem
673 1920 708 1948 (le
728 1923 858 1957 (cryc-nm,
874 1923 899 1948 et
913 1919 1077 1956 eyredz'etur
1097 1927 1151 1946 vce-s
1162 1927 1219 1956 pu-

371 1968 532 1995 rissimum.
567 1968 709 2004 integritas
741 1968 878 1995 humanae
910 1969 1025 1994 naturae
1059 1966 1084 1993 in
1107 1966 1218 2002 Virgine

370 2014 488 2051 gloriosa
518 2015 677 2051 designatur
701 2022 748 2051 per
770 2017 945 2051 arycntum;
970 2021 1021 2050 per
1052 2012 1218 2050 rubtyz‘nem

373 2069 438 2090 vero
459 2062 629 2098 significatur
652 2065 793 2098 peccatum
816 2061 965 2098 originale,
988 2060 1061 2097 quod
1084 2060 1110 2088 in
1138 2064 1220 2089 utero

372 2109 467 2136 matris
488 2109 642 2142 contraxit3
664 2117 713 2145 per
735 2108 910 2136 ablationem
933 2107 1081 2144 rubiginis
1106 2107 1141 2135 (le
1168 2115 1220 2135 ccr-

370 2159 452 2191 9ento
474 2155 594 2192 intelligo
615 2156 730 2192 gratiam
760 2155 992 2188 sanctificantem,
1015 2162 1070 2191 qua
1098 2154 1219 2182 sanctiti-

373 2205 432 2229 cata
453 2202 504 2230 fuit
526 2210 574 2238 per
595 2202 711 2238 gratiam
733 2202 930 2235 excellentem,
961 2209 1010 2237 per
1031 2208 1114 2237 quam
1137 2200 1219 2237 culpa

373 2248 513 2285 originalis
534 2249 621 2277 deleta
643 2249 694 2277 suit
715 2249 750 2277 ab
771 2249 830 2285 ipsa
851 2252 986 2285 qnantum
1009 2248 1042 2276 ad
1058 2247 1217 2281 maculam,

373 2295 476 2323 scilicet
498 2295 523 2323 in
546 2299 651 2327 mente;
674 2299 809 2332 quantum
831 2295 864 2323 ad
886 2295 1048 2333 sequelam,
1071 2295 1176 2323 scilicet
1192 2294 1218 2322 in

373 2342 564 2376 sensualitate3
586 2345 612 2370 et
634 2346 769 2379 quantum
791 2342 823 2371 ad
846 2351 986 2375 causam,
1002 2341 1104 2370 scilicet
1126 2341 1152 2369 in
1175 2349 1219 2369 ra-

373 2388 432 2416 dice
453 2396 467 2416 e
496 2389 686 2417 coniunctione
717 2390 823 2417 animae
855 2396 919 2418 cum
951 2396 1034 2417 carne
1062 2388 1163 2417 vitiata.
1191 2388 1219 2416 In

374 2435 433 2462 aliis
454 2439 494 2463 est
516 2439 657 2471 peccatum
679 2436 812 2473 originale
833 2440 859 2464 et
881 2440 921 2465 est
944 2435 1123 2464 sanctificatio
1148 2435 1221 2472 ipso—

375 2489 437 2509 rum
460 2483 548 2510 solum
570 2486 704 2519 qnantum
727 2483 759 2511 ad
775 2483 942 2516 vesiculam,
965 2483 1030 2520 quia
1051 2482 1221 2519 relinquitur

376 2528 402 2555 in
425 2529 463 2556 eis
484 2529 596 2566 sequela
619 2531 720 2566 peccati
744 2534 879 2567 quantum
893 2530 925 2558 ad
942 2530 1120 2566 pronitatem,
1136 2537 1220 2566 quam

964 159 1136 188 SERMONES
1157 159 1200 186 DE
1223 158 1249 186 B.
1272 158 1403 187 VlRGlNE
1426 157 1532 186 MARIA.

1277 235 1379 263 liabent
1400 235 1433 263 ad
1455 235 1640 271 peccandum3
1661 235 1707 263 sed
1740 235 1819 264 beata
1840 235 1923 272 Virgo
1945 236 1982 264 ita
2003 237 2122 265 sanctiti-

1277 285 1337 310 cata
1358 281 1425 315 suit,
1447 281 1521 317 quod
1542 281 1647 309 nullam
1670 282 1834 318 pronitatem
1857 282 1954 311 habuit
1969 283 1994 311 in
2011 291 2123 312 sensua-

1277 327 1352 355 litate
1374 335 1424 356 nec
1446 327 1574 355 inclinata
1596 327 1648 356 fuit
1669 328 1701 356 ad
1723 328 1833 364 aliquod
1849 333 1993 365 peccatum
2009 330 2122 359 veniale.

1278 374 1396 410 Purgata
1416 374 1498 402 etiam
1519 374 1572 402 fuit
1592 377 1727 410 quantum
1749 375 1781 403 ad
1804 383 1929 403 causum
1944 376 2057 412 pcccati,
2072 376 2123 405 sci-

1277 420 1340 448 licet
1362 420 1388 448 in
1411 420 1511 454 radice,
1533 420 1598 457 quia
1619 420 1716 449 habuit
1734 421 1852 450 radicem
1876 422 1964 451 omnis
1987 423 2122 459 puritatis.

1277 467 1379 495 Tantae
1408 467 1537 504 puritatis
1567 467 1635 502 fuit,
1656 468 1730 504 quod
1752 476 1805 497 non
1838 469 1928 505 potuit
1956 478 2015 498 csse
2037 471 2123 499 maior

1279 513 1399 550 puritas;
1422 513 1495 542 unde
1516 514 1697 542 Anselmus4:
1722 526 1735 539 «
1751 515 1878 549 Docebat,
1894 518 1926 544 ut
1940 515 2013 544 illius
2035 517 2124 545 homi-

1278 560 1320 588 nis
1340 559 1482 596 conceptio
1504 560 1583 588 tieret
1603 559 1636 588 de
1658 561 1743 589 Matre
1764 561 1913 598 purissima
1937 570 1969 591 ea
1990 563 2123 599 puritate,

1277 614 1333 642 qua
1354 606 1440 634 maior
1463 605 1515 635 sub
1536 606 1592 634 Deo
1613 607 1709 643 nequit
1731 607 1887 644 intelligi»,
1909 616 1958 645 per
1982 609 2122 638 influxum

1277 653 1381 690 gratiae
1403 653 1599 682 sanctificantis
1620 654 1647 681 in
1669 658 1750 682 utero
1770 658 1797 683 et
1818 658 1900 683 extra
1920 655 1980 684 eius
1996 659 2122 691 uterum;

1277 703 1305 728 et
1325 708 1361 728 cx
1383 700 1564 737 conceptione
1579 700 1650 729 Filii
1670 704 1745 729 tanta
1767 702 1958 738 purificatione
1979 702 2124 739 purificata

1278 746 1339 781 suit,
1355 750 1387 775 ut
1402 755 1451 775 noc
1467 747 1575 775 macula
1590 755 1640 776 noc
1654 748 1766 784 sequela
1781 749 1882 785 peccati
1899 757 1949 778 nec
1964 757 2047 778 causa
2061 758 2124 787 pec-

1279 794 1330 822 cati
1347 794 1373 822 in
1388 802 1420 822 ea
1443 797 1606 823 remaneret.
1628 811 1667 814 —
1690 795 1719 823 Et
1741 794 1910 824 hierarchia
1931 796 2125 825 ecclesiastiea

1278 841 1330 869 fuit
1358 841 1504 878 purificata
1535 849 1584 878 per
1615 842 1731 878 gratiam
1761 842 1966 879 baptismalem3
1995 843 2068 872 unde
2096 844 2123 872 in

1278 888 1433 916 Ezechiele:
1463 888 1543 915 'l'mzc
1563 888 1744 925 purissimas
1765 889 1888 917 reddam
1903 897 1999 927 aquas
2023 898 2124 918 eorum

1277 938 1303 963 ct
1322 934 1449 971 flumina
1470 943 1571 963 eorum
1593 935 1681 972 quasi
1701 935 1793 964 oleam
1816 936 1982 971 adducam,
2004 937 2046 965 ctll
2069 937 2124 965 Do-

1277 981 1377 1009 iitt'itus
1401 982 1494 1015 Deus,
1516 990 1581 1010 cum
1606 981 1709 1010 dedero
1735 977 1847 1010 lerr'ccm.
1869 983 1994 1021 Aegypti
2013 983 2124 1012 desola—

1278 1032 1347 1056 tam.
1377 1029 1469 1056 Terret
1493 1029 1633 1066 Aeyyptl,
1657 1029 1682 1057 id
1704 1032 1745 1057 est
1771 1032 1846 1058 terra
1868 1029 1945 1058 idolis
1967 1030 2056 1067 plena,
2077 1031 2124 1060 de-

1277 1075 1398 1109 solatur,
1420 1075 1530 1112 quando
1557 1075 1627 1103 idola
1658 1076 1851 1104 destruuntur.
1884 1077 1960 1105 Dixit
1991 1077 2124 1106 Dominus

1278 1130 1327 1158 per
1351 1122 1529 1158 Prophetam:
1553 1123 1692 1150 Ascendet
1709 1123 1851 1151 Dominus
1866 1131 1955 1160 super
1969 1123 2084 1157 nubem,
2099 1127 2124 1152 et

1277 1168 1533 1197 commovebuntur
1561 1168 1726 1197 simulacra.
1759 1170 1883 1207 Aegypti
1913 1178 1932 1198 α
1953 1169 2030 1207 facie
2051 1171 2121 1199 elus.

1277 1216 1430 1244 Destructis
1452 1216 1545 1250 idolis,
1568 1216 1669 1252 incepit
1697 1217 1789 1245 cultus
1810 1217 1873 1251 Dei;
1903 1217 2123 1254 purificabantur

1277 1263 1402 1291 homines
1422 1266 1485 1291 aute
1505 1262 1654 1291 adventum
1676 1262 1776 1291 Christi
1793 1271 1841 1299 per
1869 1263 2122 1299 circumcisionem,

1276 1309 1357 1337 modo
1379 1317 1444 1338 vero
1466 1309 1651 1346 purificantur
1673 1318 1723 1346 per
1745 1310 1912 1346 baptismum
1928 1314 1955 1339 et
1970 1311 2049 1348 longe
2064 1319 2123 1340 ma-

1276 1357 1333 1385 iore
1355 1356 1554 1393 purificatione.

1356 1404 1498 1432 Peccatum
1521 1403 1654 1440 originale
1674 1403 1772 1440 foedat
1794 1408 1825 1432 ut
1847 1405 1967 1439 macula,
1990 1405 2077 1434 laedit
2091 1408 2123 1434 ut

1276 1450 1423 1479 infirmitas
1445 1454 1472 1479 et
1500 1450 1572 1487 hyat
1597 1454 1628 1478 ut
1650 1454 1759 1485 reatus3
1782 1451 1828 1480 sed
1860 1451 2029 1488 baptismalis
2050 1460 2123 1489 aqua

1276 1501 1317 1525 est
1339 1497 1488 1534 purissima
1509 1500 1535 1525 et
1558 1497 1686 1533 purificat
1707 1501 1791 1526 totam
1817 1498 1964 1527 Ecclesiam
1993 1499 2052 1528 sive
2078 1507 2122 1528 ec—

1276 1544 1454 1572 clesiasticam
1477 1543 1680 1578 hierarchiam,
1704 1544 1861 1573 mundando
1882 1552 1898 1573 a
1921 1545 2057 1580 piacula,
2079 1554 2122 1575 sa—

1277 1591 1366 1619 nando
1387 1590 1422 1619 ab
1442 1590 1614 1627 infirmitate
1635 1594 1662 1619 et
1683 1591 1824 1620 liberando
1839 1592 1873 1620 ab
1888 1591 2070 1629 obligatione.
2091 1593 2123 1621 Et

1276 1637 1406 1674 purificat
1433 1638 1568 1671 animam,
1590 1637 1627 1665 ita
1658 1638 1732 1674 quod
1760 1638 1853 1666 statim
1874 1639 1959 1675 possit
1980 1639 2072 1668 offerri
2095 1639 2123 1668 in

1277 1688 1424 1721 conspectu
1448 1684 1511 1718 Dei;
1534 1685 1586 1713 hoc
1607 1688 1648 1713 est
1670 1685 1743 1721 quod
1765 1685 1845 1714 dicit:
1861 1686 2043 1723 palaestinas
2058 1686 2123 1715 red-

1276 1732 1345 1760 cletm
1368 1738 1464 1769 aquas
1485 1740 1587 1759 eorum
1608 1735 1633 1759 cl
1652 1731 1780 1767 flumina
1800 1741 1903 1761 eorum
1921 1733 2010 1770 quasa·
2029 1733 2122 1761 oleum

1276 1779 1442 1813 adducam,
1466 1778 1491 1806 id
1513 1781 1554 1807 est
1576 1779 1707 1808 virtutem
1729 1780 1930 1816 purificationis
1960 1788 2009 1817 per
2038 1780 2124 1817 Spiri-

1278 1829 1336 1854 tum
1359 1830 1494 1860 sanctum,
1516 1826 1562 1863 qui
1586 1834 1635 1863 per
1651 1835 1759 1864 aquam
1776 1826 1946 1863 designatur,
1961 1830 1989 1856 et
2006 1827 2122 1864 gratiam

1277 1873 1397 1910 Spiritus
1418 1873 1520 1907 sancti,
1541 1881 1612 1910 quae
1635 1881 1684 1910 per
1699 1873 1791 1902 oleum
1806 1873 1993 1910 significatur;
2016 1877 2042 1903 et
2063 1874 2125 1903 ideo

1276 1920 1367 1948 oleum
1390 1919 1515 1956 iungitur
1537 1927 1600 1947 cum
1628 1919 1800 1956 baptismate.
1825 1919 1972 1957 Spiritu-9,
1994 1928 2075 1958 aqua
2096 1922 2123 1949 et

1276 1966 1401 2003 sanquis
1412 1966 1423 1983 ⁵
1440 1966 1583 2000 mundant,
1596 1966 1632 1994 ita
1644 1966 1718 2003 quod
1730 1966 1860 2003 Spiritus
1876 1967 1990 1995 mundat
2004 1967 2031 1995 in
2042 1974 2123 2005 aqua

1276 2021 1291 2041 a
1314 2013 1423 2041 macula
1448 2017 1476 2041 et
1503 2016 1581 2041 sanat
1609 2013 1644 2041 ab
1676 2013 1835 2042 infirmitate
1863 2016 1889 2042 et
1919 2021 1969 2050 per
1990 2013 2122 2042 virtutem

1276 2060 1434 2097 sanym'nz's
1457 2060 1555 2088 liberat
1582 2068 1598 2088 a
1624 2063 1712 2088 reatu.
1741 2060 1887 2096 Apostolus
1911 2060 1944 2089 ad
1967 2060 2097 2097 Ephesios
2111 2059 2123 2076 ‘⁵

1276 2107 1342 2135 dicit
1363 2107 1398 2135 de
1417 2107 1470 2135 ista
1500 2107 1710 2143 purificatione.-
1733 2106 1867 2135 Christus
1897 2107 1997 2136 dilexit
2029 2106 2123 2135 Eccle-

1275 2153 1370 2187 siam,
1387 2153 1536 2181 mundans
1550 2161 1615 2181 eam
1629 2153 1749 2182 lavacro
1771 2153 1803 2182 in
1823 2153 1908 2182 verbo
1929 2153 2023 2187 vitae,
2044 2156 2077 2181 ut
2091 2153 2122 2181 ti-

1277 2200 1388 2229 beraret
1416 2207 1476 2228 eam
1507 2208 1523 2228 a
1554 2200 1682 2228 foeditate
1713 2200 1833 2237 peccati;
1855 2203 1887 2228 ul
1907 2200 1946 2229 sic
1972 2203 2076 2229 sancta
2097 2203 2124 2228 et

1277 2247 1487 2281 immaculata,
1510 2247 1634 2275 tradidit
1653 2256 1683 2275 se
1704 2247 1802 2284 ipsum
1826 2255 1883 2284 pro
1904 2255 1955 2280 ert,
1984 2250 2016 2275 uc
2043 2245 2123 2275 coehz'-

1278 2294 1353 2322 beret
1373 2302 1438 2322 eam
1458 2302 1516 2322 nort
1538 2293 1685 2322 habentem
1707 2293 1856 2322 maculam
1878 2297 1931 2322 aut
1945 2301 2053 2331 ruyam
2069 2296 2120 2322 etc.

2141 803 2168 831 Do
2181 805 2232 831 parili

2137 829 2186 847 tione
2195 828 2222 850 hle

2140 850 2191 878 chiae
2201 845 2237 873 cecil

2137 876 2234 920 813ΞῖΞὲἓῦ

2141 903 2237 944 ‘illimatam

2157 1411 2232 1432 Effectus
2238 1417 2243 1428 ν

2154 1435 2240 1458 baptismi*

2160 1459 2230 1483 triplex.

1278 2357 1314 2361 —
1336 2340 1420 2377 Virgo
1441 2340 1560 2377 gloriosa
1582 2340 1726 2377 purificata
1748 2340 1816 2375 fuit,
1839 2343 1871 2369 ut
1891 2341 2049 2378 conciperet
2072 2340 2120 2369 Dei
2140 2348 2243 2372 comparati

2133 2372 2215 2390 Ecclesia
2223 2376 2243 2391 en

1276 2387 1389 2421 Filium,
1411 2390 1438 2416 et
1460 2395 1509 2424 per
1531 2387 1621 2424 ipsum
1650 2387 1769 2416 Ecclesia
1789 2387 1954 2416 fecundatur
1975 2390 2003 2416 et
2023 2387 2121 2424 purifi·
2137 2395 2159 2414 Β,
2174 2394 2243 2419 vagu«

1276 2438 1355 2463 catur
1377 2442 1413 2463 ex
1435 2435 1522 2471 gratia
1543 2434 1697 2471 baptismali
1720 2435 1777 2463 sive
1805 2443 1841 2464 ex
1872 2442 1945 2471 aqua
1975 2442 2122 2471 regenera-

1278 2481 1374 2514 tionis;
1396 2480 1579 2517 Apostolus‘1:
1601 2481 1748 2517 Desponsa*
1761 2489 1810 2509 vos
1832 2481 1964 2509 univiro
1977 2481 2121 2518 viryinem

1277 2531 1390 2556 castam
1405 2526 1536 2556 exhibere
1553 2527 1676 2556 Christo.
1692 2529 1812 2565 Agnosce
1827 2528 1911 2565 igitur
1926 2528 2121 2565 virginitatem,

438 2681 444 2693 ¹
464 2682 552 2704 Scilicet
570 2684 666 2710 (jrcgor.
683 2684 785 2710 Nyssen„
802 2685 841 2712 qui
859 2685 881 2706 iu
901 2685 992 2706 homilia
1010 2685 1039 2707 de
1056 2685 1159 2707 Occursu
1179 2685 1219 2706 Do-

375 2720 429 2741 mini
448 2720 514 2742 dicit:
535 2730 545 2740 1<
556 2721 584 2742 llli
603 2722 642 2749 qui
655 2723 810 2744 velamentum
824 2724 844 2745 in
859 2724 928 2745 corde
945 2730 999 2750 suo,
1016 2725 1073 2746 dum
1092 2725 1171 2751 legunt
1183 2730 1220 2745 ve-

376 2762 412 2780 tus
424 2760 608 2786 Testamentum,
620 2762 794 2788 circumferunt,
808 2763 887 2784 iisdem
898 2763 1022 2790 (piotanuis
1032 2763 1134 2785 hostiis...
1147 2763 1219 2784 existi-

377 2804 439 2820 mare
459 2799 557 2826 debent,
579 2800 644 2821 stulte
667 2804 688 2822 ct
714 2801 820 2828 imperite
844 2808 868 2823 se
893 2802 1007 2824 eiusmodi
1032 2802 1219 2824 constitutionem

377 2838 470 2865 exsequi
488 2841 556 2866 atquc
573 2839 678 2866 implere.
695 2840 739 2861 Nos
757 2843 846 2865 autem.
864 2840 973 2868 quibus..
986 2841 1101 2863 eiusmodi
1114 2841 1219 2862 velamen

377 2875 511 2902 adt-inmuni
529 2880 593 2903 esim,
611 2879 736 2904 [viricscntis
753 2879 863 2901 solemnis
879 2879 923 2901 diei
943 2880 992 2902 sesa
1006 2883 1075 2908 atque
1093 2883 1220 2902 coni-entus

378 2915 510 2940 mysterium
529 2917 675 2938 considerare
693 2921 761 2945 atque
779 2922 883 2945 spectare
900 2922 1024 2946 oportet».

440 2952 448 2964 '²
467 2954 489 2974 lu
501 2954 552 2976 cod.
566 2954 636 2976 timu.
654 2956 735 2983 legitur
751 2958 855 2985 arcesila.
868 2957 898 2978 De
911 2958 1089 2980 sanctificatione
1103 2959 1125 2979 Β.
1138 2958 1221 2980 Mariae

1276 2684 1340 2711 Virg.
1359 2686 1380 2705 ct
1397 2684 1506 2705 sententia
1525 2683 1700 2705 Bonaventurae
1717 2688 1778 2704 nunc
1789 2681 1911 2710 reprobata
1924 2681 1983 2703 circa
1995 2681 2123 2709 conceptio-

1276 2729 1328 2744 nem
1347 2723 1371 2744 B.
1389 2722 1472 2744 Mariae
1491 2722 1592 2750 Virginis
1609 2723 1649 2744 cfr.
1668 2722 1699 2743 lll.
1717 2722 1778 2743 sent.
1795 2721 1818 2743 d.
1836 2721 1857 2742 3.
1875 2727 1897 2748 p.
1916 2721 1929 2742 1.
1947 2727 1968 2742 a.
1990 2721 2007 2742 Ι.
2025 2721 2046 2742 2.

1340 2761 1349 2774 ³
1366 2762 1423 2790 (2415).
1440 2763 1480 2789 25,
1499 2762 1521 2784 4.

1339 2801 1350 2813 ⁴
1367 2802 1397 2823 De
1415 2801 1532 2829 Couccptu
1552 2801 1641 2828 Virgin.
1659 2806 1679 2822 c.
1699 2801 1731 2822 18.
1748 2812 1779 2816 —
1796 2800 1929 2828 Sequuntur
1940 2800 2020 2822 Ezech.
2035 2799 2072 2827 32,
2089 2798 2122 2821 tt.

1277 2846 1326 2868 seq.
1343 2842 1365 2862 et
1382 2840 1431 2862 lsai.
1453 2840 1486 2867 19,
1508 2841 1526 2862 t.

1340 2878 1349 2890 ⁵
1367 2879 1496 2907 Respicitur
1515 2880 1530 2901 1.
1546 2880 1607 2901 toan.
1623 2879 1644 2907 5,
1658 2879 1683 2901 3:
1699 2879 1754 2901 Tres
1766 2879 1829 2905 sunl,
1841 2877 1883 2907 qui
1893 2877 2052 2901 testimonium
2065 2876 2122 2900 dant

1278 2918 1302 2940 in
1319 2920 1399 2940 terra:
1417 2918 1523 2947 Spiritus
1539 2919 1561 2941 et
1576 2924 1640 2947 aqua
1657 2919 1677 2940 cl
1694 2917 1804 2946 sanquis.

1341 2956 1350 2969 ⁰
1367 2957 1422 2985 Cap.
1441 2958 1462 2985 5,
1480 2957 1556 2979 25-27.
1819 2954 1827 2967 ⁷
1845 2956 1916 2983 Epist.
1936 2956 1959 2977 u.
1977 2955 2027 2977 Cor.
2047 2955 2054 2976 l
2066 2955 2083 2982 l,
2101 2955 2123 2976 2.
