2243 3348
358 155 394 182 20

223 238 337 262 anagogiam.
355 240 400 257 nos
412 232 527 256 debemus
541 232 636 256 vincere
649 231 781 255 diabolum.
795 244 830 248 —-
846 229 1014 260 Aizayoqi'cus
1033 227 1082 256 est,
1103 227 1200 258 quando

355 282 398 306 per
419 274 487 299 aliud
505 274 597 299 factum
617 274 642 298 in
661 273 735 298 terris
759 273 809 297 sive
834 273 859 296 in
888 271 997 296 Ecclesia
1022 269 1145 295 militante
1171 270 1200 293 si-

354 317 487 349 gnificatur
506 317 573 341 aliud
592 316 683 341 factum
704 317 728 340 in
754 316 828 340 caelis
853 315 904 339 sive
928 315 952 338 in
979 313 1089 338 Ecclesia
1112 312 1200 336 trium-

356 360 462 391 phante3
482 360 546 384 sicut
565 359 634 390 patet
652 360 676 383 in
691 358 815 389 mysteriis
828 358 856 382 de
870 357 978 388 templo,
999 364 1042 387 per
1056 355 1119 387 quod
1139 355 1200 386 figu-

355 404 426 428 ratur
445 403 553 427 Ecclesia
572 401 743 432 triumphans,
770 401 833 425 sicut
852 407 895 430 per
919 399 1112 424 tabernaculam
1136 398 1200 422 mili-

355 447 421 470 taus.
440 445 536 470 Dicitur
549 445 631 469 autem
645 444 801 475 anayoyicus
814 443 845 467 ab
866 450 930 473 (ma,
952 442 1016 473 quod
1036 442 1074 465 est
1087 448 1198 469 sursum,

357 489 381 513 et
397 495 473 519 9090,
493 487 556 518 quod
576 487 614 511 est
632 486 721 515 ductio,
741 486 811 516 quasi
830 492 929 510 sursum
949 485 1039 513 ductio,
1058 484 1083 508 id
1096 483 1134 508 est
1148 491 1199 508 sur-

355 539 408 556 sum
427 531 526 555 ducens.
551 530 587 554 Ex
600 529 639 553 his
659 528 739 559 patet,
754 528 817 559 quod
837 535 880 558 per
893 527 1045 558 alleyoriam
1064 526 1199 551 instruitur

354 574 423 604 fides,
443 580 486 603 per
502 572 673 603 tropologiam
686 571 852 595 informantur
864 577 960 601 mores,
979 577 1022 601 per
1042 570 1199 600 anaqoyiam

354 616 465 640 levamur
487 615 511 639 in
531 614 624 642 altum,
645 614 772 644 superiora
795 613 834 637 vel
852 612 968 637 caelestia
993 612 1198 642 contemplantes.

356 672 390 675 —
408 658 465 682 Non
484 664 568 682 omues
587 657 719 687 allegoriae
744 656 803 680 sunt
828 656 857 680 de
877 656 989 685 Christo,
1010 656 1052 680 sed
1071 655 1146 679 etiam
1169 655 1198 679 de

355 701 468 732 partibus
488 700 593 724 eiusdem
614 699 749 727 Ecclesiae,
769 699 798 723 de
814 698 966 730 gentilibus,
993 698 1105 727 Iudaeis,
1131 698 1198 728 Apo-

354 744 436 771 stolis,
456 742 616 774 Martyribus,
636 742 709 766 beata
727 742 829 773 Virgine
848 742 887 766 vel
906 741 962 765 aliis
974 740 990 765 ¹.
1009 755 1044 758 —-
1062 741 1141 769 Item,
1161 748 1199 765 ex-

354 786 443 816 positio
463 785 621 815 tropoloyi‘ca
640 784 785 815 quandoque
803 784 895 808 variari
914 783 1003 814 potest,
1018 783 1043 807 et
1055 783 1138 807 eadem
1158 791 1198 807 au-

354 828 456 853 ctoritas
475 828 625 858 tropologice
644 828 668 851 in
695 827 784 852 bonum
809 827 834 851 et
854 828 878 851 in
906 827 998 850 malum
1024 827 1134 851 converti
1160 826 1198 850 vel

354 872 454 902 exponi,
466 870 534 895 verbi
546 870 643 901 gratia:
654 870 743 895 Estote
753 869 890 901 prudentes
903 870 970 894 sicut
981 870 1109 899 serpentes
1119 868 1128 880 ²
1143 868 1197 898 etc.,

354 914 446 938 scilicet
459 913 545 938 contra
558 913 744 941 incantatorem,
756 912 779 936 id
792 912 830 937 est
842 912 981 943 diabolum,
995 919 1061 936 more
1075 912 1198 942 serpentis

354 964 437 981 aurem
457 958 526 980 terra
544 956 703 984 obstruimus
717 955 814 986 quando
827 962 872 980 uos
891 962 942 980 esse
956 956 1050 979 terram
1063 954 1199 979 considera—

355 1007 423 1029 mus3
441 1000 516 1028 item,
535 1006 619 1023 aurem
638 999 721 1023 cauda
745 998 897 1027 claudimus,
922 998 1020 1029 quando
1045 997 1132 1022 nostra
1157 1005 1199 1021 no-

354 1042 458 1067 vissima
472 1041 480 1053 ³
501 1042 646 1073 cogitantes,
660 1041 779 1066 tentatori
793 1041 889 1066 diabolo
908 1041 1055 1065 resistimus.
1075 1040 1121 1065 Sed
1142 1048 1199 1065 con-

355 1085 395 1109 tra
412 1085 605 1115 incantatorem,
626 1084 650 1108 id
669 1084 707 1108 est
720 1084 939 1115 praedicatorem,
960 1084 1057 1115 quidam
1079 1083 1124 1108 sibi
1143 1091 1198 1114 pru-

356 1128 464 1153 dentiam
483 1127 613 1152 assumunt
638 1128 663 1151 in
688 1127 793 1156 malum,
814 1128 855 1158 qui
874 1128 945 1158 quasi
965 1128 1034 1151 terra
1052 1134 1136 1151 aurem
1156 1127 1198 1152 ob—

355 1170 470 1199 struunt,
496 1170 593 1201 quando
621 1177 703 1194 amore
731 1169 884 1194 terrenorum
914 1170 1015 1194 verbum
1044 1170 1088 1194 Dei
1113 1170 1198 1194 audire

355 1213 476 1239 renuunt:
496 1213 579 1237 cauda
598 1220 655 1237 vero
675 1220 758 1237 aurem
773 1213 899 1241 claudunt,
916 1213 1026 1244 quando,
1047 1214 1071 1237 in
1091 1213 1198 1244 peccatis

355 1256 538 1287 permanentes,
560 1256 658 1280 finalem
673 1256 849 1287 poenitentiam
870 1256 915 1280 sibi
930 1256 1089 1287 promittunt.
1110 1256 1148 1281 Sic
1161 1264 1199 1281 ex-

355 1299 466 1330 ponendo
486 1299 612 1324 moraliter
640 1300 665 1324 in
692 1299 782 1324 bonum
808 1300 833 1324 et
857 1300 881 1323 in
908 1300 999 1324 malum
1028 1307 1108 1324 sermo
1136 1300 1198 1324 dila-

354 1342 432 1367 tatur.
452 1356 485 1359 —
504 1342 582 1369 Item,
602 1342 725 1374 contingit
746 1342 907 1367 diversimode
933 1343 1020 1373 exponi
1044 1343 1069 1367 in
1092 1342 1197 1372 bonum,

354 1386 382 1409 ut
400 1385 445 1410 hoc
465 1386 488 1409 in
510 1385 657 1409 auctoritate
677 1385 791 1416 Apostoli
803 1385 825 1409 ⁴:
846 1386 977 1410 Habemus
997 1385 1146 1410 tlaesaurwn
1171 1386 1199 1410 in

354 1428 422 1453 vasis
439 1428 573 1458 fictilibus.
593 1428 616 1452 id
636 1428 674 1452 est
692 1428 793 1452 amintas
812 1428 935 1458 pretiosas
948 1429 972 1452 in
987 1428 1130 1459 corporibus
1150 1428 1198 1452 fra-

354 1471 459 1502 gilibus,
480 1471 517 1495 vel
536 1471 723 1501 riminitatem,
744 1471 783 1495 vel
809 1471 963 1495 intellectum
987 1471 1150 1501 spiritualem
1172 1471 1197 1495 in

353 1513 484 1538 corticibus
503 1513 662 1537 litteralibus.

423 1556 465 1581 47.
486 1556 515 1580 In
536 1556 580 1580 hoc
599 1557 681 1580 autem
702 1557 772 1581 inodo
785 1557 907 1581 dilatandi
927 1557 999 1581 debet
1014 1564 1057 1588 per
1070 1557 1199 1588 expositio·

354 1608 407 1625 uem
429 1600 524 1631 pondus
544 1600 674 1624 verborum
695 1601 719 1624 et
737 1601 906 1625 clausularum
926 1600 1031 1629 adverti,
1046 1600 1074 1624 ut
1092 1600 1199 1625 conside-

354 1643 423 1668 retur
442 1643 554 1669 sollicite,
574 1650 650 1673 (1111110
669 1643 713 1668 1100
733 1644 757 1667 et
783 1650 831 1668 non
851 1643 927 1671 illud,
951 1650 1027 1674 quare
1046 1643 1080 1667 sic
1099 1643 1124 1667 et
1149 1650 1197 1667 11011

353 1686 426 1710 aliter
444 1686 554 1711 dicatur:
575 1686 642 1710 verbi
661 1687 758 1717 gratia,
778 1686 838 1710 dicit
856 1686 932 1710 Pater
960 1686 990 1710 ad
1010 1686 1114 1710 Filium:
1141 1686 1198 1717 Eglo

354 1729 426 1753 hodio
443 1729 521 1760 90111ιί
541 1730 562 1753 te
576 1728 593 1752 ⁶.
614 1729 678 1753 Bene
697 1730 769 1754 dicit:
790 1729 859 1760 Egyo.
879 1736 927 1753 non
948 1729 1012 1753 alius
1031 1737 1103 1760 quam
1124 1729 1199 1753 Pater

354 1771 454 1802 genuit3
474 1771 531 1795 item
552 1771 612 1795 bene
631 1771 702 1795 dicit:
721 1772 807 1802 qenai,
826 1779 874 1796 11011
895 1772 983 1800 creavi,
1002 1779 1050 1796 non
1070 1771 1122 1797 feci.
1142 1773 1200 1803 quia

355 1814 433 1838 Filius
453 1821 467 1838 a
486 1814 561 1838 Patre
580 1814 619 1838 est
637 1821 685 1838 11011
714 1814 795 1838 factus
820 1822 864 1838 1100
889 1815 999 1842 creatus,
1019 1815 1060 1838 sed
1086 1815 1199 1846 genitus3

354 1857 412 1882 item
432 1857 491 1881 bene
511 1857 582 1881 dicit:
604 1856 684 1887 hodie,
705 1865 753 1882 non
772 1857 833 1885 heri,
848 1864 895 1881 11011
915 1864 981 1886 cras,
1002 1864 1050 1882 non
1070 1858 1096 1882 in
1115 1858 1200 1887 nocte,

356 1900 397 1925 sed
419 1900 443 1924 in
463 1900 564 1925 aeterna
583 1900 705 1929 claritate,
725 1901 782 1931 quia
802 1900 867 1931 apud
887 1900 965 1924 Deum
984 1908 1033 1925 non
1058 1902 1095 1925 est
1114 1901 1201 1925 imma-

356 1943 418 1967 tatio
437 1950 482 1967 nec
502 1943 685 1967 vicissitudinis
704 1943 863 1967 obumbratio
878 1942 903 1969 ⁰:
922 1943 981 1967 item
1000 1943 1060 1967 bene
1078 1943 1149 1967 dicit:
1171 1944 1200 1974 te,

355 1993 403 2010 non
423 1986 474 2015 tua,
496 1987 516 2010 te
536 1986 599 2010 enim
618 1987 692 2017 genui
711 1986 882 2015 aeternaliter,
909 1986 950 2010 sed
976 1987 1021 2010 tua
1043 1986 1088 2010 feci
1111 1986 1202 2017 tempo-

356 2029 450 2053 taliter.

425 2071 467 2096 48.
487 2072 565 2100 Item,
587 2072 607 2096 si
620 2072 756 2096 auctoritas
769 2071 844 2096 habet
861 2072 972 2096 diversas
985 2072 1124 2101 clausulas,
1138 2072 1202 2096 clau-

356 2114 423 2138 sulae
442 2114 499 2138 illae
519 2114 690 2145 ponderandae
710 2115 769 2139 sunt
788 2115 813 2138 et
832 2114 905 2139 alicui
932 2121 1033 2139 numero
1059 2114 1152 2139 famoso
1177 2115 1201 2139 in

355 2156 479 2187 theologia
498 2157 633 2181 conandum
653 2157 691 2181 est
704 2164 832 2181 numerum
847 2158 946 2181 illarum
966 2157 1133 2182 clausularum
1147 2157 1202 2182 ada-

356 2200 435 2230 ptare.
454 2200 535 2224 Multa
554 2201 618 2224 enim
644 2200 793 2224 conveniunt
811 2201 835 2224 in
856 2200 980 2231 theologia
1008 2200 1141 2224 secundum
1160 2208 1202 2225 nu-

356 2250 449 2267 merum
470 2243 614 2273 binariam,
634 2244 749 2274 quoniam
777 2243 869 2268 caritas
897 2244 996 2274 gemina
1017 2245 1068 2273 est,
1095 2244 1141 2268 duo
1167 2244 1203 2268 te-

357 2285 488 2314 stamenta,
509 2285 572 2310 duae
586 2285 680 2314 stellae,
700 2286 747 2310 <luo
766 2285 796 2310 ad
817 2286 923 2310 salutem
944 2286 1090 2314 necessaria,
1110 2286 1204 2310 scilicet

356 2328 416 2352 fides
436 2328 460 2352 et
479 2336 561 2359 opera.
581 2329 699 2353 Similiter
718 2329 798 2353 multa
816 2329 968 2353 conveniunt
987 2329 1012 2353 in
1032 2329 1155 2360 theologia
1169 2336 1203 2353 se-

355 2371 461 2395 cundum
482 2372 638 2401 ternarium,
658 2372 687 2395 ut
705 2372 756 2395 tres
776 2372 835 2396 sunt
849 2372 956 2396 virtutes
974 2372 1132 2403 theologicae,
1153 2372 1204 2397 tres

356 2414 452 2443 status,
472 2414 524 2439 tres
544 2415 640 2439 ordines
659 2414 776 2444 fidelium,
797 2415 848 2439 tres
869 2415 953 2445 partes
976 2415 1153 2446 poenitentiae,
1179 2415 1204 2440 et

357 2458 390 2481 sic
403 2457 431 2481 de
451 2458 514 2486 aliis,
534 2458 597 2481 sicut
618 2457 687 2488 patet
706 2458 773 2482 alibi.
788 2472 821 2474 —
840 2458 897 2482 Fiat
916 2458 992 2489 igitur
1011 2458 1139 2489 adaptatio
1158 2458 1203 2483 hoc

357 2500 439 2524 modo:
460 2500 629 2530 Iniquitatem
648 2500 705 2524 odio
725 2501 804 2525 habui
823 2502 846 2524 et
865 2501 1028 2525 abominatas
1040 2509 1105 2532 sawt,
1126 2501 1204 2532 Zeyem

358 2544 441 2567 autem
454 2544 524 2567 taam
543 2542 649 2567 11110117.
663 2544 731 2567 Istae
745 2544 796 2568 tres
814 2544 940 2568 clausulae
953 2544 1104 2575 respondent
1123 2544 1204 2569 tribus

236 664 306 687 Regula
320 664 336 682 1.

238 792 308 815 Regula
318 791 336 809 P..

223 1347 336 1366 Notandum.

235 1608 305 1631 Regula
320 1607 335 1625 1.

236 2117 307 2140 Regula
320 2118 337 2135 Ξ.

224 2504 338 2528 Exemplum.

1072 150 1131 178 ARS
1152 148 1383 177 CONClONANDl.

1257 227 1372 257 operibus
1391 226 1568 257 poenitentiae:
1593 227 1685 257 prima,
1711 228 1876 258 contrit50m·;
1898 228 2016 258 secunda,
2041 235 2100 254 con-

1256 268 1362 298 sessioni
1369 289 1375 300 ,
1395 269 1510 300 quoniam
1529 269 1693 294 abominabile
1712 270 1830 301 provocat
1848 270 1879 295 ad
1899 271 2033 301 vomitum
2053 271 2100 296 ter-

1257 312 1305 341 tia,
1325 312 1480 337 voluntariae
1493 312 1682 342 satisfactioni;
1695 313 1759 338 unde
1772 313 1832 338 bene
1845 313 1917 338 dicit:
1937 313 2015 339 dilexi
2022 333 2029 346 ,
2043 315 2100 346 quia

1258 354 1296 379 lex
1314 354 1404 379 dicitur
1423 362 1438 378 a
1456 354 1570 385 ligando,
1590 355 1654 379 unde
1673 355 1752 386 patet,
1775 355 1839 386 quod
1864 355 1924 380 bene
1949 356 2038 381 dicitur
2063 357 2101 381 in-

1255 397 1322 421 victa
1341 396 1502 427 satisfactioe
1525 397 1598 427 item,
1619 398 1699 428 prima
1723 398 1836 422 clausula
1855 398 1964 429 pertinet
1986 399 2017 423 ad
2040 399 2100 424 inci-

1251 440 1366 470 pientes:
1386 440 1506 469 secunda,
1532 440 1563 464 ad
1586 440 1763 471 proficientes;
1791 440 1880 471 tertia,
1907 441 1938 466 ad
1958 441 2100 473 perfectos;

1256 481 1421 513 perfectorum
1440 483 1505 506 enim
1524 482 1563 507 est
1581 482 1687 514 gaudere
1707 484 1732 507 in
1745 483 1920 514 tribulatione;
1940 484 2054 509 similiter
2072 484 2100 510 de

1255 525 1312 549 aliis
1331 525 1450 549 clausulis
1468 525 1613 549 innumeris.

1325 567 1368 591 49.
1383 568 1443 592 Cum
1457 567 1568 592 diversae
1581 568 1707 592 clausulae
1720 568 1787 598 sunt,
1801 568 1927 594 multoties
1940 569 1979 593 est
1991 569 2101 595 facienda

1256 611 1294 634 vis
1312 611 1336 634 in
1356 610 1537 640 ordinatione;
1559 610 1628 635 verbi
1645 611 1742 642 gratia:
1766 610 1853 642 Coepit
1874 612 1947 637 Iesus
1971 610 2054 642 facere
2078 614 2101 637 ot

1256 654 1344 678 dooere
1358 652 1375 677 ⁸.
1395 653 1479 678 Primo
1499 653 1600 684 ponitur
1612 652 1695 683 facere
1711 654 1736 678 et
1758 654 1918 686 subiungitur
1931 655 2025 686 dooere,
2045 662 2101 686 quo-

1256 696 1321 720 niam
1342 697 1411 726 prius
1430 696 1538 727 exigitur
1557 696 1621 721 bona
1639 696 1692 721 vita
1711 704 1785 728 quam
1803 697 1916 722 doctrina
1933 698 1959 722 in
1979 698 2101 729 praedica-

1256 738 1330 763 tione.
1349 753 1384 756 -—
1402 738 1531 763 Sciendum
1551 740 1642 769 tamen,
1659 739 1723 770 quod
1742 747 1797 764 cum
1810 740 1938 765 multoties
1954 741 2101 766 conveniens

1257 782 1290 806 sit
1308 782 1384 806 verba
1403 782 1547 812 ponderare,
1567 783 1694 807 multoties
1713 783 1796 808 tamen
1825 784 1876 808 sine
1902 784 2008 815 pondere
2033 792 2102 816 opor-

1256 825 1293 849 tet
1313 825 1429 853 transire,
1449 825 1487 849 vel
1507 825 1615 856 tropum,
1635 826 1674 850 vel
1693 826 1799 857 aliquem
1819 826 1894 851 alium
1920 827 2023 852 modum·
2042 828 2102 852 assi-

1255 874 1333 898 gnare
1355 867 1478 898 loquendi,
1505 868 1541 892 ita
1564 868 1628 899 quod
1651 875 1699 892 non
1725 868 1824 899 oportet
1850 868 1932 893 verbis
1960 869 2101 894 adhaerere.

1255 910 1331 935 Verbi
1343 910 1434 941 gratia,
1449 910 1505 935 dum
1520 911 1579 935 dicit
1592 911 1667 935 Pater
1680 911 1712 935 ad
1725 911 1829 936 Filium:
1847 912 1891 936 Ea:
1903 913 1975 936 utero
1994 913 2052 937 ante
2066 912 2102 937 Za-

1255 952 1362 982 cifcrum
1373 954 1450 984 qenai
1470 954 1492 977 te
1502 952 1526 983 ⁰;
1546 961 1594 979 non
1609 954 1714 978 multum
1729 954 1915 985 ponderandum
1928 954 1967 979 est
1978 961 2008 979 ex
2021 955 2101 986 utero,

1255 1004 1309 1021 cum
1321 996 1397 1021 Pater
1410 1004 1458 1021 non
1471 997 1563 1021 habeat
1576 997 1686 1027 uterum3
1701 997 1823 1027 similiter,
1834 997 1891 1022 dum
1903 996 2033 1022 dicitur¹⁰:
2047 998 2102 1023 Hu-

1255 1039 1395 1064 milianum·
1413 1040 1459 1064 sub
1476 1041 1574 1071 potenti
1592 1047 1672 1064 mana
1691 1040 1749 1071 Dei,
1768 1047 1817 1065 non
1837 1040 1942 1065 multum
1957 1041 2008 1065 voci
2020 1048 2103 1065 mana

1255 1083 1293 1107 est
1311 1083 1502 1113 adhaerendum,
1522 1091 1576 1108 cum
1596 1083 1672 1108 Pater
1691 1091 1779 1108 manus
1797 1091 1845 1109 non
1865 1084 1968 1113 habeat;
1989 1084 2103 1109 similiter

1255 1133 1310 1150 011111
1330 1126 1432 1150 dicitur:
1453 1126 1573 1158 Domine,
1592 1133 1624 1151 we
1643 1127 1670 1150 in
1688 1126 1778 1156 farore
1797 1128 1840 1151 tao
1866 1134 1964 1158 arquas
1984 1134 2023 1151 me
2041 1127 2101 1157 etc.;

1255 1168 1321 1193 dicta
1339 1169 1402 1193 enim
1424 1169 1483 1193 sunt
1502 1169 1563 1193 talia
1582 1169 1725 1200 improprie.

1326 1212 1367 1236 50.
1387 1212 1496 1237 Octavus
1509 1212 1595 1237 modus
1608 1212 1729 1236 dilatandi
1743 1212 1788 1241 est,
1802 1211 1843 1243 qui
1858 1212 1888 1237 fit
1907 1219 1950 1243 per
1969 1219 2061 1238 causas
2080 1214 2103 1238 et

1255 1254 1371 1285 effectas,
1390 1254 1541 1285 assiguando
1560 1262 1648 1279 causas
1667 1255 1827 1284 necessarias,
1847 1255 1887 1280 vel
1905 1255 2070 1280 occasionales
2082 1254 2100 1267 ¹¹
2119 1262 2131 1280 d

1255 1299 1306 1323 sive
1325 1297 1475 1329 frequentes.
1492 1297 1606 1329 Loquens
1628 1298 1692 1322 enim
1711 1298 1740 1322 de
1758 1305 1833 1322 causa
1851 1298 2103 1329 irreprehensibiliter

1256 1341 1339 1372 potest
1353 1348 1378 1365 30
1393 1340 1530 1365 transferre
1544 1341 1574 1365 ad
1588 1341 1700 1365 effectum
1714 1341 1739 1365 et
1752 1348 1764 1365 e
1777 1341 1915 1371 contrario3
1929 1341 1998 1366 verbi
2011 1341 2102 1373 gratia,

1255 1384 1275 1408 si
1298 1384 1374 1408 fuerit
1392 1383 1488 1408 thema:
1510 1384 1698 1408 Hamiliccmiai
1724 1384 1771 1408 sab
1791 1384 1891 1414 potenti·
1909 1392 1990 1409 manu
2009 1385 2059 1409 Dei
2073 1383 2102 1416 ¹²,

1255 1426 1391 1451 transferre
1412 1434 1437 1451 se
1457 1426 1540 1457 potest
1552 1426 1583 1450 ad
1601 1433 1694 1451 causas
1707 1434 1732 1451 se
1745 1426 1899 1456 humiliandi,
1914 1434 1975 1458 quae
1989 1428 2048 1452 sunt
2061 1428 2103 1452 im-

1254 1469 1416 1501 perfectiones
1428 1470 1538 1500 corporis
1548 1469 1573 1494 et
1586 1469 1783 1500 imperfectiones
1795 1470 1891 1494 animae
1904 1470 1929 1494 et
1942 1470 2103 1501 perfectiones

1254 1512 1357 1539 alienae,
1371 1513 1422 1537 sive
1441 1512 1605 1537 consideratio
1621 1512 1725 1537 aliorum
1740 1512 1876 1537 meliorum.
1889 1512 1980 1538 Postea
1993 1514 2103 1545 assigna-

1255 1556 1297 1580 tur
1316 1556 1418 1585 effectas
1437 1555 1597 1585 humilitatis,
1616 1556 1736 1586 quomodo
1755 1556 1849 1580 scilicet
1866 1556 1990 1581 hominem
2008 1557 2034 1581 in
2059 1563 2103 1582 suo

1254 1600 1306 1624 loco
1327 1599 1419 1628 teneat,
1439 1599 1558 1630 quomodo
1577 1599 1674 1623 facilem
1694 1599 1834 1630 ingressum
1847 1599 1872 1623 in
1886 1606 1982 1624 sacram
1995 1599 2103 1630 Scriptu-

1256 1649 1308 1666 ram
1322 1642 1425 1670 tribuat,
1440 1642 1559 1673 quomodo
1580 1642 1689 1666 rationes
1708 1641 1829 1672 expediat,
1843 1642 1962 1673 quomodo
1976 1642 2104 1667 exaltatio-

1256 1692 1299 1709 nes
1318 1692 1366 1709 non
1381 1684 1550 1716 0101111111.-
1565 1685 1682 1709 Similiter
1703 1685 1727 1708 in
1748 1685 1929 1715 praedicatione
1949 1685 1977 1709 de
1998 1685 2104 1710 luoeuria

1256 1728 1392 1752 transferre
1413 1736 1438 1752 se
1458 1728 1541 1758 potest
1559 1728 1590 1752 ad
1609 1735 1700 1752 causas
1724 1728 1845 1758 loquendo
1873 1728 1902 1752 de
1926 1728 1994 1759 gula,
2013 1728 2042 1753 de
2067 1735 2103 1753 co-

1255 1771 1409 1795 habitatione
1422 1778 1475 1795 cum
1497 1771 1649 1799 mulieribus,
1668 1771 1697 1795 de
1716 1770 1794 1795 fatuis
1812 1771 1954 1802 aspectibus
1973 1771 1998 1795 et
2016 1771 2104 1796 ceteris

1256 1814 1379 1838 luxuriam
1399 1814 1582 1843 nutrientibus,
1603 1814 1717 1838 similiter
1736 1814 1803 1844 loqui
1823 1813 1915 1844 poterit
1933 1813 1961 1838 de
1981 1814 2034 1838 eius
2046 1813 2104 1844 effe-

1257 1856 1346 1887 ctibus,
1361 1856 1454 1881 scilicet
1467 1857 1586 1887 quomodo
1606 1856 1694 1887 perdat
1706 1856 1806 1886 famam,
1820 1856 1964 1888 corrumpat
1976 1864 2066 1888 corpus
2079 1857 2105 1882 et

1258 1900 1375 1924 animam.

1329 1943 1370 1967 51.
1391 1943 1422 1967 In
1442 1943 1511 1968 inodo
1530 1943 1612 1967 autem
1633 1943 1681 1968 isto
1701 1943 1822 1967 dilatandi
1842 1951 1889 1968 11011
1909 1944 1948 1968 est
1966 1944 2104 1969 conandum

1258 1985 1427 2010 indifferenter
1447 1993 1535 2010 causas
1563 1993 1645 2009 rerum
1675 1986 1782 2010 omnium
1803 1986 1828 2010 et
1846 1985 1947 2010 effectus
1967 1986 2103 2016 sustinere,

1259 2028 1301 2053 sed
1321 2029 1425 2053 maxime
1445 2036 1527 2053 rerum
1548 2029 1693 2057 moralium,
1708 2036 1770 2059 quas
1788 2029 1904 2053 volumus
1922 2029 2104 2059 commendare,

1258 2071 1297 2096 vel
1317 2071 1458 2102 reprobare,
1478 2072 1571 2096 scilicet
1590 2071 1727 2100 virtutum,
1747 2072 1787 2096 vel
1811 2072 1942 2101 vitiorum,
1963 2072 2002 2097 vel
2021 2079 2104 2097 eorum

1259 2122 1321 2145 quae
1339 2114 1434 2139 faciunt
1453 2114 1483 2139 ad
1504 2115 1627 2143 meritum,
1646 2115 1675 2139 ut
1693 2115 1811 2139 ieiunium
1831 2115 1856 2139 et
1875 2115 2037 2146 eleemosyna.
2056 2115 2105 2140 Ra-

1258 2157 1293 2182 tio
1312 2157 1386 2181 huius
1405 2157 1457 2186 est,
1478 2158 1593 2188 quoniam
1612 2164 1774 2188 unaquaeque
1793 2158 1897 2182 scientia
1915 2157 1991 2182 habet
2018 2165 2105 2189 cogno-

1259 2208 1325 2225 scere
1345 2208 1403 2224 suas
1421 2208 1460 2224 res
1480 2200 1612 2225 secundum
1632 2200 1763 2225 veritatem
1783 2208 1861 2232 usque
1881 2201 1912 2225 ad
1931 2201 2037 2232 primam
2060 2201 2105 2226 ori-

1258 2244 1350 2274 ginem.
1369 2243 1450 2271 Nam,
1469 2245 1498 2268 ut
1517 2244 1576 2268 dicit
1594 2243 1762 2274 Philosophus
1775 2243 1803 2273 ¹³,
1827 2254 1839 2266 «
1852 2244 1912 2269 tunc
1931 2245 2029 2274 scimus,
2049 2252 2104 2269 cum

1259 2294 1347 2311 causas
1367 2286 1391 2310 et
1411 2287 1533 2317 principia
1553 2287 1747 2317 cognovimus»,
1767 2287 1889 2318 principia
1908 2294 1986 2318 usque
2008 2287 2040 2312 ad
2059 2288 2104 2312 ele-

1260 2330 1352 2353 menta.
1372 2329 1478 2360 Propter
1497 2329 1555 2358 hoc,
1576 2336 1629 2353 cun]
1650 2330 1723 2360 lapis,
1749 2331 1793 2354 aut
1817 2330 1928 2361 lignum,
1947 2330 1992 2355 aut
2010 2330 2105 2362 aliquid

1259 2372 1309 2396 tale
1329 2379 1377 2396 non
1397 2380 1436 2396 res
1455 2372 1607 2403 theologica.
1628 2372 1669 2396 sed
1694 2373 1819 2397 naturalis
1838 2373 1885 2403 sit,
1913 2373 1976 2397 nihil
1995 2373 2105 2404 pertinet

1259 2415 1290 2440 ad
1309 2415 1451 2446 theologum
1472 2415 1626 2439 considerare
1645 2423 1733 2440 causas
1752 2416 1813 2447 ligni
1833 2416 1872 2440 vel
1894 2415 2048 2446 huiusmodi3
2062 2416 2105 2441 sed

1259 2466 1313 2482 cum
1334 2459 1395 2482 vitia
1414 2459 1438 2482 et
1463 2458 1570 2482 virtutes
1600 2459 1725 2483 meritoria
1753 2459 1778 2483 et
1806 2459 1963 2484 demeritoria
1982 2459 2034 2484 sint
2055 2467 2104 2484 non

1259 2508 1298 2525 res
1317 2501 1460 2529 naturales,
1480 2501 1567 2525 talium
1588 2508 1683 2530 causas,
1705 2502 1872 2532 proprietates
1891 2502 1916 2526 et
1931 2501 2033 2527 effectus
2051 2509 2105 2527 con-

1260 2544 1353 2569 siderat
1374 2544 1474 2569 moralis
1495 2544 1652 2575 philosophia
1671 2545 1710 2569 vel
1736 2545 1869 2576 theologia.
1889 2545 1959 2570 Unde
1976 2545 2104 2570 verissime

420 2718 427 2731 ¹
446 2721 505 2741 Haec
524 2720 651 2747 propositio
669 2720 766 2742 hahetur
783 2721 804 2742 in
822 2721 871 2742 BF.

421 2750 429 2763 ²
448 2752 521 2773 Manli.
542 2752 578 2778 ¹10,
601 2752 634 2773 1⁴3.
651 2755 673 2773 et
690 2752 810 2779 respicitur
827 2752 894 2774 Eccli.
918 2753 950 2779 12,
973 2752 1004 2774 13.

419 2781 428 2794 ³
446 2782 488 2804 Cir.
509 2783 573 2804 Eccli.
592 2783 613 2810 7,
633 2782 669 2804 40.
839 2782 848 2794 ⁴²
866 2783 935 2811 Epist.
953 2784 977 2805 ll.
994 2783 1046 2806 Cor.
1065 2783 1091 2810 4,
1108 2784 1129 2805 7.

419 2813 428 2825 ⁵
447 2814 527 2835 l'salui.
546 2815 567 2840 2,
585 2814 606 2835 7.
619 2826 649 2830 —
661 2814 716 2836 Cod.
730 2815 746 2836 G
761 2818 811 2842 post
823 2816 883 2836 hunc
896 2815 971 2836 locum
985 2815 1054 2837 verba
1068 2816 1116 2837 sine
1133 2821 1200 2837 sensu

358 2844 437 2866 habel:
459 2854 468 2864 a
478 2845 542 2867 Unde
554 2845 608 2867 (licit
620 2845 744 2873 Gregorius
757 2846 816 2874 (Eoo
824 2847 843 2874 ?)
857 2846 1029 2874 discretionem,
1042 2847 1095 2875 quia
1108 2852 1153 2868 nou
1169 2849 1202 2868 031

358 2876 415 2898 alius
432 2883 500 2904 quani
521 2877 591 2904 Pater,
611 2877 673 2898 Pater
691 2877 777 2904 genuit,
795 2877 886 2904 ponitur
905 2881 981 2899 lamen
996 2878 1068 2904 Pater,
1080 2878 1105 2899 sit
1117 2884 1201 2900 nomen

358 2913 481 2935 personae,
498 2907 557 2930 bene
574 2908 681 2930 convenit
698 2914 810 2935 personae
828 2909 849 2930 in
868 2909 978 2931 Trinitate
989 2918 1010 2930 ».

416 2938 425 2950 ⁶
443 2940 485 2961 lac.
507 2940 524 2965 1,
544 2939 579 2961 17,

1322 2721 1329 2733 ⁷
1348 2722 1428 2743 Psalm.
1452 2722 1506 2748 llS,
1530 2722 1578 2743 163.

1321 2751 1330 2764 ⁹
1349 2753 1429 2774 Dsalm.
1452 2753 1501 2779 109,
1518 2753 1539 2775 3.

1321 2783 1341 2795 ¹⁰
1359 2784 1429 2811 Epist.
1447 2785 1461 2806 l.
1480 2784 1537 2806 petr.
1556 2785 1581 2810 5,
1600 2785 1626 2811 ὃς
1644 2784 1748 2812 sequitur
1765 2785 1799 2807 Ps.
1818 2785 1842 2813 6,
1861 2785 1881 2806 2.

1322 2814 1339 2827 ¹¹
1358 2815 1413 2837 Cod.
1433 2816 1448 2836 B
1466 2815 1626 2838 rationabiles.
1644 2815 1699 2838 Cod.
1714 2817 1730 2839 Α
1743 2816 1772 2838 de
1787 2817 1829 2838 1100
1842 2816 1912 2838 modo
1925 2816 1978 2838 nihil
1992 2815 2072 2843 haben
2085 2816 2102 2838 B

1260 2852 1314 2868 vero
1335 2849 1421 2868 tautum
1441 2853 1525 2874 paucas
1543 2847 1619 2869 lineas.

1322 2876 1340 2889 ¹2
1358 2878 1427 2905 Epist.
1448 2878 1462 2900 i.
1481 2876 1537 2900 Deir.
1556 2878 1576 2905 5,
1595 2879 1614 2900 6.

1323 2907 1340 2920 ¹³
1358 2909 1457 2936 Arisloi7
1476 2910 1488 2931 Ι.
1507 2910 1591 2931 Foster.
1611 2916 1631 2932 c.
1650 2911 1675 2936 23

1260 2942 1312 2962 text.
1331 2940 1367 2962 13.
1385 2940 1409 2968 (Ι.
1428 2940 1521 2962 brevior
1538 2947 1558 2963 c.
1576 2941 1616 2965 2.),

1744 2721 1753 2734 ⁸
1770 2722 1818 2744 Act.
1841 2723 1857 2749 l,
1881 2723 1898 2743 1.

1693 2911 1706 2931 1.
1725 2910 1823 2937 1110101111,
1842 2916 1861 2931 c.
1880 2910 1900 2932 4.
1920 2910 1984 2938 (alias
2002 2910 2032 2939 3.)
2045 2912 2067 2932 et
2080 2910 2104 2932 ΙΙ.

2117 569 2186 594 Regula
2201 583 2203 593 ,

2117 740 2186 765 Regula
2199 742 2205 758 1

2211 1126 2212 1135 ,

2119 1213 2224 1264 seruii-

2133 1268 2146 1281 1.

2119 1378 2217 1408 Exempla?

2121 1945 2198 1969 Regula.

2121 2116 2183 2136 Ratio.
