2243 3348
18 745 21 761 ς
60 738 86 757 De
99 739 162 758 tertio.

17 767 19 776 ι

57 925 109 947 item,
122 925 146 943 ad

17 971 19 977 ,
46 953 160 972 consequen·

17 989 19 1016 1
40 971 165 1022 dissita?

15 1025 17 1043 j
51 1018 154 1045 dispositis.

16 1048 17 1055 ¹
43 1041 72 1061 De
85 1047 157 1065 primis.

12 1386 13 1397 ¹
31 1392 58 1411 De
67 1393 162 1412 secundis.

48 1721 74 1740 De
88 1721 156 1740 tertiis.

55 1956 141 1976 Praemia

51 1979 142 2004 Virginis.

645 189 688 217 DE
710 190 905 218 NATIVITATE
928 190 954 218 B.
977 190 1119 220 VIRGINlS
1138 191 1266 220 MARIAE.
1289 192 1398 221 SERMO
1419 193 1471 221 Vll.

182 265 282 294 Christi
298 265 331 294 de
346 266 457 303 Virgine
473 269 561 303 potest
576 267 677 304 exponi
698 267 731 296 de
749 268 885 304 spirituali
901 268 960 297 eius
982 276 1028 296 na-

182 312 287 340 tivitate
308 312 334 340 in
358 312 479 341 fidelium
511 316 609 341 mente.
632 313 697 341 Nam
727 321 776 350 per
804 314 1026 342 intercessionem

181 367 312 393 aurorae,
334 359 359 387 id
382 363 423 388 est
444 359 553 393 Mariae,
572 360 617 388 Sol
639 360 758 388 iustitiae
772 361 863 389 oritur
884 360 910 388 in
933 368 1027 397 pecca-

181 406 249 434 toris
270 406 361 440 corde,
382 406 455 443 quod
472 406 573 443 pluviis
593 407 698 443 gratiae
718 406 895 435 fecundatum
915 411 1028 444 generat

181 452 295 481 herbam
329 452 465 481 bonorum
498 460 622 489 operum.
645 470 684 473 —
709 453 747 481 De
775 453 910 487 secundo,
940 453 1026 482 Iob¹:

182 498 316 536 Perfodz't
336 500 366 527 in
392 499 515 528 tenebris
536 500 635 528 domos
642 510 653 533 ;
680 500 708 528 si
727 500 823 528 subito
851 500 1027 537 apparuerit

180 554 307 579 aurora,
329 545 520 574 arbitrantur
547 546 684 574 umbram
716 547 828 575 mortis.
861 547 931 575 Dum
953 547 1025 575 enim

180 591 278 620 diaboli
303 600 351 628 per
372 592 548 620 tentationem
564 592 591 620 in
613 591 724 620 domum
748 592 835 621 fidelis
849 593 948 621 mentis
969 600 1026 621 ma-

180 638 339 672 chinantur,
362 646 427 666 mox
448 638 481 666 ad
502 639 702 675 apparitionem
718 646 851 672 aurorae,
874 639 900 667 id
922 642 962 667 est
976 647 1026 667 au-

181 684 240 712 xilii
256 684 389 721 Virginis,
404 685 576 722 effugantnr;
601 685 672 713 unde
694 685 720 713 in
742 685 874 713 Canticis:
903 685 1026 713 Terribi-

182 730 217 759 lis
238 735 271 759 ut
291 735 459 759 castrorum
481 732 558 760 acies
574 732 721 760 ordinata.
744 748 782 752 -—
804 731 843 759 De
864 731 954 765 tertio,
975 731 1025 759 Ge-

180 778 253 806 nesis
268 778 294 805 2:
320 778 434 806 Dimitte
455 787 508 812 nie,
541 779 601 806 iam
629 779 704 807 enim
734 778 863 806 ascendit
891 786 1025 811 aurora,-

179 827 206 852 et
227 825 369 861 sequitur:
393 825 425 853 Si
445 829 548 853 contra
564 826 653 853 Deum
673 824 761 862 fortis
781 824 885 861 fuist&
900 824 935 852 ibi
951 825 1024 853 enim

180 871 271 905 Iacob,
294 871 393 900 timens
414 872 619 901 tribulationem
642 872 701 900 fieri
718 880 732 900 a
747 872 846 905 fratre,
868 871 1025 899 consolatus

179 920 228 946 est.
251 934 288 938 —
316 918 367 946 Dat
388 918 469 946 etiam
492 919 571 946 beata
592 918 675 955 Virgo
703 918 835 947 beneficia
864 918 896 946 ad
928 926 1023 945 conse-

178 965 324 1002 quendum
347 965 470 998 bonum,
492 965 557 1002 quia
584 968 625 993 est
647 965 768 993 lucerna
790 965 856 993 bene
877 964 1024 1001 operanti-

179 1010 241 1044 bus,
266 1023 279 1036 «
294 1012 373 1040 cuins
396 1012 450 1039 vita
465 1011 566 1048 inclyta
587 1015 700 1040 cunctas
716 1011 835 1040 illustrat
856 1011 1022 1039 ecclesias».

177 1058 322 1087 Neliemias
346 1058 417 1086 dixit
432 1059 451 1092 ³,
473 1059 546 1095 quod
575 1059 664 1087 media
689 1066 753 1095 pars
780 1058 955 1095 operantium
976 1056 1023 1094 fa-

178 1108 252 1133 ceret
262 1113 351 1141 opus,
363 1108 388 1133 et
403 1105 499 1133 media
511 1113 586 1142 pars
598 1109 702 1133 teneret
716 1105 833 1133 tanceas
848 1104 884 1133 ab
900 1113 1023 1133 ascensu

177 1159 318 1185 aurorae,
340 1152 428 1180 donec
448 1152 638 1189 egrediantur
660 1155 753 1180 astra.
777 1152 872 1180 Media
889 1160 979 1188 pars,
995 1151 1021 1180 id

177 1201 226 1232 est,
249 1198 275 1226 hi
299 1199 345 1235 qui
368 1202 432 1227 sunt
452 1199 477 1227 in
502 1199 619 1227 Ecclesia
638 1199 779 1233 militante,
794 1199 895 1227 debent
913 1198 1022 1235 operari

176 1248 204 1273 et
224 1253 309 1282 opera
330 1253 380 1274 sua
401 1254 416 1273 a
447 1246 627 1274 daemonibus
657 1246 803 1275 defendere
831 1246 868 1274 ab
899 1254 1022 1274 ascensu

176 1300 320 1326 aurorae,
342 1300 358 1320 a
380 1293 484 1321 lumine
506 1293 625 1329 Virginis
646 1293 780 1330 gloriosae
802 1293 957 1327 illuminati,
972 1293 1021 1321 do-

175 1347 226 1368 nec
247 1343 342 1374 astra,
366 1339 390 1368 id
406 1343 447 1368 est
461 1340 576 1373 animae,
591 1340 624 1368 de
639 1348 755 1376 corpore
770 1340 968 1377 eyreaicmztar.
985 1356 1021 1359 ——

175 1386 291 1420 Iterum,
313 1387 379 1424 quia
400 1391 441 1416 est
452 1387 654 1424 patrocinium
676 1387 848 1420 orantibus,·
868 1387 979 1415 Genesis
994 1388 1020 1414 ¹²:

178 1433 293 1461 Dimitte
314 1442 367 1466 me,
390 1434 452 1462 iam
483 1434 559 1462 enim
581 1434 711 1462 ascendit
740 1443 864 1462 aurora.
887 1434 965 1462 Iacob
994 1434 1020 1462 in

174 1488 277 1508 aurora
297 1481 448 1509 exauditur
462 1484 489 1509 et
509 1481 690 1514 benedicitur,
706 1481 771 1517 quia
786 1481 832 1517 qui
848 1481 945 1510 devote
961 1480 1021 1509 Vir-

174 1527 264 1564 ginem
298 1528 405 1556 invocat
426 1528 496 1556 votis
525 1528 582 1556 suis
610 1536 663 1556 non
686 1528 854 1561 frustratur;
877 1528 924 1556 sed
952 1536 1021 1564 quo-

175 1574 255 1603 modo
270 1575 314 1603 ille
329 1575 459 1609 oraverit,
475 1574 558 1604 Oseas
572 1575 652 1603 dicit:
666 1575 756 1603 Flevit
770 1578 795 1603 et
806 1575 921 1612 royavit
935 1584 1020 1608 eum,-

173 1620 257 1658 J‘letus
271 1622 343 1650 enim
358 1622 517 1650 devotionis
532 1625 558 1650 et
574 1622 692 1650 intentio
713 1622 857 1650 orationis
878 1625 943 1650 sunt
957 1622 1020 1650 bra-

174 1668 244 1702 chia,
266 1669 368 1705 quibus
390 1669 541 1705 spiritualis
563 1669 640 1697 iacob
662 1676 724 1697 cum
748 1668 863 1697 Domino
889 1669 1018 1697 luctatur.

173 1732 212 1736 —
227 1716 342 1749 lterum,
358 1716 423 1753 quia
438 1719 479 1744 est
492 1715 640 1752 speculum
660 1715 937 1752 contemplantibus;
952 1715 1020 1744 Can-

173 1763 241 1792 tica:
263 1763 343 1799 Quae
363 1766 404 1791 est
425 1763 481 1791 ista
496 1771 570 1800 quae
588 1763 780 1799 procreatum
795 1762 883 1800 quasi
903 1770 1020 1790 aurora

173 1818 361 1847 consuryens,
376 1809 483 1846 pulcra
503 1813 535 1837 ut
557 1809 629 1837 tuna
650 1812 700 1838 etc.
724 1809 766 1837 Sic
781 1817 847 1846 ergo
862 1812 903 1837 est
917 1817 1020 1837 aurora

172 1857 279 1885 ratione
299 1856 507 1894 privilegiorum
530 1860 557 1885 et
578 1856 683 1885 ratione
706 1856 912 1885 beneficiorum.

252 1904 296 1932 Est
307 1904 388 1932 etiam
400 1911 503 1932 aurora
515 1903 620 1931 ratione
631 1903 789 1932 caelestium
799 1903 1002 1940 praemiorum
1009 1914 1019 1937 ;

173 1951 257 1979 lob⁵z
282 1950 422 1988 Nunquid
440 1954 505 1987 post
525 1953 622 1978 ortum
645 1954 729 1978 tuum
747 1950 923 1987 praecepisti
943 1950 1019 1978 dilu-

173 1997 258 2026 culo?
273 1997 400 2026 Christus
420 2000 483 2034 post
501 2000 598 2025 ortum
616 2005 704 2025 suurn
715 1997 866 2034 praecepit
879 1997 1018 2031 diluculo,

171 2044 198 2073 id
225 2047 266 2073 est
293 2044 413 2081 gratiae;
435 2047 461 2072 et
489 2043 631 2080 sequitur:
660 2047 684 2072 et
713 2043 861 2072 ostendisti
887 2052 1019 2072 aurorae

171 2091 265 2120 locum
285 2099 384 2125 suuni,
407 2091 432 2119 id
454 2094 495 2120 est
510 2091 613 2128 Virgini
636 2091 730 2119 beatae
753 2091 883 2119 thronum
905 2091 1016 2127 gloriae.

503 2186 593 2213 Sannio
616 2185 658 2213 Vll
670 2185 690 2213 ⁶³.

249 2280 327 2307 Fons
348 2279 519 2308 ascendebat
539 2288 553 2307 e
574 2283 665 2313 terra,
688 2279 823 2315 irrigans
845 2279 1015 2307 uniuersam

168 2326 352 2363 superficiem
374 2330 479 2359 terrae,
501 2326 613 2354 Genesis
634 2326 754 2354 secundo
771 2326 789 2353 ⁷.

249 2373 276 2401 ln
299 2373 350 2402 hoc
371 2373 457 2402 verbo
488 2373 697 2401 commendatur
719 2377 798 2401 ortus
821 2373 940 2410 Virginis
961 2373 1014 2401 Ma-

170 2420 227 2449 riae
248 2420 300 2449 sub
321 2420 483 2456 metaphora
503 2419 593 2456 fontis
608 2420 787 2448 ascendentis
801 2414 827 2448 et
841 2420 1014 2456 irriyantis,

233 2565 240 2577 ¹
260 2565 313 2593 Cap.
331 2565 369 2592 24,
390 2566 428 2593 16;
447 2566 551 2594 sequitui·
568 2565 630 2589 Cant.
650 2567 669 2593 6,
689 2567 710 2588 9.

233 2603 241 2616 2
258 2604 314 2632 Cap.
333 2605 369 2631 32,
386 2605 424 2626 26.
442 2606 478 2626 ⁴28.
502 2618 532 2620 —
555 2605 663 2633 Sequitur
682 2605 781 2627 Breviar.
799 2606 866 2628 Rom.
888 2605 974 2633 antiph.
993 2607 1013 2627 ⁵2.

169 2643 199 2665 ad
216 2643 306 2665 Laudes
323 2644 346 2665 in
363 2644 419 2665 festo
436 2643 508 2665 Nativ.
526 2644 551 2666 B.
573 2645 597 2665 V.
616 2645 642 2666 Μ.

232 2680 241 2694 ¹³
258 2681 319 2704 Libr.
337 2683 359 2704 ll.
378 2682 441 2705 Esdr.
461 2682 482 2711 4,
502 2683 538 2704 21.

231 2720 241 2733 ‘¹
258 2721 314 2749 Cap.
332 2722 369 2748 32,
387 2722 425 2743 26.
442 2722 483 2750 29;
501 2725 630 2750 sequuntur
647 2722 705 2744 Osee
724 2722 760 2749 42,
779 2722 800 2744 4.
817 2725 839 2744 et
856 2722 919 2745 Cant.
938 2723 958 2750 6,
976 2723 998 2744 9.

233 2760 241 2773 ⁵
258 2760 314 2789 Cap.
332 2762 369 2789 38,
394 2762 427 2782 12.

232 2798 241 2812 Β
258 2801 306 2822 Hoc
323 2801 416 2822 schema
434 2803 535 2822 sumtum
554 2803 588 2822 est
610 2806 635 2822 ex
658 2800 709 2822 cod.
733 2800 836 2823 biblioth.
859 2801 1014 2828 Monacensis,

1871 197 1922 224 ‘721

1085 269 1165 297 cuius
1186 277 1238 297 non
1256 273 1361 298 tantum
1378 270 1544 300 describitur
1559 275 1651 306 ortus,
1666 273 1711 301 sed
1734 273 1814 301 etiam
1831 281 1927 301 ascen-

1084 324 1136 344 sus
1157 316 1213 345 sive
1235 316 1374 353 profectus
1396 320 1422 345 et
1435 317 1562 354 fructus.
1579 321 1725 348 Ascensus
1745 320 1855 357 quidem
1872 323 1927 349 tan-

1084 362 1168 399 gitur,
1184 370 1246 391 cum
1261 363 1377 392 dicitur:
1395 365 1471 392 Fons
1486 366 1654 394 ascendebat
1672 370 1739 400 etc.;
1755 370 1837 395 ortus
1852 375 1926 402 vero,

1084 417 1147 437 cum
1169 410 1313 438 subditur:
1335 419 1349 438 e
1370 415 1469 444 terni,-
1496 410 1614 448 fructus
1643 421 1724 447 vero,
1752 421 1815 442 cum
1844 414 1926 443 inser-

1084 459 1146 484 tur:
1168 456 1303 493 irriyans
1324 460 1385 491 etc„
1402 461 1432 486 ut
1450 458 1488 486 sic
1510 458 1702 495 intelligamus,
1719 460 1856 497 Virginem
1873 469 1926 489 non

1084 503 1172 530 solum
1205 503 1231 531 in
1264 507 1331 531 ortu
1354 504 1492 540 Virginem
1524 510 1657 534 sanctam
1689 505 1795 543 fuisse,
1829 515 1924 536 verum

1083 549 1164 577 etiam
1186 550 1212 577 in
1234 550 1388 578 sanctitate
1407 550 1564 587 profecisse
1585 556 1612 580 et
1635 553 1816 582 sanctitatem
1839 553 1926 592 diffle-

1083 596 1167 624 disse.

1163 643 1178 671 Ι.
1204 643 1294 671 Ortus
1314 647 1406 673 autem
1428 644 1518 681 fontis
1540 647 1681 675 consuevit
1702 655 1761 676 esse
1782 652 1923 682 secretus,

1079 688 1250 726 profundus
1271 694 1297 719 et
1318 691 1450 728 sapidus.
1466 693 1541 729 Aqua
1563 693 1633 721 enim
1656 694 1738 723 fontis
1752 695 1810 723 exit
1825 703 1840 723 a
1855 696 1922 724 mari

1082 736 1168 764 colata
1192 745 1239 773 per
1261 737 1366 766 viscera
1398 742 1503 772 terrae,
1528 747 1575 775 per
1597 749 1679 776 quam
1711 741 1873 770 dulcoratur
1898 747 1924 771 et

1082 783 1255 817 subtiliatur;
1272 785 1310 812 sie
1325 788 1403 813 ortus
1419 786 1537 822 Virginis
1552 787 1602 815 fuit
1616 792 1743 816 secretus
1759 796 1806 824 per
1820 789 1922 817 donum

1082 830 1289 863 continentiae;
1310 831 1483 860 Canticorum
1514 837 1613 869 quarto
1628 834 1653 861 Β;
1684 834 1793 862 Hortus
1815 836 1924 864 conctu-

1081 884 1142 908 sus,
1157 884 1243 904 soror
1263 886 1328 905 inea
1342 886 1458 914 sponsa.
1482 896 1518 898 —
1541 880 1601 907 Fuit
1620 879 1790 917 profundus
1811 890 1860 918 per
1880 883 1923 911 do-

1082 930 1147 949 num
1163 923 1355 956 reuerentiae,⁴
1377 924 1482 953 loannis
1503 929 1618 961 quarto:
1637 927 1716 954 lesus
1730 926 1875 964 fatigatus
1889 938 1923 957 ear.

1081 967 1182 995 itinere
1202 968 1316 997 sedebat
1336 970 1378 997 sic
1399 979 1493 1007 supra
1514 970 1639 1008 fontcm;
1658 976 1684 1001 et
1706 976 1766 1009 post
1787 974 1922 1010 sequitur,

1081 1014 1153 1050 quod
1174 1019 1279 1051 puteus
1300 1016 1378 1044 attus
1398 1020 1471 1051 erat,
1501 1017 1526 1046 id
1555 1021 1596 1046 est
1622 1019 1782 1055 profundus.
1806 1036 1841 1041 —
1864 1021 1924 1049 Fuit

1080 1061 1205 1096 sapidus
1226 1070 1275 1097 per
1296 1062 1397 1091 donum
1427 1064 1604 1100 sapientiae,-
1629 1066 1719 1101 quarti
1750 1066 1852 1103 Regum
1881 1075 1921 1095 se—

1080 1108 1186 1141 cundo,
1210 1108 1235 1136 in
1257 1108 1346 1145 figura
1368 1118 1500 1146 eci-essm
1516 1111 1619 1140 Eliseus
1640 1112 1680 1140 aa
1700 1112 1807 1149 fontem
1829 1122 1921 1151 aqua-

1081 1163 1159 1188 rum,
1183 1155 1263 1183 misit
1284 1155 1314 1183 in
1336 1156 1418 1184 ittuin
1439 1157 1486 1185 sal
1505 1161 1556 1186 etc.

1158 1202 1186 1229 ll.
1212 1203 1356 1230 Ascensus
1377 1206 1468 1231 autem
1491 1203 1572 1232 fontis
1593 1206 1734 1234 consuevit
1759 1214 1818 1235 esse
1842 1206 1921 1244 festi-

1079 1257 1152 1282 nus,
1175 1249 1332 1277 continuus
1353 1253 1379 1278 et
1400 1248 1544 1287 diffusus:
1566 1251 1604 1279 sic
1625 1260 1763 1280 ascensus
1784 1253 1840 1281 sive
1862 1262 1922 1290 pro-

1078 1295 1166 1324 fectus
1187 1296 1307 1332 Virginis
1329 1296 1379 1324 l'uit
1401 1295 1525 1333 festinus
1550 1306 1598 1334 per
1621 1299 1738 1327 multum
1760 1299 1921 1336 feruorem5

1078 1342 1252 1370 Canticorum
1275 1346 1375 1379 quarto
1387 1343 1413 1371 ⁹:
1431 1344 1507 1371 Fons
1529 1343 1695 1379 (tortorum,
1708 1350 1815 1382 puteus
1829 1356 1922 1385 aqua—

1079 1398 1146 1417 ruin
1168 1389 1337 1423 viventium,
1360 1398 1434 1427 quae
1454 1390 1552 1426 fluunt
1572 1391 1680 1428 inipetu
1702 1393 1736 1421 (le
1750 1393 1868 1422 Libano.
1883 1411 1921 1415 -—

1078 1436 1138 1464 Fuit
1160 1436 1316 1464 continuus
1337 1444 1387 1473 per
1412 1437 1531 1465 multum
1559 1438 1706 1475 vigorem;
1735 1440 1831 1468 lsaias:
1855 1441 1921 1469 Eris

1078 1483 1167 1520 quasi
1181 1481 1283 1511 hortus
1298 1483 1435 1519 irriyuus
1450 1487 1474 1511 et
1488 1484 1563 1512 sicut
1577 1483 1644 1521 fons
1659 1493 1820 1522 aquarum,
1835 1487 1921 1515 cuius

1077 1538 1135 1557 non
1157 1529 1286 1566 deficient
1314 1538 1417 1567 aquae.
1441 1547 1476 1550 ῌ
1500 1531 1560 1559 Fuit
1581 1530 1708 1568 diffusus
1729 1540 1778 1569 per
1801 1534 1919 1562 multum

1078 1585 1225 1608 avnzorenu
1247 1577 1345 1605 Esther
1366 1577 1486 1605 decimo:
1509 1578 1629 1606 Parvus
1649 1577 1732 1615 fons,
1755 1580 1807 1617 qui
1833 1581 1920 1609 crevit

1078 1623 1109 1651 in
1129 1622 1262 1659 fluuium.

1156 1670 1195 1698 111.
1218 1671 1348 1698 Fructus
1370 1679 1435 1699 vero
1457 1671 1513 1700 sive
1535 1672 1648 1700 effectus
1669 1672 1750 1701 fontis
1778 1674 1920 1702 consuevit

1076 1717 1109 1745 ad
1133 1717 1184 1745 tria
1205 1717 1306 1751 valere,
1329 1718 1432 1746 scilicet
1445 1717 1478 1746 ad
1501 1718 1654 1747 lavacrum
1680 1724 1706 1748 et
1725 1719 1756 1748 ad
1776 1724 1878 1757 potum
1892 1725 1919 1749 et

1076 1764 1108 1792 ad
1131 1763 1289 1800 fomentum
1313 1764 1469 1800 plantarum
1492 1765 1630 1799 viridium,
1652 1766 1725 1795 uncle
1746 1770 1787 1795 est
1805 1776 1919 1805 parpa-

1077 1810 1170 1844 ticus,
1190 1810 1328 1847 potabilis
1349 1814 1376 1839 et
1394 1812 1651 1848 praeservatiuus;
1672 1813 1711 1841 sic
1733 1813 1815 1850 Virgo
1836 1814 1919 1842 Maria

1077 1861 1117 1885 est
1138 1857 1198 1886 fons
1216 1858 1412 1895 purgativus,
1436 1858 1681 1887 nonis·0btinendo
1709 1860 1841 1893 ventam
1869 1861 1918 1888 Za-

1076 1904 1186 1932 chariae
1200 1904 1307 1932 decimo
1322 1905 1403 1933 tertio
1417 1905 1453 1932 ¹⁰:
1471 1905 1534 1933 Erit
1547 1904 1615 1941 fons
1626 1909 1730 1942 patens
1745 1906 1846 1934 domui
1861 1907 1918 1935 Da-

1076 1950 1125 1978 vid
1146 1954 1171 1978 et
1193 1949 1392 1978 babitantibus
1415 1951 1573 1979 Ierusalem
1594 1951 1624 1979 in
1653 1951 1828 1980 ablutionem
1853 1961 1918 1989 pec-

1076 1998 1185 2026 catoris
1206 2001 1230 2025 et
1252 2001 1459 2025 menstruatae.
1484 2015 1517 2017 —
1542 1998 1585 2026 Est
1613 1998 1672 2026 fons
1693 1999 1839 2035 putativus
1868 1999 1917 2027 im-

1075 2044 1208 2081 petrando
1228 2045 1379 2081 yratiaim
1401 2045 1427 2073 in
1449 2045 1529 2073 cuius
1559 2045 1649 2082 figura
1679 2046 1786 2074 dicebat
1813 2047 1917 2083 Moyses

1075 2092 1261 2120 Numeroruin
1284 2091 1429 2128 vigesimo:
1455 2092 1574 2120 Domine
1596 2093 1688 2126 Deus,
1718 2093 1792 2121 aucti
1811 2093 1916 2121 clamo-

1075 2147 1135 2166 reni
1156 2138 1259 2175 popu-ti
1278 2137 1367 2166 liuius
1394 2143 1419 2166 et
1447 2139 1532 2175 aperi
1558 2139 1598 2167 eis
1623 2138 1793 2167 thesaurum
1816 2145 1915 2173 titum,

1072 2183 1180 2222 fontem
1201 2193 1296 2222 aquae
1323 2185 1414 2213 vivae.
1445 2203 1483 2206 —
1515 2186 1559 2214 Est
1590 2186 1650 2214 fons
1679 2187 1917 2223 praeservativus

1073 2232 1248 2268 perducendo
1269 2232 1301 2260 ad
1322 2232 1468 2269 plurimu,-
1484 2233 1589 2261 Ioannis
1610 2237 1725 2270 quarto:
1742 2234 1800 2269 Qui
1820 2238 1916 2262 autem

1074 2279 1175 2308 biberit
1195 2288 1229 2307 esc
1250 2288 1340 2317 aqua,
1362 2288 1451 2317 quani
1473 2289 1522 2317 eqo
1543 2280 1617 2308 dabo
1638 2281 1673 2314 ei,
1695 2290 1752 2309 non
1783 2281 1858 2309 sitiet
1885 2282 1915 2309 in

1073 2330 1233 2360 aeternum,
1255 2326 1304 2354 sed
1325 2335 1415 2364 aqua,
1430 2335 1519 2364 quam
1541 2335 1590 2363 eqo
1612 2327 1685 2355 (labo
1707 2327 1745 2360 ei,
1766 2327 1814 2363 fiet
1834 2327 1865 2355 iu
1885 2336 1915 2355 eo

1071 2372 1139 2410 fons
1160 2381 1255 2411 aquae
1275 2373 1406 2402 salientis
1427 2373 1457 2401 in
1478 2373 1567 2401 vitani
1588 2377 1754 2406 acternani;
1778 2374 1914 2402 Psalmus:

1074 2420 1161 2456 Apud
1182 2423 1205 2447 te
1226 2423 1266 2448 est
1286 2418 1353 2456 [bns
1376 2420 1466 2454 uitae,
1489 2428 1570 2457 quem
1593 2420 1670 2448 nobis
1693 2424 1832 2457 praestare
1853 2424 1904 2449 etc.

1071 2567 1128 2594 sign.
1148 2567 1176 2589 W
1196 2567 1226 2595 (n.
1244 2566 1315 2595 7776)
1336 2567 1371 2588 sol.
1392 2567 1433 2588 193
1453 2573 1470 2588 r.
1488 2566 1604 2593 inscriptio
1622 2566 1671 2588 eius
1688 2569 1733 2588 cst:
1753 2566 1868 2589 Natioitas
1889 2566 1914 2589 B.

1071 2605 1170 2628 Mariae.
1187 2605 1279 2628 Sermo.
1299 2606 1402 2627 Eundem
1421 2606 1495 2627 locum
1523 2606 1544 2627 S.
1564 2605 1646 2627 Doctor
1669 2605 1753 2632 pluries
1775 2605 1870 2632 explicat
1893 2605 1912 2626 in

1071 2651 1139 2666 sensu
1158 2645 1253 2672 mystico
1271 2647 1293 2666 et
1310 2645 1339 2667 de
1356 2645 1378 2666 B.
1399 2644 1491 2671 Virgine
1510 2645 1586 2666 Maria.
1783 2643 1791 2656 ⁷
1810 2644 1874 2666 Vei-s.
1892 2644 1913 2665 6.

1134 2682 1143 2695 ‘³
1162 2684 1227 2706 Vers.
1249 2685 1285 2711 ¹23
1303 2686 1431 2712 sequuntur
1449 2684 1508 2705 ioan.
1528 2684 1548 2710 lt,
1567 2684 1587 2704 ss.
1609 2684 1643 2705 ll.
1660 2687 1682 2705 et
1699 2684 1735 2705 lV.
1754 2684 1810 2710 [teg.
1828 2684 1849 2709 ⁴2,
1867 2683 1903 2704 21.

1134 2721 1143 2734 ⁹
1161 2723 1226 2744 Vers.
1247 2723 1284 2750 153
1303 2725 1431 2751 sequuntur
1450 2722 1497 2744 isai.
1516 2723 1553 2749 58,
1572 2723 1579 2744 ’1
1591 2724 1608 2744 Ι.
1625 2726 1647 2744 et
1664 2723 1742 2744 Esther
1764 2723 1796 2749 lo,
1814 2724 1835 2743 6.

1134 2761 1153 2774 ¹⁰
1173 2762 1236 2784 Vers.
1255 2762 1280 2788 Ἰ1;
1297 2764 1425 2790 sequuntur
1443 2762 1508 2783 Num.
1528 2762 1563 2789 ΞΟ,
1581 2762 1606 2787 6;
1625 2762 1685 2783 ioan.
1699 2761 1718 2787 4,
1735 2761 1766 2782 13.
1780 2767 1828 2789 seq.
1845 2764 1867 2783 et
1878 2761 1913 2783 ΡΞ.

1071 2800 1109 2827 35,
1127 2801 1147 2822 9.

832 2924 1252 2948 W

263 3032 288 3055 S.
306 3031 397 3054 Bonav.
414 3045 444 3048 —
462 3032 529 3054 Tom.
546 3033 585 3054 lX.

1788 3030 1812 3051 91

1946 326 2023 345 Divisio.

1943 654 1987 672 Pars
2000 655 2013 673 1.
2027 655 2060 673 Oi·-

1952 679 1981 696 2us
1993 679 2049 697 fontis

1963 701 2036 725 triplex.

1957 1213 2001 1231 Pars
2015 1213 2035 1231 li.

1950 1236 2043 1255 Ascensus

1946 1259 2002 1277 sontis
2015 1260 2047 1278 tri-

1971 1283 2011 1306 plex
2016 1297 2020 1301 .

1958 1679 2002 1697 Pars
2014 1679 2042 1698 ill.

1935 1702 2012 1721 Fructus
2025 1703 2064 1721 fon-

1938 1725 1961 1743 tis
1974 1726 2023 1744 valet
2034 1726 2058 1744 ad

1978 1750 2019 1768 tria.
