2243 3348
21 651 44 671 irs
56 650 77 670 ll.
90 650 127 669 Vu-

8 674 64 694 fiatur
75 673 113 692 filia

10 696 11 738 J
19 696 129 740 Ῥξέξῖῑὶἒθ·

17 743 126 773 ,ρωρῑῑῑιιᾱὶ-

21 778 22 801 ᾖ
39 772 87 786 nem.

10 810 22 884 w«³

19 886 22 898 4

12 1172 13 1180 i
25 1163 123 1183 ediendum

44 1187 109 1207 tribus.

23 1402 119 1417 evucamm'

5 1427 7 1431 ¹
25 1421 116 1446 pomposi-

23 1447 41 1464 to
51 1444 122 1463 muudi⁴

17 1731 51 1748 em,
64 1731 76 1744 a
88 1731 119 1744 cu·

20 1749 102 1773 piditate.

13 1825 43 1841 am,
56 1825 67 1838 a
81 1824 119 1838 0³1¹-

16 1843 96 1862 ›nalitata

14 2286 36 2306 ie.
49 2287 116 2311 Agnes.

552 191 594 219 DE
616 191 738 219 SANCTA
761 191 888 220 AGNETE
910 191 1041 220 VlRGlNE
1064 192 1105 220 ET
1126 192 1291 221 MARTYRE.
1314 192 1423 220 SERMO
1445 192 1473 220 ll.

143 270 177 298 de
197 269 282 298 corde
299 277 388 306 puro,
410 269 585 297 conscientia
607 268 682 297 bona
702 273 728 297 et
747 268 803 306 side
823 278 881 298 uon
901 269 987 305 ficta,-

143 319 169 345 et
190 316 250 344 ideo
271 318 386 344 vocatur
407 323 423 343 a
443 315 553 344 Christo
573 324 659 343 soror
678 318 790 352 propter
815 315 987 344 innocentiae

143 362 369 391 conformitatem.
385 362 417 390 Et
435 362 504 391 bene
525 362 626 390 dicitur
647 362 733 398 Agnes
755 362 797 390 vel
818 364 900 399 Agna,
921 362 987 399 quia

142 417 221 438 soror
241 409 317 446 Agni.
339 409 392 437 Nec
421 408 626 437 verecundatur
654 409 745 445 Agnus
774 409 877 437 habere
905 409 986 437 talem

142 464 280 490 sororem,
302 455 348 484 sed
370 455 522 484 delectatur
543 463 594 484 sua
618 463 721 484 sorore.
750 455 857 484 Utinam
879 455 986 484 animae

141 506 251 532 nostrae
272 502 311 531 sic
341 502 395 531 sint
425 502 612 538 configuratae
633 503 707 538 Agno
731 502 884 530 secundum
906 502 984 530 istam

141 549 340 583 innocentiam,
362 552 394 577 ut
414 549 479 577 velit
499 548 627 577 Christus
647 556 693 577 eas
714 556 813 577 vocare
833 551 960 577 sorores!

220 596 249 623 ll.
271 595 396 624 Secundo
419 598 532 623 vocatur
553 594 644 622 anima
665 597 759 623 sancta
779 594 860 631 filia?
882 598 909 623 et
933 595 986 624 hoc

141 645 254 680 propter
276 641 450 670 obedientiae
461 641 738 678 promptitudinem
750 641 927 670 Canticorum
943 650 985 671 se-

141 690 265 726 ptim01:
288 689 384 724 Quam
402 687 503 725 pulcri
522 691 590 715 sunt
609 696 730 724 pressus
752 688 797 716 tut
816 688 848 716 in
875 688 984 717 calcea-

141 735 254 770 mentis,
274 734 338 772 filia
355 734 519 772 principis!
534 751 572 754 —
590 734 716 763 Gressus
738 734 769 762 iu
783 734 985 763 calceamentis

139 781 213 811 rtiltil
233 782 317 810 aliud
330 780 500 818 siqnilicant
514 789 596 818 quam
612 781 857 818 promptitudinem
872 781 905 810 ad
920 782 984 810 obe-

138 828 277 858 diendum.
293 828 407 865 Quando
422 828 547 856 homines
568 827 686 864 prompti
702 831 767 856 sunt
781 827 815 856 ad
830 828 895 861 hoc,
910 828 983 864 quod

139 884 193 904 non
215 876 313 904 timent
333 882 383 903 nec
405 874 508 911 lapides
529 882 579 903 nec
600 874 692 911 spinas
719 874 797 911 quasi
825 873 942 911 ferrum
960 878 985 902 et

139 930 205 956 aes,
227 922 265 950 sic
286 921 513 950 calceamentum
534 929 640 949 eorum.
663 921 694 949 Et
718 921 770 949 hoc
798 921 845 954 fit,
873 921 984 957 quando

138 977 188 998 nec
209 972 322 1005 propter
342 968 531 997 difficultatem
553 968 592 996 rei
621 967 760 996 faciendae
791 975 842 996 nec
869 970 983 1004 propter

138 1015 259 1044 laborem
281 1015 425 1043 dimittunt
446 1014 558 1043 obedire
579 1014 643 1043 Deo.
675 1014 714 1042 De
745 1014 797 1042 ista
828 1014 983 1042 obedientia

138 1062 239 1091 dicitur
260 1062 287 1090 in
308 1061 428 1090 Psalmo:
452 1061 549 1095 Aucti,
570 1060 650 1097 filia,
671 1065 698 1089 et
724 1061 789 1089 vide
816 1064 842 1089 et
872 1060 983 1089 inclina

138 1117 239 1137 aurem
263 1113 346 1137 tuam
367 1112 391 1136 et
412 1108 579 1136 obliviscere
603 1107 746 1145 poputum
775 1111 860 1136 tuum
887 1111 913 1136 et
933 1108 983 1136 (lo-

138 1163 220 1184 mum
238 1155 336 1192 pati-is
358 1154 410 1182 tui.
432 1154 573 1182 Potissitue
591 1154 652 1183 vult
665 1154 748 1188 Deus,
763 1154 837 1191 quod
852 1154 902 1183 sibi
919 1154 983 1183 obe-

137 1202 244 1231 diamus
266 1202 292 1230 in
315 1201 414 1236 trihus,
436 1209 507 1238 quae
528 1205 680 1238 tanguntur
702 1202 730 1230 in
751 1201 868 1230 adducta
889 1205 982 1230 aucto-

138 1249 234 1283 ritate,
256 1249 289 1277 ad
311 1257 382 1286 quae
402 1257 456 1277 non
479 1252 568 1285 potest
590 1249 672 1276 homo
692 1248 844 1285 attingere,
873 1249 923 1277 nisi
945 1249 983 1277 sit

137 1297 282 1325 calceatus
296 1295 377 1333 ferro
392 1300 417 1324 et
431 1304 512 1330 aere,
529 1298 561 1324 ut
574 1303 624 1324 nec
638 1295 827 1324 difficultatem
843 1303 893 1324 nec
908 1296 982 1324 labo-

137 1351 195 1372 rem
218 1343 326 1377 timeat3
349 1346 375 1371 et
394 1342 520 1380 iittiuyat
542 1342 572 1370 iu
594 1342 651 1370 oleo
662 1342 763 1379 pedem
777 1351 876 1377 suum,
891 1343 918 1371 id
933 1346 982 1377 est,

137 1390 251 1427 gratiam
268 1390 375 1418 habeat.
390 1406 424 1409 —
438 1390 554 1418 Revocat
567 1397 617 1417 nos
631 1397 647 1417 a
659 1389 849 1426 pompositate
863 1389 983 1422 nituisti,-

137 1439 164 1465 et
184 1436 210 1465 in
233 1437 285 1465 hoc
306 1436 366 1465 vult
387 1444 437 1465 nos
458 1436 508 1464 sibi
530 1436 656 1469 obedire;
679 1439 705 1464 et
737 1436 789 1464 hoc
820 1439 877 1469 est,
909 1435 982 1472 quod

136 1483 238 1512 dicitur
260 1483 320 1512 hic:
344 1483 441 1517 Audi,
462 1483 543 1519 filia,
565 1486 589 1511 et
610 1483 674 1511 vide
694 1486 718 1510 ct
739 1482 851 1511 inclina
879 1491 982 1511 aurem

137 1533 218 1558 tuam
240 1533 291 1558 etc.
315 1531 349 1558 Et
370 1529 535 1558 obliviscere
552 1529 697 1567 populum
726 1534 826 1563 turim,
860 1530 911 1558 hoc
940 1532 983 1558 est

135 1585 245 1606 omnem
265 1577 504 1614 poirzpositatem;
525 1577 591 1614 quia
605 1577 730 1606 homines
745 1577 807 1613 plus
822 1577 918 1605 volunt
933 1577 983 1605 ho-

136 1624 228 1653 norari
252 1624 324 1653 circa
346 1632 411 1652 suos
433 1632 516 1660 quam
538 1624 609 1652 inter
631 1627 796 1657 extraneos3
812 1623 847 1652 ibi
864 1632 917 1652 non
933 1631 982 1652 cu-

137 1673 206 1698 rant.
218 1671 236 1698 A
249 1678 305 1707 quo
319 1670 446 1704 retrahit,
461 1678 523 1699 cum
539 1670 616 1699 dicit:
632 1673 656 1698 et
671 1670 843 1698 obliviscere.
856 1685 894 1689 —
906 1670 981 1704 Item,

137 1717 254 1746 retrahit
273 1725 323 1746 nos
344 1725 360 1745 a
381 1717 539 1754 cupiditate
560 1720 587 1745 et
608 1717 683 1751 vult,
706 1717 779 1753 quod
807 1725 857 1745 nos
884 1716 982 1745 oblivi-

136 1771 247 1793 scamur
267 1772 375 1793 omnem
398 1763 592 1800 cupiditatem,
614 1763 688 1800 quod
710 1764 805 1800 tangit,
821 1771 884 1792 cum
900 1763 980 1791 dicit:

136 1814 162 1839 et
179 1811 298 1839 (tornum
316 1810 414 1847 patris
436 1810 487 1838 lui.
504 1827 541 1831 ——
557 1811 636 1844 Item,
651 1818 759 1839 omnem
776 1810 981 1838 carnalitatem

136 1857 162 1886 in
178 1857 238 1892 hoc,
254 1857 327 1894 quod
347 1857 427 1886 dicit:
446 1857 545 1894 patris
566 1857 627 1890 tui;
649 1857 727 1893 quasi
748 1856 835 1885 dicat:
857 1865 910 1885 000
933 1865 981 1885 cu-

136 1912 179 1933 res
199 1904 233 1933 de
255 1903 348 1933 mundi
371 1904 566 1940 pompositate,
585 1903 618 1932 de
634 1904 770 1932 bonorum
785 1904 979 1940 temporalium

136 1951 312 1980 multitudine
338 1958 390 1979 nec
410 1951 443 1979 de
464 1950 567 1979 carnali
598 1950 757 1984 affectione,
779 1953 805 1979 et
831 1954 898 1979 tunc
925 1950 981 1979 eris

135 1998 203 2027 bene
223 1998 362 2027 obediens.
384 1998 427 2027 Sic
448 1998 569 2026 obedivit
590 1998 673 2025 Filius
694 1998 739 2026 Dei
763 1998 834 2026 Patri
863 2006 927 2032 suo,
949 2001 981 2026 ut

136 2045 213 2074 fieret
232 2053 347 2082 pauper,
370 2045 483 2073 humilis
502 2048 530 2073 et
551 2044 684 2073 afflictus:
705 2048 800 2073 contra
815 2045 980 2081 pomposita-

137 2095 189 2121 tem
210 2092 336 2125 humilis,
359 2095 454 2120 contra
475 2091 652 2128 cupiditatem
673 2100 789 2128 pauper,
809 2095 905 2120 contra
919 2100 980 2120 car-

135 2139 273 2167 nalitatem
294 2139 420 2167 afflictus.
443 2139 469 2167 Si
492 2139 575 2175 igitur
598 2139 652 2172 vis,
674 2139 747 2175 quod
769 2139 861 2167 anima
882 2142 930 2167 tua
944 2139 980 2167 sit

133 2185 196 2221 sz'lia
214 2185 374 2222 principis,
396 2188 423 2214 et
444 2185 518 2222 quod
537 2185 637 2222 pulcri
656 2186 760 2214 sintin
779 2185 980 2213 calceamentis

132 2240 252 2269 gressus
273 2232 334 2265 tzti,·
365 2235 488 2269 oportet,
520 2232 594 2269 quod
625 2232 808 2261 obliviscaris
836 2232 979 2269 populum

134 2282 217 2307 tuum
232 2283 257 2307 ct
271 2280 388 2308 domurn
409 2279 508 2316 patris
524 2279 574 2308 tui.
590 2296 628 2299 -
645 2279 675 2307 Et
690 2279 816 2316 nunquid
832 2287 885 2307 000
901 2279 978 2307 audi-

134 2326 173 2354 vit
192 2326 272 2354 beata
292 2327 380 2363 Agnes
401 2326 473 2355 istud
489 2326 628 2355 verbum?
644 2326 745 2360 lmmo;
761 2326 816 2354 filia
831 2326 902 2355 enim
919 2329 979 2354 erat

134 2372 266 2401 nobilium
288 2376 444 2409 parentum,
465 2373 606 2410 unigenita
627 2376 654 2401 et
675 2372 864 2410 pulcherrima
884 2375 911 2401 et
931 2372 978 2401 de-

133 2419 213 2448 bebat
234 2419 389 2448 hereditare
411 2420 437 2448 in
460 2423 516 2448 tota
531 2420 684 2448 hereditate
700 2422 846 2456 parentum
861 2427 977 2447 suorum

133 2469 160 2494 et
179 2466 261 2495 etiam
283 2466 399 2495 debebat
420 2474 512 2495 semen
534 2467 561 2495 in
582 2467 663 2495 domo
685 2466 771 2503 patris
795 2466 837 2495 sui
867 2474 977 2495 conser-

134 2520 207 2547 vare,
229 2513 294 2549 quia
314 2513 456 2549 unigenita
477 2516 544 2541 erat.
560 2513 630 2549 Quid
645 2513 729 2541 fecit?
744 2513 841 2541 Omnia
856 2516 977 2541 contem-

133 2558 186 2595 psit
207 2561 320 2595 propter
341 2559 442 2593 Deum,
463 2562 491 2588 et
511 2560 643 2588 honorem
659 2559 830 2588 mundanum
845 2562 872 2588 et
886 2562 976 2595 pater-

133 2613 194 2633 nam
217 2605 396 2634 hereditatem
418 2605 560 2642 despexit,
582 2606 663 2634 etiam
686 2606 762 2634 illum
785 2606 833 2642 qui
855 2613 914 2634 eam
930 2613 977 2641 pe-

135 2652 207 2680 tebat
228 2652 254 2680 in
276 2652 451 2689 coniugium,
479 2652 545 2689 quia
576 2656 635 2681 erat
662 2652 754 2681 adhuc
785 2652 901 2681 nobilior
930 2652 977 2680 illo

133 2706 248 2734 genere,
271 2699 317 2735 qui
341 2702 367 2727 et
388 2699 475 2727 multa
496 2699 681 2735 praesentavit
711 2699 752 2733 ei,
785 2706 856 2735 quae
883 2698 917 2727 ab
946 2706 976 2727 ea

194 2902 202 2915 ¹
221 2903 285 2925 Vers.
308 2904 330 2930 l,
347 2907 475 2932 sequuntur
493 2904 558 2926 Dent.
576 2904 617 2930 33,
635 2904 671 2926 25.
690 2903 727 2926 24.
744 2907 766 2926 et
783 2904 817 2926 Ps.
836 2904 876 2932 44,
899 2905 932 2925 11.

194 2940 203 2953 ²
220 2942 350 2969 Respicitur
368 2942 422 2964 Phil.
440 2943 461 2969 3,
480 2943 501 2964 8.
519 2955 549 2958 —
567 2943 598 2964 De
616 2942 651 2964 his
677 2945 698 2965 et
725 2948 789 2971 seqq.
816 2943 909 2970 surius,
935 2944 978 2965 loc.

132 2979 168 3002 cit.
187 2980 200 3008 Z
218 2981 238 3002 2.
257 2987 305 3009 seq.

1831 194 1886 222 507

1044 269 1120 298 velut
1141 273 1264 298 stercora
1285 273 1412 298 recusata
1433 271 1528 298 sunt2.
1552 271 1582 299 Et
1602 270 1688 299 dixit:
1717 271 1857 300 «Discede
1872 280 1888 300 a

1044 323 1096 349 me,
1119 316 1250 352 pabulum
1274 316 1383 350 mortis,
1404 316 1490 345 fomes
1505 317 1617 354 peccati,
1632 317 1834 346 nutrimentum
1849 318 1887 346 fa-

1043 362 1160 397 cinoris,
1182 363 1247 400 quia
1268 363 1320 392 iam
1343 363 1378 392 ab
1398 363 1451 392 alio
1472 367 1595 392 amatore
1616 367 1764 400 praeventa
1786 372 1885 393 sum».

1121 410 1250 438 Senserat
1271 410 1324 438 iam
1344 410 1449 438 maiora
1463 414 1490 439 et
1504 411 1617 439 meliora
1632 411 1711 445 bona,
1726 412 1812 448 gratia
1828 412 1887 448 Spi-
1900 418 1961 440 Ratio,
1975 424 2032 445 ware

1043 455 1114 484 ritus
1129 456 1213 484 sancti
1236 456 1331 485 edocta
1345 460 1372 485 et
1393 457 1540 493 inspirata,
1562 460 1589 486 et
1609 457 1669 486 ideo
1684 458 1730 486 illa
1744 466 1815 495 quae
1835 458 1885 487 sibi
1923 442 2009 484 αέιῗεῖἶῑ

1043 502 1239 537 offerebantur,
1261 504 1460 532 contemnebat.
1483 520 1520 524 —
1544 504 1614 540 Quid
1636 504 1721 541 igitur
1748 505 1886 540 dicemus,

1042 549 1152 586 quaudo
1171 549 1296 578 videmus
1316 550 1454 579 hominem
1477 554 1533 579 toto
1554 551 1689 580 desiderio
1709 552 1832 588 aspirare
1853 553 1886 581 ad

1042 596 1108 624 istas
1122 596 1306 625 jucunditates
1327 597 1432 631 mundi,
1447 598 1578 627 anhelare
1598 598 1631 626 ad
1653 598 1761 627 divitias
1782 602 1808 627 et
1823 608 1887 636 pro-

1042 642 1201 679 speritates,
1224 651 1278 671 non
1309 647 1451 672 curantem
1473 644 1506 672 de
1538 644 1615 673 bonis
1642 645 1833 681 spiritualibus
1860 649 1887 675 et

1041 689 1180 717 aeternis?
1195 690 1290 723 Certe,
1313 691 1380 719 tales
1400 699 1453 719 non
1476 694 1541 719 sunt
1555 691 1602 719 filii
1618 692 1665 720 Dei
1682 692 1724 720 vel
1745 692 1801 727 fittt
1821 693 1886 721 libe-

1042 744 1095 764 rae
1105 736 1126 770 ³,
1142 736 1188 765 sed
1203 736 1259 772 filii
1271 736 1404 770 ancillae,
1420 741 1584 773 quaerentes
1597 738 1796 774 prudentiam,
1811 747 1886 776 quae

1041 782 1074 810 de
1096 785 1177 811 terra
1197 787 1245 811 est,
1268 783 1350 812 Audi
1370 783 1464 820 igitur,
1485 783 1562 820 filia,
1584 788 1610 812 et
1629 785 1693 813 vide
1714 789 1775 819 etc,
1791 788 1818 814 et
1831 786 1886 814 noli

1041 836 1100 857 esse
1114 829 1170 857 filia
1183 829 1293 863 diaboli,
1308 830 1355 858 sed
1370 830 1425 858 filia
1440 830 1497 864 Dei,
1513 831 1567 858 filia
1583 831 1642 859 Iesu
1657 831 1766 860 Christi.
1783 847 1818 852 —
1834 832 1887 860 Ali—
1904 839 1925 857 13.
1939 838 2007 862 Agnes.

1040 875 1087 912 qui
1103 875 1240 904 mirantur
1261 876 1294 904 de
1315 876 1367 904 ista
1388 876 1508 913 Virgine,
1526 877 1663 913 quomodo
1685 877 1721 906 ita
1736 878 1887 914 prudenter

1041 921 1206 958 loquebatur
1230 925 1257 950 et
1278 922 1475 959 respondebat;
1504 923 1550 951 sed
1579 924 1669 952 adhuc
1698 924 1760 961 plus
1785 925 1886 959 miror,

1040 968 1179 1004 quomodo
1198 968 1290 996 omnia
1311 968 1348 997 ita
1368 969 1560 998 contemnebat
1581 973 1607 997 et
1627 970 1834 999 arbitrabatur
1855 976 1887 999 ut

1040 1017 1178 1042 stercora.
1205 1015 1316 1043 Certum
1343 1018 1399 1049 est,
1429 1015 1502 1052 quod
1528 1024 1654 1053 «magno
1682 1017 1802 1053 pondere
1830 1018 1887 1046 fixa

1040 1065 1100 1090 erat
1113 1073 1127 1086 »
1153 1062 1180 1090 in
1202 1062 1256 1090 fide
1277 1065 1303 1090 et
1324 1062 1468 1091 dilectione
1485 1063 1533 1091 Dei
1560 1074 1573 1088 «
1588 1072 1603 1091 a
1625 1064 1728 1100 Spiritu
1750 1068 1844 1093 sancto
1859 1076 1885 1092 ι».

1119 1108 1158 1136 ΠΙ.
1175 1109 1267 1137 Tertio
1281 1108 1383 1137 dicitur
1397 1109 1488 1137 anima
1502 1113 1594 1138 sancta
1609 1118 1717 1146 sponsa
1733 1111 1846 1145 Christi;
1859 1114 1886 1140 et
1900 1118 1945 1138 ears
1955 1119 1984 1138 111.
1994 1119 2032 1138 v0-

1040 1155 1092 1184 hoc
1106 1159 1220 1192 propter
1235 1154 1433 1184 cohaerentiae
1448 1156 1740 1191 imlissolubilitatcm,
1754 1158 1818 1195 quia
1829 1166 1886 1187 ma·
1899 1144 2032 1192 εἷτιιῗὲῑῖῗῗιῗῗ

1040 1202 1201 1230 trimonium
1223 1206 1264 1231 est
1284 1202 1427 1231 vinculum
1448 1203 1637 1232 indissolubile
1658 1204 1728 1232 inter
1754 1212 1885 1241 sponsum
1899 1189 2031 1231 ῡέιῗῑῖἒῖῗιῗὲῖῗῑ-

1039 1252 1066 1277 et
1087 1257 1223 1286 sponsam,
1246 1249 1307 1278 Ideo
1328 1249 1455 1278 convenit
1476 1250 1498 1278 ei
1515 1250 1581 1278 illud
1597 1250 1670 1286 quod
1686 1251 1807 1287 Sponsus
1821 1251 1886 1280 dicit
1934 1238 1997 1254 ‘atem'

1039 1296 1214 1324 Canticorum
1236 1299 1336 1332 quarto
1351 1296 1378 1323 4:
1400 1296 1512 1324 Hortus
1533 1296 1696 1330 conclusus,
1711 1306 1796 1325 soror
1811 1306 1885 1332 mea,

1039 1350 1157 1378 sponsa,
1180 1341 1283 1369 hortus
1304 1342 1471 1376 conclusus,
1492 1342 1724 1380 fbiis'sz'ynatus.
1749 1344 1886 1372 Emissio-

1039 1396 1089 1416 ues
1111 1392 1186 1422 tuae,
1204 1388 1381 1425 paradisus,
1402 1389 1551 1417 malorum
1565 1390 1743 1426 punicorum
1758 1399 1825 1418 cum
1838 1399 1887 1427 po-

1039 1443 1157 1463 morum
1171 1434 1327 1471 fructibus.
1346 1435 1437 1473 Cypri
1450 1444 1516 1464 cam
1531 1436 1638 1470 uarclo,
1653 1436 1770 1464 otardus
1785 1441 1809 1465 et
1823 1446 1887 1465 cro-

1040 1490 1091 1510 cus
1112 1485 1162 1511 etc.
1185 1498 1222 1503 —
1241 1483 1311 1519 Quid
1326 1483 1386 1511 vult
1400 1482 1512 1511 dicere?
1527 1483 1673 1511 Vinculum
1690 1484 1885 1518 indissolubile,

1040 1529 1113 1566 quod
1134 1532 1176 1558 est
1196 1530 1267 1558 inter
1289 1537 1420 1566 sponsum
1443 1533 1470 1558 et
1490 1538 1634 1566 sponsam,
1656 1538 1709 1558 non
1730 1531 1812 1559 habet
1827 1538 1886 1559 esse

1039 1576 1111 1605 inter
1132 1576 1250 1604 animam
1273 1579 1300 1605 et
1320 1576 1475 1611 Christum,
1497 1577 1548 1605 nisi
1570 1580 1738 1605 concurrant
1753 1577 1818 1611 tria,
1834 1577 1886 1606 sci-

1039 1623 1102 1652 licet
1124 1624 1306 1660 incorruptio
1328 1623 1403 1652 vitae
1424 1628 1451 1652 et
1472 1624 1620 1652 munditia
1648 1624 1838 1652 conscientiae
1859 1626 1886 1652 et

1039 1670 1111 1698 octor
1132 1670 1222 1698 bonae
1242 1669 1350 1706 famae.
1375 1670 1485 1698 Hortus
1506 1670 1675 1710 conclusus,
1696 1679 1782 1699 soror
1803 1679 1884 1705 mea,

1038 1725 1157 1753 sponsa,
1180 1720 1315 1753 quantum
1336 1717 1370 1745 ad
1392 1718 1463 1745 vitae
1484 1718 1735 1754 incorruptionem3
1757 1716 1824 1754 fons
1845 1718 1884 1746 si-

1037 1767 1163 1800 qualus,
1186 1767 1321 1800 quantum
1343 1764 1375 1792 ad
1398 1764 1578 1792 conscientiae
1600 1764 1778 1798 munditiam;
1800 1764 1883 1792 emis-

1038 1811 1133 1839 siones
1147 1814 1224 1844 tuae,
1233 1811 1409 1847 paradisus,
1423 1814 1556 1848 quantum
1569 1811 1603 1839 ad
1614 1811 1712 1839 bonam
1724 1811 1833 1840 famam.
1846 1828 1883 1832 —-

1039 1857 1139 1886 Hortus
1160 1857 1211 1886 iste
1232 1858 1330 1894 plenus
1351 1861 1405 1891 est,
1426 1866 1558 1887 amoenus
1579 1861 1605 1886 et
1619 1858 1743 1892 floridus,
1759 1858 1882 1894 etsigni-

1038 1904 1101 1932 ficat
1123 1905 1184 1932 talis
1205 1905 1304 1933 hortus
1325 1904 1443 1933 animam
1472 1905 1558 1933 bonae
1587 1905 1672 1938 vitae,
1701 1905 1882 1933 conscientiae

1038 1959 1125 1988 purae
1146 1954 1173 1979 et
1194 1951 1281 1980 bonae
1302 1952 1398 1985 famae,
1421 1952 1499 1988 quasi
1521 1952 1653 1988 repletam
1676 1952 1810 1980 bonarum
1827 1952 1882 1979 vir-

1038 2001 1129 2026 tutum
1151 1998 1290 2026 odoribus.
1314 1998 1428 2034 Quando
1449 1998 1521 2027 enim
1543 1999 1625 2026 homo
1653 1998 1741 2026 malus
1770 2002 1810 2027 est
1839 1999 1882 2027 vel

1038 2045 1121 2073 habet
1142 2045 1214 2073 mala
1237 2045 1263 2073 in
1285 2053 1314 2073 se
1328 2045 1468 2081 permixta
1483 2045 1577 2079 bonis,
1593 2049 1658 2073 tunc
1673 2053 1726 2073 non
1742 2048 1783 2073 est
1797 2045 1881 2073 homo

1037 2092 1108 2120 sicut
1129 2092 1244 2125 hortus,
1266 2092 1312 2120 sed
1334 2092 1406 2120 sicut
1426 2092 1512 2120 vinea
1533 2091 1657 2120 bominis
1681 2091 1779 2125 stulti,
1807 2100 1881 2129 quae

1037 2143 1096 2167 tota
1116 2138 1224 2175 repleta
1245 2142 1284 2166 est
1306 2138 1411 2166 urticis
1431 2142 1457 2167 et
1477 2138 1564 2167 malis
1586 2137 1689 2166 herbis.
1706 2138 1756 2166 Sed
1771 2138 1880 2175 quando

1036 2185 1063 2213 in
1085 2193 1117 2214 eo
1138 2185 1206 2213 nihil
1227 2188 1268 2213 est
1289 2185 1351 2213 mali
1374 2188 1402 2213 et.
1422 2185 1509 2213 multa
1530 2185 1616 2218 bona,
1638 2188 1705 2213 tunc
1730 2188 1771 2213 est
1800 2185 1880 2212 homo

1036 2231 1138 2260 ltorttts
1159 2232 1326 2266 conclusus,
1342 2235 1476 2268 quantum
1498 2231 1531 2259 ad
1552 2231 1643 2259 vitam
1658 2232 1880 2267 iitcorruptam;

1035 2278 1102 2316 fons
1122 2278 1269 2315 siqnatus,
1291 2281 1424 2315 quantum
1447 2278 1481 2306 ad
1501 2278 1644 2306 mamam
1659 2278 1878 2311 conscientiam,

1035 2326 1113 2363 quia,
1135 2326 1206 2354 sicut
1227 2334 1299 2362 aqua
1319 2325 1402 2353 fontis
1423 2325 1456 2354 de
1478 2325 1573 2353 intimo
1594 2327 1685 2353 terrae
1700 2324 1830 2361 erumpit,
1846 2324 1879 2353 de

1034 2373 1126 2410 ignoto
1147 2375 1174 2401 et
1194 2372 1282 2400 inviso
1304 2372 1377 2405 loco,
1399 2372 1438 2400 sic
1469 2371 1603 2400 munditia
1633 2371 1814 2399 conscientiae
1844 2371 1879 2399 ab

1034 2419 1130 2448 intimo
1151 2419 1241 2452 venit,
1262 2426 1345 2455 quam
1373 2419 1447 2447 solus
1478 2418 1551 2446 Deus
1582 2418 1656 2446 videt
1686 2421 1711 2446 et
1744 2418 1877 2451 rimatur;

1034 2466 1144 2503 quando
1165 2466 1237 2494 enim
1260 2465 1426 2494 conscientia
1448 2465 1566 2493 hominis
1588 2473 1658 2501 pura
1680 2469 1720 2493 cst
1735 2468 1761 2493 et
1776 2464 1878 2492 munda

1034 2512 1061 2540 in
1082 2512 1169 2541 oculis
1190 2512 1298 2540 divinae
1318 2511 1480 2545 Maiestatis,
1503 2515 1568 2539 tunc
1590 2519 1643 2539 non
1665 2514 1706 2539 est
1735 2511 1817 2539 homo
1839 2514 1878 2539 te-

1035 2562 1158 2588 meratus
1179 2561 1227 2587 aut
1258 2558 1412 2586 maculatus
1444 2566 1492 2594 per
1523 2558 1643 2594 aliquam
1676 2557 1878 2585 immunditiam

1034 2605 1283 2642 supervenientem.
1306 2604 1356 2633 Sed
1372 2604 1481 2640 quando
1496 2612 1559 2632 cum
1582 2604 1652 2632 bona
1667 2604 1722 2632 vita
1737 2607 1763 2631 et
1779 2603 1881 2631 munda

1034 2652 1199 2680 conscientia
1220 2654 1261 2679 est
1281 2650 1414 2679 honestas
1435 2650 1535 2687 famae
1556 2655 1580 2678 et
1601 2651 1692 2678 bouus
1715 2651 1796 2683 orior,
1814 2654 1878 2679 tunc

1033 2698 1199 2726 emissiones
1221 2698 1338 2726 hominis
1360 2701 1424 2726 sunt
1446 2698 1517 2726 sicut
1534 2698 1707 2734 paradisus.

1903 1586 2031 1609 Requiruntur

1904 1609 1938 1628 tria
1951 1609 1975 1628 ad
1987 1609 2030 1628 hoc.

1099 2901 1107 2914 Β
1125 2903 1171 2925 Gal.
1192 2903 1215 2929 ιὶ,
1233 2904 1271 2924 31.
1288 2915 1318 2919 -
1336 2904 1393 2924 lnl'ra
1416 2902 1537 2930 respicitur
1556 2903 1644 2924 Barucli
1669 2903 1690 2930 3,
1707 2903 1752 2929 233
1771 2902 1879 2924 Breviarii

1036 2944 1101 2965 Rom.
1119 2941 1211 2969 Autiph.
1229 2942 1257 2963 ad
1277 2941 1405 2969 Magnificat
1423 2941 1443 2962 iu
1463 2942 1484 2963 ΙΙ.
1505 2942 1573 2968 Vesp.
1592 2941 1641 2963 festi
1660 2942 1682 2963 S.
1704 2941 1795 2963 Luciae.

1097 2980 1106 2992 4
1124 2981 1190 3003 Vcrs.
1211 2979 1290 3007 12-143
1308 2980 1410 3009 sequitur
1428 2980 1495 3002 I’rox'.
1514 2980 1554 3006 ot,
1572 2980 1609 3002 30.
