2243 3348
272 292 350 311 Divisio.

279 709 324 728 Pars
336 709 349 727 1.

251 895 329 922 Aurium

222 921 296 943 apertio
309 924 354 942 qua-

246 942 332 967 druplex.

273 2348 349 2367 Divisio.

370 161 425 190 398

449 239 528 267 Circa
558 245 645 275 genus
673 238 843 268 humanum,
872 233 944 270 quod
977 232 1145 268 designatur*
1166 238 1214 267 per

371 286 455 314 istum
477 285 593 314 surdum
616 288 643 312 et
664 286 788 314 mutum,
811 283 942 309 notantur
957 279 1012 307 duo
1027 278 1076 306 sibi
1093 278 1216 313 impensa

369 340 419 369 per
442 330 657 360 misericordiam
677 327 876 364 Redemptoris,
895 325 998 354 scilicet
1013 324 1141 361 legitima
1156 323 1214 351 dis-

369 378 473 416 positio
494 378 527 406 ad
550 376 674 405 habitum
696 372 901 405 deiformitatis,
927 375 954 399 et
979 369 1111 407 perfecta
1132 369 1215 397 resti-

371 425 442 454 tutio
464 424 496 452 ad
519 430 601 451 usum
623 420 754 450 veritatis.
777 419 915 451 Primum,
937 417 990 445 ibi:
1007 417 1133 453 Apertae
1146 418 1216 443 sunt

370 479 458 500 aures
479 470 558 502 eius,
580 475 651 504 quae
666 466 755 503 primo
770 468 849 494 erant
864 464 973 493 clausae
987 463 1020 491 ad
1035 470 1143 491 omnem
1160 461 1214 498 spi-

369 517 497 546 ritualem
527 515 668 547 auditum3
695 512 863 545 secundum,
886 511 938 539 ibi:
967 514 991 538 et
1018 509 1146 537 solutum
1174 512 1215 537 est

368 562 518 591 vinculum
547 561 666 597 linquae
693 559 771 592 citus,
797 562 822 586 et
847 557 1018 595 loquebatur
1039 560 1129 589 recle;
1152 562 1213 583 nan]

368 609 458 645 primo
479 610 538 636 erat
559 607 641 643 ligata
662 606 755 642 lingua
776 607 911 641 quantum
933 604 966 632 ad
989 603 1097 632 laudem
1120 602 1177 630 Dei.

447 655 464 682 I.
487 654 626 690 Quantum
648 652 681 680 ad
702 652 823 689 primum
846 654 925 684 nota,
947 650 1021 687 quod
1043 658 1092 686 per
1113 648 1215 677 Christi

370 700 570 738 reparationem
586 707 675 727 altres
690 697 823 726 mentium
840 697 1038 730 humanarum,
1051 703 1122 732 quae
1137 695 1215 732 prius

368 750 448 776 erant
469 746 569 775 surdae
591 750 617 774 et
639 745 783 773 obturatae
805 752 854 780 per
874 743 1095 772 incircumcisam
1112 743 1215 771 irreve-

369 794 501 827 rentiam,
524 801 573 829 per
594 792 720 821 obtusam
738 790 955 827 intelligentiam,
971 798 1020 826 per
1035 789 1138 818 variam
1155 797 1216 818 eon-

368 840 581 878 cupiscentiam,
596 847 645 876 per
660 838 824 867 obstinatam
847 837 1075 871 inobedientiam,
1097 839 1216 873 apertae

367 890 452 920 stt-nt,
468 886 533 923 quia
547 886 633 914 factae
648 887 727 913 sunt:
750 883 953 912 reverentiales
975 883 1008 912 ad
1030 883 1213 912 reverendum

368 933 600 970 omnipotentIalia
622 931 751 965 numina;
774 931 854 967 primi
886 931 988 967 Regum
1018 930 1100 959 tertio
1116 931 1140 958 ¹:
1163 930 1214 958 Lo-

368 989 470 1019 quere,
495 979 626 1012 Domine,
649 978 720 1016 quia
742 978 826 1006 u-zulit
848 986 951 1006 serbus
974 981 1051 1005 tuus.
1072 993 1109 998 —-
1131 976 1215 1005 Intel-

369 1027 527 1065 liqentiules
548 1026 581 1054 ad
602 1024 801 1062 speculandum
824 1024 993 1061 sapientialia
1015 1024 1134 1058 lumina;
1152 1024 1216 1052 Pro-

369 1074 526 1103 verbiorum
549 1072 684 1101 seeundo:
707 1071 821 1100 Audiat
841 1071 1017 1108 sapientium
1039 1071 1126 1099 auris
1148 1075 1215 1104 tua,-

369 1121 478 1150 inelina
499 1128 549 1148 cor
565 1123 647 1147 tuum
663 1119 703 1147 ad
717 1119 948 1156 cognoscendum
960 1118 1161 1155 prudentiam.
1177 1135 1216 1138 —

368 1166 540 1205 Affectuales
571 1166 603 1195 ad
636 1165 844 1202 percipiendum
876 1165 1090 1202 supercaelestia
1124 1165 1214 1194 chari-

368 1217 466 1247 smata3
483 1213 695 1242 Proverbi0rum
711 1215 820 1241 octavo:
834 1212 942 1240 Beatus
957 1211 1051 1246 homo,
1064 1211 1115 1249 qui
1130 1211 1215 1240 audit

1033 154 1205 183 SERMONES
1225 153 1267 181 DE
1289 152 1453 181 TEMPORE.

1272 238 1316 258 me
1330 233 1355 257 et
1369 229 1421 267 qui
1434 228 1536 265 viqitat
1551 229 1591 257 ad
1605 228 1685 266 fores
1700 237 1779 257 meas
1800 229 1926 266 quotidie
1946 233 1971 258 et
1986 229 2117 258 observat

1272 276 1313 304 ad
1324 280 1419 312 postes
1434 275 1502 304 ostii
1515 275 1579 303 mei.
1596 291 1632 295 —
1650 275 1855 304 Obedientiales
1870 276 1902 304 ad
1920 276 2116 313 perficiendum

1272 322 1364 350 divina
1379 322 1505 356 decreta;
1528 322 1635 351 Baruch
1656 322 1772 351 terti02:
1797 322 1886 356 Audi,
1912 323 2012 357 lsrael,
2033 331 2117 352 man-

1272 368 1343 397 datu
1366 369 1456 402 bitae,
1479 368 1605 397 auribus
1624 368 1754 405 percipe,
1775 373 1806 397 ut
1827 369 1905 398 scias
1918 370 2115 406 prudentiam.

1352 416 1380 443 II.
1402 415 1481 444 Circa
1508 415 1660 444 secundum
1689 419 1768 450 nota,
1790 415 1864 453 quod
1891 416 1925 444 ad
1954 417 2021 450 hoe,
2043 415 2117 452 quod

1272 461 1376 499 linqua
1398 462 1516 490 hominis
1538 462 1676 500 loquatur
1690 465 1778 496 recte,
1801 464 1922 499 oportet,
1944 471 2003 492 eam
2025 463 2115 500 loqui:

1271 508 1414 536 veraciter
1426 508 1577 537 seeundum
1591 509 1663 545 leges
1674 508 1785 543 inditas;
1798 509 1831 538 ad
1844 509 1974 546 Ephesios
1985 510 2116 547 quarto&

1274 555 1447 591 Deponentes
1461 555 1664 588 mendacium,
1681 555 1834 593 loquimini
1854 556 2004 585 veritatem
2025 565 2117 585 unus-

1271 603 1392 640 quisque
1413 610 1479 630 cum
1500 601 1636 638 proximo
1651 610 1713 630 suo.
1729 618 1766 622 —
1783 602 2005 631 Rationabiliter
2020 611 2118 632 secun-

1271 649 1337 678 dum
1360 649 1433 686 leges
1454 652 1595 683 aeternas;
1619 649 1701 677 Isaiae
1723 649 1863 686 trigesimo
1884 650 2020 679 seeundo:
2043 651 2118 679 Stul-

1272 700 1319 724 tus
1340 694 1430 733 fatua
1452 695 1600 733 loquetur,
1620 695 1757 732 princeps
1781 704 1848 725 vero
1876 705 1910 725 ea
1931 706 2005 735 quae
2025 698 2119 735 (liqna

1271 747 1341 771 sunt
1359 742 1510 779 principe,
1533 741 1678 779 equitabit.
1694 759 1732 763 ——
1747 742 1949 780 Spiritualiter
1964 744 2117 773 secundum

1273 790 1345 827 leges
1377 789 1562 826 evangelicas3
1595 788 1628 817 ad
1661 789 1791 825 Ephesios
1823 789 1934 826 quinto:
1966 791 2118 828 Loquentes

1271 835 1483 872 vobismetipsis
1505 836 1536 863 in
1555 835 1680 872 psalmis
1701 839 1725 864 ct
1747 835 1863 874 hymnis
1877 840 1903 865 et
1923 837 2046 865 canticis
2059 837 2119 874 spi-

1272 882 1448 917 ritualibus,
1470 886 1620 911 cantautes
1641 886 1665 911 et
1685 882 1838 919 psallentes
1860 883 1890 912 in
1918 883 2055 912 cordibus
2075 892 2120 912 ve-

1272 929 1343 957 stris
1360 929 1490 957 Domino.
1506 946 1544 949 ——
1559 929 1698 963 Realiter,
1721 929 1747 958 id
1768 934 1809 958 est
1826 930 1945 964 utiliter,
1967 930 2119 959 secundum

1272 976 1346 1013 leges
1367 984 1516 1013 supernas3
1539 976 1693 1013 Sapientiae
1707 977 1823 1013 septimo
1835 978 1861 1005 4:
1877 976 1948 1006 Mihi
1962 980 2060 1006 autem
2074 977 2120 1006 de-

1272 1024 1314 1053 dit
1338 1024 1414 1051 Deus
1435 1023 1529 1052 dicere
1549 1032 1583 1052 ex
1604 1024 1746 1052 sententia
1767 1028 1792 1053 et
1819 1033 2007 1061 praesumere
2028 1025 2120 1062 (liqna

1272 1069 1378 1099 horum
1390 1079 1464 1109 quae
1478 1069 1552 1099 nzihi
1567 1071 1693 1105 dantum
1706 1071 1883 1100 Ecelesiastae
1898 1072 2010 1100 ultimo:
2029 1071 2120 1101 Verba

1271 1117 1450 1154 sapientium
1471 1117 1560 1155 quasi
1578 1117 1693 1146 stimuli
1713 1121 1738 1146 et
1758 1119 1846 1156 quasi
1866 1118 1944 1147 cla-vi
1968 1119 1999 1147 in
2027 1118 2120 1148 altum

1272 1164 1376 1201 defixi,
1398 1172 1473 1202 quae
1492 1172 1545 1201 per
1565 1164 1780 1202 nictyistrorum
1794 1165 1948 1194 consilium
1963 1166 2034 1194 duta
2051 1169 2121 1194 sunt

1273 1220 1292 1240 a
1309 1215 1429 1249 pastore
1450 1220 1518 1240 uno.

872 1339 1029 1368 DOMINICA
1052 1338 1243 1368 DUODECIMA
1266 1338 1348 1367 POST
1371 1338 1612 1367 PENTECOSTEN.

713 1451 805 1479 Samio
827 1451 835 1478 I
847 1451 866 1479 ⁵.

446 1547 537 1575 Homo
559 1545 681 1584 quidam
714 1544 901 1573 descendebat
922 1544 958 1573 ub
992 1544 1151 1572 Ierusalem
1184 1543 1215 1572 in

367 1593 477 1623 Iericho
498 1597 522 1622 et
545 1593 647 1621 incidit
668 1593 699 1621 in
722 1592 866 1626 latrones,
889 1592 941 1630 qui
961 1592 1048 1620 etiam
1072 1591 1215 1628 despolia-

369 1645 470 1670 verunt
492 1649 573 1674 eum,
596 1641 684 1669 Lucae
706 1639 813 1668 decimo
824 1639 844 1667 ⁶.

445 1688 514 1724 Quia
535 1687 651 1716 faciliter
675 1686 758 1715 rudes
786 1690 812 1715 et
841 1686 984 1715 sensibiles
1016 1686 1143 1715 homines
1164 1686 1215 1714 du-

369 1739 471 1765 cuntur
493 1735 519 1763 in
548 1734 730 1771 cognitionem
760 1734 878 1762 alicuius
900 1734 938 1762 rei
961 1733 1129 1770 spiritualis,
1151 1741 1214 1762 cum

367 1782 583 1812 circumvelatur
605 1781 798 1818 exemplorum
828 1780 974 1814 varietate3
996 1780 1057 1809 ideo
1082 1780 1215 1809 Dominus

367 1834 473 1863 noster,
495 1830 589 1858 volens
610 1829 693 1857 istum
717 1828 846 1856 Iudaeum
868 1831 895 1856 et
916 1827 998 1856 etiam
1020 1827 1153 1864 populum
1176 1827 1215 1856 Iu-

367 1877 475 1905 daicum
497 1876 595 1904 rudem
616 1878 643 1904 et
665 1875 820 1903 sensibilem
844 1882 892 1912 per
917 1874 1033 1903 visibilia
1060 1875 1094 1903 ad
1122 1874 1216 1903 invisi-

367 1924 432 1952 bilia
453 1923 656 1956 manuducere,
678 1922 809 1951 describit
824 1922 851 1950 in
874 1921 959 1950 verbo
980 1922 1121 1958 proposito
1136 1921 1216 1949 iuxta

368 1971 567 1999 vocabulorum
592 1969 774 2006 proprietates
797 1969 917 2006 primum
935 1971 1077 2005 parentem
1094 1969 1146 1997 sub
1162 1976 1216 1997 me-

368 2018 484 2054 taphora
506 2017 624 2045 hominis
645 2017 680 2045 ab
702 2016 850 2045 Ierusalem
873 2016 900 2044 in
924 2016 1028 2044 Iericho
1049 2015 1215 2045 descenden-

369 2065 403 2093 tis
424 2067 450 2093 et
472 2064 498 2092 in
521 2064 641 2092 latrones
664 2063 823 2097 incidentis,
846 2071 908 2091 cum
934 2063 1014 2091 dicit:
1037 2063 1129 2091 Homo
1151 2062 1216 2101 qui-

369 2111 438 2140 dam
460 2110 644 2139 descendebat
665 2110 702 2139 ab
732 2110 891 2138 Ierusalem
919 2110 951 2138 in
977 2109 1088 2138 Iericho
1109 2113 1160 2139 etc.
1188 2110 1215 2138 In

368 2167 423 2195 quo
438 2159 549 2196 quidem
563 2159 656 2192 verbo,
672 2159 694 2187 si
710 2158 854 2195 diligenter
865 2158 1042 2186 attendantur
1056 2158 1216 2186 Ierusalem

368 2209 395 2234 et
426 2204 536 2234 Iericho
568 2205 809 2242 interpretationes
836 2207 864 2233 et
891 2205 1060 2234 conditiones
1081 2208 1108 2233 et
1133 2205 1214 2234 etiam

368 2252 538 2289 exspoliatio
559 2252 629 2281 facta
651 2260 700 2289 per
722 2252 851 2286 latrones,
867 2252 945 2281 valde
960 2252 1099 2289 eleganter
1113 2252 1216 2281 descri-

369 2298 444 2327 bitur
466 2299 573 2335 primus
602 2307 701 2335 parens
729 2301 864 2336 quantum
887 2299 920 2327 ad
949 2302 1005 2327 tres
1030 2299 1215 2333 conditiones,

371 2345 494 2374 videlicet
516 2348 650 2382 quantum
672 2346 705 2374 ad
727 2346 894 2383 principium
918 2346 1037 2383 primum
1053 2354 1119 2374 suae
1134 2354 1216 2374 crea—

370 2392 465 2425 tionis,
478 2392 598 2421 medium
611 2401 676 2421 suae
684 2392 954 2429 praeuaricationis
969 2396 995 2421 et
1010 2393 1138 2421 ultimum
1150 2400 1217 2421 suae

368 2439 540 2475 punitionis.
556 2439 724 2477 Principium
746 2448 812 2468 suae
831 2440 977 2468 creationis
991 2440 1044 2468 fuit
1058 2442 1147 2469 status
1161 2440 1217 2468 ori-

372 2485 468 2522 ginalis
493 2485 677 2520 innocentiam
700 2487 820 2515 medium
843 2486 1101 2523 praevaricationis,
1124 2487 1217 2523 lapsus

371 2531 537 2560 detestabilis
559 2533 670 2569 cutpae3
686 2533 815 2562 ultimum
832 2533 995 2570 punitionis,
1011 2533 1144 2563 damnum
1159 2533 1216 2563 sive

372 2577 494 2606 defectus
515 2578 635 2614 poenalis
657 2579 790 2608 miseriae.
813 2580 882 2609 Haec
912 2580 964 2609 tria
992 2588 1021 2609 se
1042 2580 1145 2609 habent
1166 2587 1216 2617 per

372 2624 505 2652 ordinem.
522 2625 587 2653 Nam
605 2625 680 2653 Deus
701 2626 790 2662 primo
805 2627 908 2656 creavit
923 2626 1066 2655 hominem
1081 2630 1193 2655 rectum
1205 2626 1215 2643 ⁷

372 2674 507 2707 quantum
528 2672 561 2700 ad
583 2675 684 2701 statum
706 2673 889 2708 innoeentiae;
910 2674 1007 2703 deinde
1029 2675 1156 2703 voluntas
1171 2682 1215 2703 ca-

1271 1450 1339 1478 dens
1361 1458 1375 1478 a
1408 1449 1573 1479 rectitudine
1602 1450 1722 1479 iustitiae
1743 1450 1889 1487 acquisivit
1910 1451 2034 1480 defectus
2054 1460 2118 1489 poe*

1271 1497 1393 1525 nalitatis
1415 1500 1441 1526 et
1463 1497 1598 1526 miseriae.
1623 1497 1712 1526 Primo
1734 1506 1800 1534 ergo
1822 1498 1847 1526 in
1871 1498 1956 1527 verbo
1977 1499 2118 1536 proposito

1272 1543 1438 1572 describitur
1461 1544 1569 1581 primus
1591 1552 1690 1581 parens
1711 1547 1847 1581 quantum
1869 1545 1902 1574 ad
1927 1548 2029 1574 statum
2060 1546 2119 1575 ori-

1270 1590 1382 1628 yinalis
1403 1591 1599 1625 innocentiae,
1621 1599 1684 1620 cum
1706 1591 1785 1619 dicit:
1813 1591 1857 1619 Ab
1879 1592 2047 1621 Ierusalem.
2071 1593 2120 1622 Per

1274 1637 1448 1672 Ierusalem,
1471 1638 1544 1675 quod
1568 1638 1768 1675 interpretatur
1790 1638 1857 1667 visio
1878 1639 1968 1676 pacis,
1994 1639 2121 1677 intelligi-

1273 1688 1319 1713 tur
1342 1688 1430 1713 status
1452 1685 1638 1719 innocentiae,
1662 1685 1688 1713 in
1711 1693 1767 1722 quo
1797 1688 1857 1714 erat
1878 1693 1987 1715 summa
2007 1695 2121 1716 concor-

1272 1732 1316 1760 dia
1337 1734 1364 1760 et
1386 1732 1530 1761 harmonia
1552 1733 1622 1761 inter
1645 1740 1754 1761 carnem
1778 1736 1804 1761 et
1819 1733 1947 1770 spiritum
1970 1734 2051 1771 primi
2074 1743 2121 1772 pa-

1273 1780 1374 1813 rentis,
1398 1779 1459 1808 licet
1480 1779 1560 1808 modo
1583 1780 1681 1808 merito
1703 1780 1744 1809 sui
1767 1780 1869 1817 peceati
1886 1780 2068 1810 adversentur
2087 1782 2121 1811 ad

1272 1827 1398 1855 invicem.
1422 1827 1563 1860 Secundo,
1586 1830 1721 1863 quantum
1745 1827 1778 1855 ad
1808 1827 1915 1864 lapsum
1946 1827 2121 1858 detestabilis

1273 1874 1391 1910 culpae,
1421 1881 1484 1902 cum
1514 1873 1623 1902 subdit:
1649 1873 1837 1902 descendebat
1864 1874 1896 1902 in
1926 1874 2048 1904 Iericho.
2071 1875 2121 1904 Per

1274 1920 1400 1954 Iericho,
1425 1921 1498 1958 quod
1521 1920 1722 1957 interpretatur
1737 1921 1803 1950 luna
1818 1921 1875 1950 sive
1889 1921 2022 1956 defectus,
2038 1922 2121 1959 sigui-

1273 1968 1372 1996 ficatur
1395 1968 1489 2004 lapsus
1511 1968 1629 2005 peccati;
1652 1976 1714 1996 nam
1742 1976 1864 2005 peccare
1891 1969 1961 1997 idem
1984 1972 2025 1998 est
2046 1969 2121 2006 quod

1273 2015 1399 2052 delicere.
1423 2015 1528 2048 Tertio,
1551 2018 1686 2052 quantum
1708 2015 1741 2043 ad
1763 2015 1894 2044 damnum
1913 2016 2047 2053 poenalis
2068 2016 2121 2045 mi-

1272 2063 1384 2097 seriae,
1408 2071 1471 2091 cum
1494 2062 1646 2092 subinfert:
1668 2066 1693 2091 et
1714 2063 1817 2091 incidit
1832 2063 1863 2091 in
1885 2063 2021 2096 latrones,
2037 2064 2064 2092 id
2080 2067 2121 2093 est

1274 2111 1436 2143 daemones,
1452 2110 1504 2148 qui
1517 2109 1753 2147 despoliaverunt
1767 2118 1843 2143 eum,
1860 2110 2020 2139 indumento
2042 2110 2120 2139 inno-

1273 2157 1387 2186 centiae.
1412 2157 1442 2185 Et
1464 2157 1516 2185 ista
1536 2156 1633 2185 divisio
1656 2157 1774 2185 habetur
1796 2164 1832 2185 ex
1847 2156 1941 2186 Glossa
1953 2157 1973 2192 ³,
1989 2165 2060 2194 quae
2081 2157 2121 2186 di-

1273 2204 1310 2233 cit
1331 2204 1385 2233 sie:
1413 2216 1425 2228 «
1442 2204 1533 2232 Homo
1554 2203 1600 2232 ille
1622 2203 1705 2232 Adam
1727 2204 1907 2241 intelligitur,
1929 2204 1977 2241 qui
1998 2212 2014 2233 a
2035 2205 2121 2234 beati-

1274 2250 1369 2279 tudine
1384 2250 1509 2279 caelestis
1524 2250 1671 2279 Ierusalem
1688 2250 1932 2287 praevaricationis
1947 2251 2121 2288 prolapsione

1273 2297 1306 2326 ad
1328 2297 1454 2326 miserias
1476 2299 1503 2326 et
1524 2297 1647 2326 defectus
1669 2297 1754 2326 huius
1775 2297 1846 2326 vitae
1868 2298 2009 2327 mutabilis
2030 2301 2058 2327 et
2077 2306 2121 2327 er-

1274 2352 1373 2373 roneae
1394 2344 1535 2373 descendit
1548 2356 1575 2372 ».

1355 2392 1371 2420 t.
1394 2392 1485 2420 Primo
1506 2400 1572 2428 eigo
1593 2392 1620 2420 in
1644 2392 1728 2420 verbo
1754 2392 1894 2429 proposito
1927 2401 1975 2429 per
2009 2393 2121 2421 Ierusa-

1275 2439 1327 2467 lem
1343 2439 1506 2476 intelligitur
1522 2442 1610 2468 status
1625 2439 1782 2476 origyinalis
1797 2439 1993 2473 innocentiae,·
2004 2443 2031 2468 et
2042 2440 2120 2475 bene,

1274 2486 1295 2514 si
1327 2486 1505 2515 attendantur
1527 2485 1587 2514 eius
1615 2486 1784 2515 conditiones
1814 2489 1840 2515 et
1872 2486 2121 2523 interpretationes.

1273 2533 1340 2562 Nam
1363 2533 1523 2561 Ierusalem
1538 2533 1614 2561 locus
1636 2536 1695 2562 erat
1717 2533 1806 2570 primo
1827 2533 1980 2571 dignitatis
1994 2536 2021 2562 et
2037 2534 2122 2562 hono-

1274 2580 1441 2614 rificentiae,
1463 2580 1528 2617 quia
1544 2580 1644 2617 regalis
1658 2580 1874 2617 praesidentiae3
1897 2581 2032 2616 secundo,
2053 2581 2122 2610 deli-

1273 2627 1415 2656 ciositatis
1447 2630 1474 2656 et
1505 2627 1678 2662 affluentiae,
1701 2627 1766 2664 quia
1797 2628 1970 2657 emanativus
2003 2627 2073 2657 lacte
2097 2631 2122 2656 et

1273 2674 1392 2707 metle⁹;
1410 2674 1503 2708 tertio,
1518 2674 1686 2703 securitatis
1707 2674 1859 2711 perfectae,
1882 2675 1947 2711 quia
1968 2675 2122 2704 custoditus

436 2834 443 2846 ¹
462 2835 526 2858 Vers.
545 2836 570 2864 9;
589 2840 717 2865 sequuntur
734 2838 801 2861 Prov.
820 2840 845 2868 2,
864 2841 884 2862 2.
902 2842 925 2862 et
941 2846 961 2863 c.
978 2841 1005 2868 S,
1023 2841 1059 2863 34.

435 2873 444 2887 ²
461 2875 527 2897 Vers.
544 2876 565 2897 9.

437 2912 445 2925 ³
464 2914 529 2936 Vers.
546 2914 588 2941 25;
606 2918 733 2944 sequuntur
750 2917 799 2939 lsai.
817 2917 861 2944 32,
877 2918 899 2940 6.
916 2919 938 2941 8.
955 2921 977 2941 et
993 2919 1049 2947 Eph.
1068 2919 1094 2947 5,
1116 2919 1150 2942 19.

436 2951 446 2964 ⁴
463 2952 529 2975 Vers.
551 2954 588 2980 153
606 2954 709 2982 sequitur
726 2956 798 2978 Eccle.
816 2957 844 2978 r12
855 2973 861 2983 ,
880 2958 912 2979 li.

1337 2839 1346 2852 ⁵
1365 2841 1394 2863 Ex
1412 2841 1522 2863 Vaticana
1539 2843 1561 2863 et
1578 2840 1680 2863 CDEF.

1338 2878 1347 2892 ⁸
1365 2880 1430 2902 Vei-s.
1448 2880 1485 2902 30.

1337 2917 1346 2931 Β
1364 2919 1454 2942 Scilicet
1471 2919 1621 2942 interlineari
1636 2919 1699 2947 apud
1716 2920 1843 2947 Lyranum.

1337 2957 1346 2970 ⁹
1363 2959 1493 2987 Respicitur
1511 2959 1582 2982 Exod.
1601 2959 1623 2987 3,
1640 2960 1663 2981 8.

1928 2879 1937 2893 ⁷
1954 2880 2026 2903 Eccle.
2043 2880 2065 2907 7,
2084 2880 2120 2902 30.

2135 424 2179 442 Pars
2191 424 2212 443 11.

2144 470 2169 489 Lo
2184 471 2243 490 uuiaet

2133 499 2167 513 eon
2183 494 2243 514 itione„

2149 519 2234 541 quatuor.

2139 2394 2183 2413 Pars
2195 2393 2209 2421 Ι..
2225 2393 2233 2412 [

2137 2419 2186 2436 statu
2201 2422 2232 2436 mn

2155 2441 2232 2460 centias.
