2243 3348
325 193 381 221 744
1042 188 1140 217 INDEX
1162 187 1352 216 SERMONUM.

326 271 400 293 Sermo
419 270 448 292 III.
467 270 525 298 Quid
544 269 611 291 detur
629 267 677 295 tibi,
695 272 733 290 aut
751 268 806 297 quid
824 270 955 296 apponatur
973 267 1012 290 tibi
1029 267 1058 289 ad

449 316 552 344 linguam
578 315 701 337 dolosam?
730 314 829 342 Sagittae
853 314 953 342 potentis
977 318 1058 336 acutae

450 368 502 385 cum
528 361 667 383 carbonibus
686 361 841 388 desolatoriis,
867 361 948 383 Psalm.
974 360 1057 387 CXIX,

450 410 470 431 3.
492 416 531 438 seq
535 425 1016 431 .............
1049 413 1104 437 pay.
1122 407 1166 429 528

393 480 428 501 DE
445 480 483 502 SS.
501 478 624 501 PHILIPPO
643 479 678 501 ET
697 478 798 501 IACOBO
816 478 972 500 ADOSTOLIS
990 478 1008 505 (I
1030 477 1098 506 Mati).

324 550 406 572 Sexum.
424 550 459 572 Isti
476 552 530 571 sunt
547 549 593 571 duo
610 549 649 571 filii
666 549 717 575 olei,
734 548 774 577 qui
791 548 899 571 assistunt
917 548 1057 570 Dominatori

448 596 568 625 universae
586 598 666 622 terrae,
684 596 752 617 Zacli.
771 595 807 623 IV,
825 595 851 617 14
854 611 1057 617 ......
1090 603 1101 614 r>
1122 594 1166 616 530

417 641 551 664 Pi-othema.
570 642 617 669 Ego
634 647 686 663 sum
704 641 740 663 via
759 644 781 663 et
797 641 882 663 veritas
894 643 916 663 et
927 641 981 669 vita,
998 641 1057 663 loan.

449 689 507 717 XIV,
525 689 538 710 6
542 704 1056 711 ..............
1089 696 1099 708 »
1136 687 1166 710 ib.

435 758 470 780 DE
488 758 705 781 TRANSLATIONE
723 758 746 780 S.
763 757 906 780 FRANCISCI
925 758 964 786 (25
984 758 1052 787 Maii).

323 828 405 850 Senio.
422 828 508 854 Amice,
526 828 624 850 ascende
641 827 755 856 superuis,
773 828 827 850 Luc.
845 827 904 854 xlv,
921 828 954 849 ΙΟ.
972 845 977 849 .
1012 845 1016 849 .
1050 844 1055 849 .
1089 836 1100 847 n
1120 827 1165 850 534

562 897 596 919 DE
614 898 637 920 s.
654 897 778 920 ANTONIO
797 898 834 926 (13
853 898 926 926 iunii).

321 967 404 990 Sumo.
422 969 463 990 Iste
481 974 569 996 pauper
584 969 699 995 clamavit,
710 972 732 991 et
745 968 855 991 Dominus
867 968 983 990 exaudivit
995 974 1055 996 eum,

448 1015 529 1037 Psalm.
550 1015 656 1042 XXXIII,
678 1015 691 1036 7
697 1032 1056 1037 ..........
1089 1023 1100 1036 »
1121 1015 1166 1038 535

384 1085 420 1108 DE
437 1085 615 1108 NATIVITATE
633 1086 655 1107 S.
674 1085 783 1108 IOANNIS
801 1085 958 1108 BAPTISTAE
977 1085 1015 1115 (24
1034 1086 1108 1114 lunii).

321 1155 395 1178 Sannio
413 1156 427 1177 Ι.
445 1156 509 1182 Ecce,
527 1155 632 1183 elongavi
650 1156 740 1183 fugiens
757 1158 779 1178 et
796 1156 869 1178 mansi
886 1156 908 1178 in
926 1155 1056 1182 solitudine,

447 1202 527 1224 psalm.
552 1202 606 1229 LIV,
628 1202 651 1224 7.
694 1221 699 1225 .
735 1219 741 1225 .
775 1221 779 1224 .
816 1220 821 1225 .
855 1220 860 1224 .
894 1219 899 1224 .
933 1219 938 1224 .
972 1219 976 1224 .
1011 1219 1016 1224 .
1050 1219 1056 1224 .

415 1248 549 1272 Prolltema.
567 1250 614 1277 Ego
631 1255 675 1271 vox
693 1249 812 1272 clamantis
834 1249 855 1271 in
879 1249 982 1271 deserto:
1002 1249 1056 1271 DIri·

1089 1211 1100 1222 ι)
1121 1202 1165 1224 538

447 1297 492 1325 gite
510 1297 570 1319 viam
590 1297 688 1323 Domini,
707 1297 766 1319 loan.
786 1298 799 1323 l,
818 1297 845 1319 23
851 1314 1053 1319 ......
1088 1305 1097 1317 1>
1134 1296 1166 1318 ib.

417 1343 522 1366 collatio.
541 1344 605 1370 Ecce,
623 1343 729 1370 elongavi
747 1343 838 1371 fugiens
854 1346 876 1365 et
893 1343 967 1364 mansi
984 1343 1006 1365 in
1024 1349 1057 1365 so-

447 1390 543 1412 litudine
576 1406 1055 1412 .............
1090 1398 1100 1410 n
1121 1389 1161 1412 541

362 1446 371 1457 w
415 1438 438 1459 ll.
457 1438 551 1459 Ioannes
568 1440 601 1459 est
619 1443 702 1459 nomen
722 1437 779 1464 eius,
796 1437 849 1459 Luc.
868 1438 882 1465 l,
900 1437 937 1458 63.
971 1454 975 1458 .
1010 1454 1015 1459 .
1049 1453 1054 1458 .
1089 1445 1099 1456 n
1120 1436 1165 1459 543

360 1508 396 1530 DE
414 1507 528 1530 SANCTIS
546 1507 701 1530 APOSTOLIS
719 1507 810 1530 PETRO
829 1507 864 1529 ET
885 1507 975 1529 PAULO
994 1507 1032 1535 (⁶20
1051 1506 1124 1536 Iunii).

322 1579 396 1601 §ennio
414 1579 428 1600 I.
447 1578 482 1600 lsti
500 1581 551 1600 sunt
569 1578 615 1600 duo
634 1578 672 1600 filii
690 1578 744 1605 olei,
763 1578 802 1606 qui
825 1578 931 1600 assistunt
949 1578 1056 1600 Domina-

446 1625 487 1647 tori
505 1625 626 1647 universae
643 1628 724 1651 terrae,
742 1625 809 1647 Zacn.
827 1624 864 1651 IV,
880 1624 912 1646 14.
931 1642 935 1646 .
970 1637 977 1640 -
1011 1642 1016 1646 .
1049 1641 1055 1646 .
1088 1633 1099 1644 n
1120 1624 1164 1646 546

360 1680 369 1692 ω
415 1672 438 1694 ΙΙ,
456 1673 524 1699 Ecce,
542 1678 583 1694 nos
600 1671 735 1700 reliquimus
752 1672 828 1693 omnia
847 1674 868 1693 et
885 1671 956 1693 secuti
973 1677 1055 1693 sumus

447 1722 475 1746 te,
494 1720 569 1741 Mami.
588 1719 648 1746 XIX,
664 1719 702 1741 ⁴27.
735 1736 740 1740 .
775 1737 779 1740 .
814 1736 819 1740 .
853 1736 858 1740 .
892 1736 897 1741 .
932 1735 936 1740 .
971 1735 976 1740 .
1011 1735 1015 1740 .
1050 1735 1055 1740 .

360 1774 371 1785 η
415 1766 447 1788 Ill.
467 1766 519 1792 Vos,
537 1766 576 1794 qui
594 1766 665 1788 secuti
683 1765 736 1788 estis
755 1771 803 1794 me,
823 1765 844 1787 In
867 1765 1054 1793 regeneratione,

1088 1727 1099 1738 ι,
1120 1718 1164 1740 549

446 1819 498 1834 cum
517 1813 601 1835 sederit
618 1813 686 1835 Filius
703 1813 802 1835 hominis
820 1813 841 1834 in
860 1813 914 1835 sede
932 1812 1056 1834 maiestatis

446 1866 508 1886 suae,
526 1859 634 1882 sedebitis
651 1863 673 1882 et
690 1866 732 1882 vos
749 1866 818 1888 super
836 1860 903 1882 sedes
922 1860 1055 1887 duodecim,

446 1907 573 1929 iudicantes
587 1907 710 1931 duodecim
727 1906 800 1929 tribus
815 1907 888 1933 Israel,
902 1907 979 1929 Mattn.
993 1907 1054 1935 XlX,

442 2025 478 2047 DE
495 2024 605 2047 SANCTA
623 2025 710 2047 MARIA
728 2025 899 2047 MAGDALENA
919 2024 957 2052 <22
976 2024 1040 2053 Iulii).

319 2096 394 2118 St-:nno
412 2096 426 2117 l.
445 2096 510 2118 Stans
527 2098 587 2117 retro
605 2101 671 2117 secus
688 2095 760 2122 pedes
778 2094 875 2122 Domini,
886 2095 993 2122 lacrymis
1005 2100 1054 2117 coe-

444 2142 477 2170 pit
493 2141 569 2170 rigare
587 2142 658 2169 pedes
669 2141 719 2164 eius
736 2144 756 2164 et
773 2141 859 2169 capillis
872 2141 952 2169 capitis
966 2141 1001 2163 sui
1014 2144 1054 2163 ter-

444 2189 513 2217 gebat
530 2192 551 2211 ct
569 2189 715 2211 osculabatur
733 2189 803 2216 pedes
821 2189 870 2211 eius
892 2192 914 2211 et
935 2191 1053 2216 unguento

446 2235 555 2263 ungebat,
573 2236 626 2258 Luc.
645 2236 688 2262 VII,
701 2236 729 2257 38
733 2252 1053 2257 .........
1087 2244 1097 2256 n
1118 2235 1163 2258 554

414 2282 546 2305 Protltema.
565 2283 631 2305 Stans
649 2286 725 2304 autem
742 2283 804 2304 lesus
822 2282 893 2309 iussit,
905 2288 999 2304 caecum
1017 2282 1054 2304 ad-

445 2330 498 2352 duci
516 2330 544 2352 ad
562 2336 593 2357 se,
612 2330 665 2351 Luc.
684 2330 760 2354 XVIII.
780 2329 807 2351 40
811 2338 1097 2351 .........
1134 2329 1164 2351 ib.

364 2386 370 2396 2
414 2377 438 2399 ll.
456 2377 550 2399 Dimissa
569 2379 621 2399 sunt
638 2377 658 2399 ei
675 2379 769 2404 peccata
792 2377 875 2403 multa,
892 2376 1001 2405 quoniam
1023 2376 1054 2398 ‹Ii-

446 2424 497 2446 lexit
518 2424 627 2450 multum,
645 2424 698 2445 Luc.
718 2424 762 2451 Vll,
782 2423 817 2445 47.
852 2440 857 2445 .
891 2441 896 2445 .
931 2440 936 2445 .
971 2441 975 2445 .
1009 2440 1014 2445 .
1048 2441 1054 2445 .
1087 2432 1097 2442 n
1119 2423 1164 2445 559»

360 2480 369 2490 n
413 2471 446 2493 lIl.
463 2471 530 2493 Maria
549 2474 609 2497 crat,
627 2476 687 2499 quae
704 2470 767 2492 unxit
788 2470 911 2492 Dominum
935 2474 1053 2497 unguento

444 2520 466 2539 et
482 2518 572 2540 extersit
588 2517 660 2545 pedes
678 2517 726 2539 eius
743 2517 830 2544 capillis
842 2517 897 2543 suis,
909 2517 974 2539 cuius
987 2518 1054 2539 frater

444 2565 542 2586 Lazarus
559 2563 724 2591 infirmabatur,
742 2564 802 2585 ioan.
821 2563 857 2591 XI,
870 2565 892 2585 2.
928 2581 933 2585 .
967 2581 973 2585 .
1009 2581 1013 2585 .
1047 2582 1051 2586 .
1088 2572 1097 2583 n
1119 2563 1163 2585 560

560 2634 595 2655 DE
613 2634 634 2655 S.
653 2633 787 2656 DOMINICO
807 2634 828 2662 (I
847 2634 924 2661 Aug.).

320 2704 401 2727 Sermo.
420 2704 535 2731 Sapientia
553 2703 652 2726 hominis
670 2704 729 2725 lucet
747 2704 767 2725 iu
785 2704 848 2726 vultu
867 2704 923 2730 eius,
937 2708 959 2726 et
977 2705 1055 2726 Poten-

445 2750 546 2772 tissimus
557 2750 637 2772 facicm
649 2750 708 2772 illius
718 2750 878 2777 commutabit,
888 2751 959 2773 Eccle.
969 2751 1022 2778 Vlll,
1036 2751 1053 2772 1.
1087 2760 1098 2771 »
1118 2751 1163 2773 562

461 2821 496 2842 DE
515 2821 536 2842 S.
554 2820 715 2843 LAURENTIO
734 2821 873 2843 MARTYRE
892 2822 930 2848 (10
948 2822 1025 2851 Augu).

320 2891 401 2913 Seruio.
416 2891 521 2913 I‘robavit
531 2897 567 2913 me
576 2892 641 2919 quasi
652 2897 742 2918 aurum,
751 2891 815 2919 quod
827 2891 955 2919 perignem
968 2891 1054 2919 transit,

446 2937 483 2959 lon
501 2938 579 2965 XXIII,
601 2938 625 2959 10
629 2955 1054 2960 ............
1087 2946 1097 2958 >1
1119 2938 1164 2960 565

1273 266 1308 288 DE
1326 265 1348 287 S.
1366 265 1600 288 BARTHOLOMAEO
1618 264 1767 288 APOSTOLO
1788 265 1828 293 (24
1845 266 1881 288 vel
1899 267 1928 289 25
1945 265 2023 295 Aug.).

1225 335 1308 358 Seniue.
1326 334 1439 363 DiIIgebat
1463 335 1523 357 enim
1550 336 1654 358 Ionatlias
1681 335 1753 358 David
1770 336 1837 365 quasi
1859 336 1959 358 animam

1351 388 1429 409 suanm
1448 388 1500 404 uam
1518 382 1654 410 exspoliavit
1666 388 1690 404 se
1703 383 1807 405 lonathas
1819 383 1902 411 tunica,
1914 389 1960 412 qua

1350 432 1399 452 erat
1411 429 1512 456 indutus,
1524 431 1545 451 et
1557 429 1621 451 dedit
1633 435 1684 451 eam
1698 429 1778 457 David,
1791 430 1805 452 I.
1815 430 1872 458 Reg.
1883 430 1960 457 XVIII,

1952 483 2008 507 paq.
2025 477 2070 500 569

1318 523 1453 546 Prothema.
1472 523 1584 545 Laetabor
1597 529 1641 551 ego
1653 529 1724 552 super
1736 524 1828 552 eloquia
1841 526 1886 551 tua,
1903 524 1961 547 sicut

1350 476 1370 498 3.
1395 482 1444 505 seq.

1350 571 1389 599 qui
1407 570 1494 593 invenit
1511 571 1583 598 spolia
1602 571 1681 598 multa,
1699 571 1779 593 Psalm.
1792 570 1887 600 CXVIII⁷
1910 572 1958 594 162.
1991 580 2002 592 n
2039 571 2070 595 ib.

1336 641 1370 663 DE
1388 642 1410 663 S.
1431 642 1523 663 DATRE
1541 641 1654 664 NOSTRO
1676 641 1832 665 FRANCISCO
1851 642 1874 671 (4
1893 642 1960 672 Oct.).

1225 712 1299 735 SERMO
1317 712 1331 734 I.
1348 713 1470 734 Assumam
1489 714 1517 738 te,
1539 711 1679 739 Zorobabel‚
1701 712 1731 734 fili
1754 712 1871 739 salathiel,
1894 718 1961 735 serve

1349 764 1422 787 meus⁷
1439 762 1461 781 et
1479 765 1564 786 ponam
1583 761 1604 781 te
1620 759 1687 787 quasi
1703 759 1856 787 signaculum,
1874 760 1927 789 quia
1940 762 1961 782 te

1349 806 1415 834 elegi,
1433 807 1492 834 Agg.
1511 806 1533 832 II,
1552 806 1581 828 24
1584 822 1960 829 ...........
1992 816 2004 828 n
2024 807 2069 830 573

1262 860 1272 872 »
1317 853 1341 875 11.
1359 853 1424 880 Ecce,
1441 858 1523 875 servus
1546 858 1618 879 meus,
1641 853 1767 881 suscipiam
1790 859 1852 880 eum,
1875 853 1960 876 electus

1349 905 1422 926 meus,
1440 899 1579 927 complacuit
1596 899 1639 921 sibi
1658 899 1679 921 In
1693 899 1730 921 illo
1747 899 1822 922 anima
1835 905 1894 929 mea,
1906 900 1961 923 dedi

1349 947 1460 975 Spiritum
1479 952 1556 969 meum
1573 952 1644 974 super
1655 952 1717 974 eum,
1730 946 1840 968 iudIcium
1854 946 1961 975 gentibus

1349 994 1458 1022 proferet,
1476 993 1525 1016 lsai.
1542 993 1606 1020 XLII,
1628 994 1633 1015 1
1640 1010 1961 1016 .........
1993 1001 2005 1013 ³>
2025 992 2070 1015 575

1318 1041 1450 1064 Prolltema.
1469 1041 1532 1070 Quis,
1550 1043 1625 1069 putas,
1642 1043 1676 1063 est
1694 1041 1766 1063 tidelis
1778 1046 1860 1063 servus
1872 1043 1894 1063 et
1909 1046 1961 1068 pru-

1349 1088 1414 1115 dens,
1431 1094 1501 1117 quem
1519 1088 1636 1110 constituit
1648 1088 1757 1110 Dominus
1768 1093 1839 1115 super
1851 1087 1960 1109 familiam

1349 1142 1423 1162 suam,
1441 1139 1465 1158 ut
1482 1136 1521 1158 det
1539 1135 1580 1157 illis
1597 1135 1675 1157 cibum
1698 1135 1720 1157 in
1744 1135 1865 1163 tempore?
1883 1135 1959 1157 matth.

1351 1183 1434 1210 XXIV,
1448 1183 1476 1205 45
1479 1198 1958 1205 .............
1991 1190 2001 1202 ι)
2037 1182 2068 1205 ib.

1318 1230 1425 1254 collatio.
1444 1231 1512 1258 Ecce,
1530 1236 1612 1253 servus
1635 1236 1701 1252 meus
1720 1232 1755 1252 etc
1758 1246 1959 1252 ......
1992 1237 2002 1250 1>
2024 1229 2069 1251 580

1262 1286 1273 1297 n
1317 1277 1350 1300 III.
1369 1276 1461 1299 Cre-avit
1478 1277 1538 1299 Deus
1550 1277 1668 1299 hominem
1682 1276 1711 1299 ad
1723 1277 1848 1304 imaginem
1861 1279 1883 1298 et
1899 1275 1959 1298 simi·

1349 1324 1466 1347 litudinem
1485 1330 1559 1351 suam,
1577 1324 1633 1346 Gen.
1652 1324 1665 1351 1,
1684 1323 1720 1346 27.
1739 1324 1767 1345 26
1771 1340 1958 1346 ......
1990 1331 2001 1344 >>
2022 1323 2067 1345 582

1262 1380 1272 1392 2»
1317 1371 1355 1393 lV.
1373 1371 1438 1394 Tunc
1448 1371 1569 1399 apparebit
1578 1371 1671 1398 signum
1684 1371 1731 1393 Filii
1743 1371 1843 1394 hominis
1856 1371 1877 1393 in
1890 1371 1961 1398 caelo,
2066 1365 2076 1369 ”

1350 1418 1426 1440 Matili.
1452 1417 1540 1444 xxiv,
1563 1418 1592 1440 30
1595 1434 1959 1440 ..........
1992 1425 2003 1438 n
2023 1417 2069 1439 585

1317 1464 1452 1488 Promema.
1470 1465 1535 1487 Mane
1551 1465 1639 1487 semina
1652 1471 1731 1487 semen
1744 1467 1816 1492 tuum,
1829 1467 1851 1487 et
1862 1470 1960 1493 vespere

1348 1519 1377 1535 ne
1394 1516 1467 1535 cesset
1485 1519 1566 1535 manus
1583 1516 1629 1540 tua,
1647 1512 1700 1542 quia
1718 1513 1800 1540 nescis,
1812 1513 1869 1541 quid
1885 1512 1960 1540 magis

1348 1559 1441 1587 oriatur,
1458 1562 1498 1582 aut
1515 1561 1565 1588 hoc,
1582 1562 1622 1581 aut
1639 1559 1705 1586 illud;
1723 1562 1744 1582 et
1761 1559 1778 1581 si
1791 1551 1917 1588 utrumque
1934 1558 1961 1581 si-

1349 1607 1403 1635 mul,
1421 1606 1503 1628 melius
1522 1606 1572 1634 erit,
1594 1606 1666 1628 Eccle.
1684 1606 1722 1633 XI,
1740 1606 1762 1628 6.
1795 1622 1800 1628 .
1835 1623 1840 1628 .
1874 1623 1879 1628 .
1913 1623 1918 1628 .
1951 1622 1957 1628 .
1991 1614 2001 1626 ι»
2038 1604 2070 1628 ib.

1261 1661 1271 1673 n
1317 1653 1345 1675 V.
1363 1653 1445 1675 Discite
1458 1659 1469 1675 a
1483 1658 1528 1680 me,
1540 1653 1593 1681 quia
1607 1653 1668 1675 mitis
1679 1658 1731 1675 sum
1744 1655 1765 1675 et
1778 1652 1870 1675 humilis
1881 1651 1959 1679 corde,

1348 1700 1426 1722 Metui.
1444 1700 1481 1727 xi,
1499 1701 1527 1722 29
1532 1715 1959 1722 ............
1992 1707 2002 1720 ιι
2023 1698 2068 1721 590

1353 1779 1378 1801 IN
1397 1778 1486 1801 FESTO
1504 1778 1612 1800 OMNIUM
1630 1778 1802 1802 SANCTORUM
1822 1778 1840 1806 (I
1863 1779 1937 1807 Now).

1223 1849 1297 1871 Saluio
1316 1849 1329 1871 I.
1348 1849 1394 1871 Filii
1409 1849 1544 1871 Sanctorum
1557 1855 1638 1871 sumus
1650 1852 1672 1872 et
1683 1849 1755 1871 vitam
1769 1849 1828 1871 illam
1845 1852 1959 1877 exspecta-

1348 1902 1406 1923 mus,
1424 1902 1494 1924 quam
1513 1896 1574 1918 Deus
1595 1896 1691 1918 daturus
1714 1899 1748 1918 est
1771 1896 1805 1918 liis
1826 1896 1865 1925 qui
1888 1896 1958 1919 fidem

1347 1949 1412 1966 suam
1431 1949 1549 1972 nunquam
1569 1946 1656 1965 mutant
1674 1942 1704 1965 ab
1721 1949 1756 1970 eo,
1773 1942 1833 1966 Tob.
1850 1944 1874 1971 ll,
1892 1944 1929 1966 18.
1955 1960 1960 1965 .
1993 1952 2004 1964 n
2022 1942 2067 1965 598

1261 1999 1271 2010 n
1316 1991 1339 2012 ll.
1357 1991 1404 2018 Ego
1423 1991 1517 2012 Ioannes
1532 1990 1579 2012 vidi
1591 1993 1693 2013 sanctam
1706 1990 1822 2013 eii-itatem
1836 1991 1956 2013 Ierusalem

1346 2044 1439 2066 novam,
1457 2038 1637 2060 descendentem
1656 2038 1685 2060 de
1701 2038 1764 2060 caelo
1785 2044 1797 2060 a
1817 2038 1870 2067 Deo,
1894 2044 1959 2066 para-

1348 2087 1393 2106 tam
1411 2084 1469 2106 sicut
1486 2090 1595 2112 sponsam
1614 2087 1717 2107 ornatam
1743 2085 1793 2107 viro
1817 2091 1867 2112 suo,
1886 2086 1958 2113 Apoc.

1347 2132 1407 2159 XXI,
1423 2133 1435 2153 2
1438 2149 1958 2154 ..............

1315 2179 1449 2202 Prothema.
1479 2179 1593 2207 Sapientia
1622 2179 1752 2202 aedificavit
1779 2179 1823 2202 sibi
1852 2180 1958 2202 domum.

1991 2141 2002 2153 n
2022 2132 2067 2155 600

1346 2225 1472 2255 Sequitur:
1490 2226 1547 2248 Misit
1564 2226 1656 2249 ancillas
1673 2233 1735 2252 suas,
1758 2230 1782 2249 ut
1802 2229 1912 2249 vocarent.
1928 2226 1957 2249 ad

1323 2284 1326 2287 Δ
1347 2279 1423 2295 arcem
1441 2276 1462 2295 et
1480 2273 1508 2295 ad
1528 2273 1618 2296 moenia
1635 2273 1740 2302 civitatis,
1757 2274 1822 2296 I'rov.
1842 2273 1879 2300 IX,
1898 2274 1919 2296 I.
1934 2273 1956 2295 3.
1989 2282 1999 2294 u
2036 2272 2067 2295 ib.

1447 2353 1471 2374 IN
1491 2353 1534 2374 DIE
1552 2353 1699 2375 ANIMARUM
1718 2353 1750 2381 (2.
1767 2353 1843 2382 Nov.).

1222 2423 1296 2445 Sanno
1314 2423 1328 2444 I.
1347 2423 1407 2444 quta
1426 2422 1494 2445 iidem
1513 2422 1613 2445 defuncti
1631 2425 1682 2445 sunt
1700 2429 1781 2445 omnes
1798 2423 1842 2450 isti,
1860 2429 1905 2445 non
1922 2429 1956 2445 ac-

1347 2470 1419 2497 ceptis
1435 2470 1661 2498 repromissionibus,
1679 2470 1748 2493 Hebr.
1766 2470 1803 2498 XI,
1825 2470 1858 2492 13.
1872 2487 1877 2493 .
1911 2487 1917 2492 .
1950 2486 1956 2492 .
1989 2478 1999 2490 n
2021 2470 2066 2493 605

1316 2517 1339 2538 II.
1356 2516 1442 2538 Omnes
1460 2517 1572 2539 morimur
1590 2517 1651 2539 etad
1670 2517 1781 2544 gaudium
1794 2517 1903 2539 volumus
1920 2522 1957 2539 ve-

1347 2563 1403 2591 nire,
1422 2564 1485 2586 Eccli.
1505 2564 1559 2591 vill,
1578 2564 1590 2585 8
1595 2581 1956 2586 ..........
1989 2572 2000 2584 n
2021 2563 2066 2586 507

1489 2635 1523 2656 DE
1541 2634 1658 2657 SANCTIS
1676 2635 1801 2657 ANGELIS.

1343 2689 1371 2717 (IN
1390 2695 1455 2711 FESTO
1473 2689 1494 2711 S.
1514 2689 1631 2711 MICHAELIS
1648 2689 1796 2717 Ancum-om,
1815 2689 1843 2711 29
1862 2688 1943 2718 Sept.).

1222 2751 1296 2773 Sanno
1313 2751 1328 2773 I.
1346 2751 1408 2773 Vidit
1426 2750 1492 2773 iacob
1510 2751 1530 2773 iu
1549 2751 1636 2774 somnis
1657 2752 1742 2774 scalam
1766 2754 1863 2774 stantem
1887 2757 1956 2779 super

1347 2800 1429 2819 terram
1447 2800 1469 2820 et
1486 2803 1596 2820 cacumen
1614 2798 1672 2820 illius
1691 2800 1786 2826 tangens
1803 2798 1900 2825 caelum,
1915 2798 1957 2820 An-

1346 2844 1410 2871 gelos
1426 2850 1521 2873 quoque
1539 2845 1578 2867 Dei
1595 2845 1745 2867 ascendentes
1757 2847 1778 2867 et
1790 2845 1957 2868 descendentes

1347 2897 1387 2918 per
1405 2897 1456 2913 eam
1478 2894 1499 2913 et
1521 2892 1645 2914 Dominum
1669 2892 1770 2914 innixum
1795 2892 1877 2918 scalae,
1899 2892 1955 2913 Gen.

1347 2938 1446 2965 xxviii,
1469 2938 1500 2959 12.
1519 2944 1558 2966 seq
1563 2955 1955 2960 ...........
1989 2946 2000 2958 ⁷›
2021 2938 2065 2960 609
