2243 3348
358 171 409 199 128
1009 166 1181 195 SERMONES
1204 166 1245 194 DE
1268 164 1430 193 TEMPORE.

1258 243 1331 270 venit
1352 246 1402 271 etc.
1425 243 1491 270 Nam
1513 245 1649 279 quantum
1671 241 1703 270 ad
1726 245 1852 270 naturam
1874 241 1993 269 divinam
2016 239 2099 274 venit,

1256 292 1391 326 qnantum
1414 289 1447 317 ad
1470 289 1619 317 humanam
1641 293 1724 317 ortus
1745 292 1785 316 est
1805 288 1901 322 nobis,
1916 291 2052 325 quantum
2067 288 2099 316 ad

1255 339 1404 373 utramque
1425 335 1569 372 apparuit
1588 335 1678 364 nobis.

1336 382 1485 418 Descripsit
1506 382 1587 410 etiam
1610 389 1669 410 eam
1692 385 1828 418 qnantum
1849 381 1881 410 ad
1903 389 1983 410 omne
2010 389 2100 418 qcnus
2114 385 2198 412 ¹²013=2qu

1257 428 1459 461 causalitatis,
1481 427 1626 466 efficientis
1647 428 1766 462 scilicet,
1787 427 1925 465 formalis
1946 431 1972 456 et
1992 427 2099 464 finalis.
2127 409 2214 474 ἑῖἷὲξιὲῗιῗιε

353 247 429 285 foris
450 252 474 276 et
495 247 642 276 deosculer
664 250 697 280 te,
713 251 737 274 et
754 246 813 274 iam
828 254 872 273 ine
888 253 967 273 nenio
983 243 1143 281 despiciat?
1162 260 1198 263 —

208 301 236 321 De
249 301 337 320 secundo·
354 295 382 323 ln
405 294 503 323 mentis
523 293 734 325 sollieitudine,-
763 292 937 320 Canticorum
968 291 1049 319 tertio
1066 292 1091 318 ¹:
1121 290 1199 318 Inve-

353 345 459 370 nerunt
480 349 525 369 me
540 340 647 377 ciuiles,
664 339 715 376 qui
729 338 895 367 custodiunt
910 337 1068 369 deitatem,-
1085 339 1199 373 possunt

233 394 260 413 ne
274 395 335 414 terno.
354 396 413 416 esse
434 388 491 416 Filii
515 387 560 415 Dei
583 386 675 414 verba.
691 402 729 406 —
746 386 771 413 ln
794 384 897 412 mentis
915 383 1134 415 (iiiia-rit‘udine,·
1150 383 1200 410 Lu-

355 443 401 463 cae
423 433 544 462 secundo
559 434 585 460 2:
608 433 784 461 Invenerunt
809 431 891 459 illuni
922 431 951 458 in
973 429 1074 467 templo
1102 429 1199 458 seden-

216 1654 281 1678 Quoad
296 1656 341 1672 tem-

231 1678 281 1701 poris
293 1677 329 1695 cir-

210 1701 340 1720 cnmstantiam

224 1725 328 1743 incarnatio

220 1748 334 1766 describitur

222 1771 329 1795 tripliciter.

220 2485 346 2528 Ιίῗῗῆῗὲἓῗέᾱ

233 2533 345 2575 ,θῶξὲἓξῖῃ
359 2541 494 2570 ditioncin
518 2541 670 2575 uenientis,
700 2548 763 2569 cum
790 2540 870 2569 dicit:
896 2540 1036 2568 Dominus
1064 2540 1097 2568 de
1122 2540 1208 2568 Sinai

355 485 408 509 teni
431 481 460 509 in
481 480 573 508 medio
602 479 770 511 doctorum,
792 478 958 506 audientem
980 477 1043 505 illos
1064 480 1089 504 et
1109 476 1198 505 inter-

356 531 503 564 royantem
526 535 590 559 cos‚·
611 531 635 554 cl
656 525 732 554 dixit
753 525 845 553 Mater
866 524 928 552 eius
949 523 990 552 ad
1011 523 1110 552 illum:
1135 523 1199 557 Fili,

354 573 425 611 quid
445 572 540 610 fecisti
559 572 641 600 nobis
662 571 726 600 Sic?
751 572 828 604 Ecce,
849 574 935 607 paler
950 573 1019 598 tuus
1033 573 1059 598 et
1079 578 1129 607 ⁶³90
1150 569 1200 598 do-

355 620 439 648 lentes
460 619 673 657 quaerebamus
702 622 733 646 te.
765 618 886 646 Primum
916 618 1016 645 horum
1047 617 1122 653 ponit
1151 616 1200 644 ho-

356 667 455 694 minem
478 666 504 694 in
528 666 570 694 via
585 665 780 702 paupertatis,
796 664 947 693 secundum
964 664 990 692 in
1007 663 1050 691 via
1071 663 1200 691 obedien-

355 713 411 741 tiae
433 714 489 742 sive
512 712 684 746 humilitatis,
707 712 753 741 sed
775 711 888 740 tertium
911 711 937 739 in
954 711 997 739 via
1011 710 1201 747 poenitentiae

356 760 412 789 sive
434 760 602 789 austeritatis
616 759 635 787 ³.

654 854 745 881 Sanno
766 853 867 881 XXVIII
879 854 898 880 4.

438 948 578 976 Dominus
600 947 633 975 de
655 947 741 976 Sinai
762 946 837 975 venit
857 950 881 975 et
902 946 936 974 de
966 946 1029 975 Seii·
1051 950 1133 974 ortus
1162 949 1202 974 est

356 995 446 1023 nobis.
465 994 614 1031 Apparuit
635 994 669 1022 de
691 998 783 1022 monte
800 992 935 1027 Pharan,
958 997 982 1021 et
1003 1001 1069 1021 cuni
1086 1002 1116 1021 co
1132 993 1203 1022 San-

356 1046 469 1070 ctorum
490 1041 597 1075 nullia,
621 1040 825 1069 Deuteronomii
849 1040 989 1077 trigesimo
1011 1040 1092 1068 tertio
1104 1039 1123 1067 ⁵.

435 1088 568 1124 Quoniam
592 1088 683 1116 statim
712 1087 854 1124 sequitur:
879 1087 936 1123 Qui
963 1086 1203 1124 appropinquant

222 1139 343 1159 lutroductio·
355 1135 477 1173 pedibus
498 1135 560 1163 cius>¹
581 1134 722 1171 accipient
737 1135 771 1162 de
791 1134 926 1163 doctrina
947 1134 1033 1162 illius.
1051 1134 1081 1162 Et
1096 1142 1203 1171 appro-

353 1182 500 1220 pinquant
518 1181 641 1218 pedibus
662 1181 725 1209 eius
745 1184 810 1214 ete,
835 1188 883 1217 per
903 1180 989 1217 fidem
1018 1180 1140 1216 mysterii
1162 1180 1203 1208 in-

356 1228 537 1261 carnationis,
560 1236 608 1265 per
628 1227 811 1265 propositum
844 1227 914 1256 vitae
947 1227 1121 1261 imitationis,
1154 1234 1203 1263 per

354 1275 494 1313 gemitum
516 1275 629 1303 devotae
650 1274 796 1307 orationis;
821 1274 888 1307 ideo,
908 1277 939 1302 ut
956 1273 1091 1310 possimus
1106 1273 1140 1301 de
1154 1274 1203 1301 do-

356 1322 453 1350 ctrina
474 1322 537 1350 eius
558 1321 702 1358 accipere,
719 1329 768 1357 per
785 1321 850 1349 haec
873 1321 925 1349 tria
940 1320 1203 1357 appropinquantes,

356 1377 486 1406 rogemus
507 1369 532 1396 in
557 1368 690 1405 principio
713 1367 859 1395 Dominum
882 1370 932 1396 etc.

436 1416 551 1443 Sanctus
572 1415 693 1451 Moyses,
716 1414 823 1450 primus
851 1414 969 1450 scriptor
991 1417 1017 1442 et
1045 1414 1140 1442 doctor
1162 1422 1204 1442 sa-

356 1470 418 1491 crae
440 1462 608 1498 scripturae,
631 1461 657 1489 in
679 1461 808 1489 omnibns
829 1460 921 1489 verbis
943 1460 1000 1489 suis
1021 1461 1132 1489 oculum
1156 1461 1204 1489 ha-

356 1508 424 1537 hens
445 1508 478 1537 ad
500 1508 556 1536 Filii
580 1507 626 1535 Dei
649 1507 882 1540 incarnationem,
912 1507 939 1535 in
967 1507 1021 1535 fine
1053 1507 1203 1536 verborum

356 1563 472 1584 suornm
493 1558 556 1583 ante
579 1557 694 1583 mortem
719 1562 797 1582 suam
819 1554 872 1582 sub
893 1554 986 1583 verbis
1008 1554 1204 1590 metaphoricis

356 1601 546 1639 propriissime
567 1609 626 1629 eam
648 1600 794 1637 descripsit
809 1603 944 1637 quantum
960 1600 993 1629 ad
1008 1608 1117 1629 omnem
1136 1605 1204 1629 lein-

354 1649 437 1686 porz's
452 1648 718 1682 circumstantiam,
730 1648 839 1676 dicens:
855 1648 996 1676 Dominus
1011 1648 1044 1676 de
1059 1648 1146 1676 Sinai
1159 1657 1205 1676 ve-

357 1696 400 1724 nit
421 1699 471 1724 etc.
494 1695 560 1723 Nam
582 1694 727 1732 descripsit
748 1703 823 1729 eam,
846 1695 871 1723 in
895 1697 1030 1732 quantum
1052 1698 1093 1724 est
1115 1695 1205 1732 primo

357 1743 427 1780 Leye
445 1741 670 1779 praefigurata,
693 1749 756 1769 cum
778 1741 858 1769 dicit:
888 1741 1029 1769 Dominus
1057 1741 1090 1769 de
1120 1741 1206 1770 Sinai

357 1789 439 1817 uenit.
463 1788 550 1817 Sinai
569 1788 641 1817 enim
664 1788 700 1816 ibi
723 1788 922 1825 interpretatur
945 1788 1120 1822 mandatum3
1143 1796 1204 1817 con-

356 1836 491 1873 significat
512 1836 584 1864 enin]
607 1836 704 1872 Legem
726 1835 816 1869 illam,
839 1843 910 1872 quae
925 1835 987 1864 data
1001 1835 1054 1864 fnit
1069 1835 1096 1863 in
1111 1838 1203 1864 monte

356 1884 415 1917 illo,
438 1886 464 1912 et
486 1886 595 1919 tempus
617 1882 702 1919 Legis.
719 1898 755 1902 —
771 1882 896 1910 Secundo
914 1882 1058 1918 descripsit
1080 1890 1154 1915 eam,
1176 1882 1202 1910 in

357 1933 491 1967 quantum
515 1932 556 1958 est
577 1933 702 1966 tempore
727 1928 944 1965 Prophetarum
971 1929 1204 1966 praenuntiata,

357 1985 420 2006 cum
443 1976 550 2005 subdit:
573 1979 599 2004 et
619 1976 652 2004 de
674 1976 738 2004 Seii·
759 1979 841 2003 ortus
863 1979 902 2003 est
923 1975 1013 2004 nobis.
1044 1976 1108 2004 Seii·
1129 1976 1201 2004 enini

358 2025 557 2061 interpretatur
580 2023 684 2060 pilosus
706 2023 748 2051 vel
770 2030 851 2060 caper
873 2026 900 2051 et
921 2022 1056 2059 significat
1085 2023 1205 2059 Prophe-

357 2075 407 2104 tas,
429 2079 550 2107 quorum
573 2070 694 2099 eximius
716 2070 786 2098 Elias
806 2069 871 2103 fuit,
893 2070 940 2097 vir
959 2069 1071 2106 pilosus
1086 2074 1112 2098 et
1125 2078 1205 2098 :sona

354 2118 474 2155 pellicea
495 2118 645 2146 accinctus
667 2116 826 2149 renibus&-
847 2117 897 2145 iste
919 2117 991 2145 enim
1013 2120 1072 2145 erat
1094 2117 1205 2145 habitus

358 2165 535 2202 prophetalis
551 2182 589 2185 —
604 2164 696 2193 Tertio
717 2164 862 2200 descripsit
881 2172 955 2198 eam,
971 2164 997 2192 in
1014 2167 1149 2201 quantum
1165 2167 1206 2193 est

358 2216 482 2248 tempore
503 2212 573 2249 legis·
592 2212 709 2249 gyratiae
730 2210 858 2239 erliibita
879 2214 906 2239 et
920 2210 1126 2248 manifestata,
1142 2219 1204 2239 cum

357 2259 446 2287 addit:
463 2259 614 2296 Apparuit
634 2259 668 2286 de
690 2254 783 2286 monte
799 2257 938 2291 Pharan,
960 2261 985 2286 et
1003 2267 1070 2286 cum
1085 2267 1115 2286 eo
1132 2258 1205 2287 San—

358 2310 471 2334 ctorum
492 2305 594 2334 millia.
621 2304 744 2334 Pharan
766 2305 837 2333 enim
862 2305 1061 2341 interpretatur
1080 2304 1206 2342 frugifer,

358 2353 423 2390 quia
454 2353 588 2390 quidquid
620 2352 792 2389 temporibus
825 2352 969 2381 retroactis
1000 2352 1134 2381 floruerat
1163 2352 1205 2380 vel

358 2400 531 2433 fronduerat,
554 2402 643 2428 totum
666 2402 789 2435 tempore
811 2399 877 2436 legis
898 2399 1002 2436 gratiae
1016 2402 1108 2427 ortum
1124 2401 1165 2427 est
1180 2401 1207 2427 et

358 2447 524 2476 exhibitum.

437 2494 587 2530 Descripsit
609 2494 690 2522 etiam
713 2501 772 2522 eam
795 2496 930 2530 [mantum
952 2493 985 2521 ad
1008 2501 1115 2521 omnem
1140 2501 1205 2521 con—

1257 475 1322 503 Nam
1346 483 1408 503 cum
1430 475 1547 503 dicitnr:
1570 475 1603 503 de
1625 474 1711 503 Sinai
1730 475 1822 508 venit,
1843 474 1964 511 tangitur
1978 474 2101 512 efficiens

1256 522 1446 559 principium.
1474 521 1560 550 Sinai
1580 522 1652 550 enim
1674 522 1874 558 interpretatur
1896 521 2054 549 mandatum
2076 524 2102 549 et

1257 569 1391 606 significat
1406 569 1552 597 Dominum
1570 569 1702 601 Patrem,
1718 568 1743 596 id
1758 571 1799 596 est
1814 568 1916 601 Deum,
1932 568 2013 596 cuius
2026 575 2103 596 man-

1257 616 1320 644 dato
1348 616 1430 644 Filius
1459 615 1540 644 venit.
1566 615 1633 643 Cum
1657 622 1722 643 vero
1742 614 1859 643 dicitur:
1881 615 1915 643 de
1937 614 2001 643 Seii·
2021 618 2103 643 ortus

1257 666 1298 691 est
1318 662 1416 696 nobis,
1441 663 1561 699 tangitur
1583 661 1682 699 fornia
1711 662 1853 690 adventus.
1884 661 1948 690 Seii·
1969 661 2040 690 enim
2064 661 2103 689 in-

1260 712 1429 746 terpretatur
1452 709 1570 746 pilosus‚
1594 709 1635 737 vel
1658 717 1748 746 caper.
1772 709 1830 745 lpse
1860 708 1932 737 enim
1965 708 2039 737 venit
2069 708 2102 736 ad

1259 764 1308 785 nos
1329 759 1360 785 ut
1378 756 1492 793 pilosus
1515 764 1562 793 per
1584 756 1774 784 austeritatem
1804 755 1890 789 vitae,
1912 758 1939 784 et
1963 758 1994 783 ut
2016 763 2103 791 caper

1260 810 1308 839 per
1330 803 1513 831 humilitatem
1536 806 1562 831 et
1584 805 1790 839 paupertatem,
1812 802 1877 839 quia
1902 801 2026 830 abiectus
2053 800 2105 829 fuit

1259 849 1286 877 in
1319 849 1422 878 mundo
1453 849 1513 878 isto.
1546 849 1614 878 Cum
1647 857 1712 878 vero
1743 848 1868 877 additur:
1902 848 2052 886 Apparuit
2071 848 2104 876 de

1260 899 1352 924 monte
1375 895 1516 930 Pharan,
1550 896 1670 933 tangitur
1692 895 1792 932 finalis
1824 895 1944 923 utilitas.
1980 894 2121 923 Pliaran'

1260 943 1331 971 enim
1354 942 1554 979 interpretatur
1576 943 1691 980 frugifer
1713 946 1739 971 et
1761 942 1895 979 significat
1921 942 1994 970 illam
2015 941 2104 978 pleni-

1261 991 1390 1019 tudinem
1411 990 1529 1027 gratiae,
1551 990 1585 1019 de
1606 998 1662 1027 qna
1682 998 1779 1018 omnes
1810 989 1976 1027 accepimus
1988 989 2008 1023 ⁷,
2041 989 2106 1026 quia

1260 1041 1383 1074 tempore
1411 1037 1515 1074 gratiae
1543 1039 1610 1066 tunc
1637 1037 1823 1065 stillaverunt
1849 1040 1959 1065 monte-5
1980 1035 2106 1065 dulcedi-

1260 1092 1342 1117 nem,
1364 1087 1390 1112 et
1417 1084 1569 1113 «melliflui
1591 1092 1640 1120 per
1664 1087 1751 1112 totum
1784 1083 1917 1112 mundum
1951 1083 2012 1111 facti
2042 1086 2107 1111 sunt

1260 1131 1326 1159 caeli
1339 1131 1350 1147 Β
1366 1143 1392 1159 ».

1340 1179 1357 1207 l.
1374 1179 1514 1215 Quantum
1530 1179 1563 1207 ad
1579 1179 1698 1215 primum
1714 1182 1787 1212 nota,
1801 1178 1873 1215 quod
1889 1177 1965 1206 venit
1979 1177 2106 1205 Christus

1261 1228 1291 1253 ut
1313 1234 1365 1253 rem
1386 1225 1550 1254 venerabilis
1572 1228 1685 1261 propter
1707 1225 1897 1254 auctoritatem
1913 1224 2065 1261 potentiae;
2080 1226 2107 1252 et

1261 1272 1321 1301 ideo
1343 1272 1426 1308 recipi
1448 1272 1529 1300 debet
1549 1280 1612 1300 cum
1634 1280 1742 1300 summa
1763 1271 1933 1305 reverentia3
1960 1270 2107 1299 Zachariae

1261 1319 1371 1347 nono⁹t
1396 1319 1474 1352 Ecce,
1496 1327 1548 1346 rex
1571 1322 1639 1346 tuus
1660 1318 1752 1346 veniet
1773 1318 1833 1351 tibi,
1854 1318 1950 1346 insciis
1965 1321 1990 1346 et
2005 1317 2107 1346 Salva—

1262 1371 1315 1394 tor.
1338 1382 1375 1385 —
1396 1366 1429 1394 Ut
1450 1374 1575 1402 sponsus
1596 1365 1784 1394 desiderabilis
1812 1368 1925 1402 propter
1957 1364 2108 1401 benignita-

1263 1415 1315 1441 tem
1337 1412 1512 1445 clementiam
1535 1415 1561 1441 et
1582 1412 1642 1441 ideo
1663 1412 1747 1449 recipi
1762 1412 1843 1441 debet
1858 1420 1920 1441 cum
1936 1411 2038 1448 ingenti
2055 1411 2108 1440 lae—

1262 1459 1335 1493 titia;
1358 1459 1484 1488 Matthaei
1508 1459 1639 1496 vigesimo
1660 1459 1772 1496 quinto:
1789 1460 1867 1492 Ecce,
1882 1467 2008 1495 sponsus
2022 1458 2107 1492 venit,

1262 1506 1334 1535 exite
1355 1506 1470 1534 obviarn
1491 1507 1524 1534 ei.
1548 1507 1575 1534 ln
1597 1509 1793 1544 argumentum
1816 1506 1897 1542 primi
1919 1505 1946 1534 in
1975 1505 2059 1539 hora,
2080 1505 2107 1533 in

1262 1562 1317 1591 qua
1338 1556 1420 1582 natus
1441 1556 1495 1587 est,
1517 1553 1733 1590 genuflexerunt
1754 1553 1837 1581 boves
1858 1555 1885 1581 et
1907 1553 2000 1581 asinus
2015 1560 2106 1581 coram

1262 1609 1293 1629 eo
1306 1601 1337 1629 ¹⁰.
1361 1601 1387 1629 In
1410 1604 1605 1638 argumentum
1621 1600 1733 1629 secundi
1746 1603 1880 1637 pastores
1894 1598 2108 1637 festinaverunt

1262 1647 1353 1676 statim
1375 1647 1468 1676 videre
1489 1647 1515 1676 in
1538 1655 1620 1676 carne
1641 1647 1772 1676 Verbum.

1341 1694 1369 1722 Il.
1392 1694 1531 1731 Quantum
1554 1694 1587 1722 ad
1609 1694 1760 1723 secundum
1783 1697 1862 1728 nota,
1878 1693 1952 1731 quod
1967 1696 2049 1722 ortus
2069 1697 2110 1721 est
2123 1695 2189 1738 3081]ξέ
2191 1700 2235 1738 3331

2123 1742 2147 1761 tis
2160 1742 2202 1761 dno.

1262 1741 1359 1775 nobie,
1382 1749 1434 1769 non
1468 1741 1518 1769 sihi
1547 1741 1618 1769 sicut
1639 1741 1682 1769 alii
1706 1741 1846 1775 homines,
1868 1740 2020 1769 secundnm
2043 1739 2109 1768 illud

1262 1788 1345 1817 Isaiae
1366 1788 1489 1816 nono¹¹:
1515 1788 1665 1816 Paruulus
1686 1791 1775 1816 natus
1796 1791 1835 1816 est
1857 1787 1956 1821 nobis,
1971 1790 1996 1816 et
2016 1786 2110 1815 Filius

1262 1835 1351 1863 (latus
1372 1838 1413 1863 est
1432 1835 1522 1863 nobis.
1547 1835 1636 1863 Ortus
1657 1839 1698 1864 est
1718 1838 1810 1864 autem
1839 1834 1922 1863 nobis
1949 1834 2032 1863 Filius
2061 1833 2107 1863 Dei

1262 1886 1294 1911 ut
1317 1882 1398 1911 viror
1420 1882 1532 1911 virtutis
1553 1882 1586 1910 ad
1608 1882 1796 1910 roborandum
1821 1885 1943 1910 nostram
1973 1881 2108 1918 impoten-
2153 1890 2159 1894 ·

1237 1928 1240 1931 ’
1263 1930 1342 1963 tiam;
1366 1929 1448 1958 Isaiae
1470 1929 1610 1966 trigesimo
1641 1929 1756 1966 quinto:
1791 1928 1954 1957 Encsultabit
1985 1927 2109 1957 solitudo

1262 1980 1286 2005 et
1306 1976 1417 2013 florebit
1439 1976 1526 2014 quasi
1547 1976 1653 2010 lilium,
1675 1976 1746 2014 quia
1768 1976 1851 2004 viror
1865 1975 1975 2004 calami
1988 1979 2014 2004 et
2028 1975 2111 2004 iunci

1262 2024 1382 2052 orietur.
1406 2040 1441 2043 —
1463 2023 1497 2052 Ut
1517 2023 1653 2060 splendor
1674 2023 1797 2052 veritatis
1818 2023 1850 2051 ad
1873 2022 2046 2060 dirigendum
2062 2030 2110 2051 no-

1263 2074 1347 2099 stram
1370 2070 1567 2107 ignorantiam:
1584 2070 1696 2099 secundi
1714 2070 1818 2107 Regum
1834 2070 1964 2107 vigesimo
1980 2069 2060 2098 tertio
2073 2070 2108 2098 12;

1264 2117 1345 2146 Sicut
1366 2117 1417 2145 lux
1438 2125 1579 2150 aurorae,
1601 2117 1709 2145 oriente
1722 2117 1789 2149 sole,
1804 2125 1890 2145 manc
1905 2116 2012 2154 absque
2026 2116 2110 2145 nubi-

1264 2164 1317 2192 bus
1338 2164 1443 2192 rutilat
1463 2167 1514 2192 etc.
1541 2181 1574 2184 —
1593 2164 1644 2192 Sed
1659 2167 1794 2201 quantum
1811 2164 1844 2192 ad
1859 2163 2041 2202 efficientiam
2056 2171 2108 2192 non

1263 2214 1304 2240 est
1318 2214 1397 2239 ortus
1418 2214 1449 2239 ut
1471 2211 1553 2239 viror
1570 2211 1679 2240 virtutis
1695 2211 1744 2239 nisi
1761 2211 1887 2240 virilibus
1902 2214 1929 2239 et
1944 2211 2033 2239 virilia
2047 2218 2110 2247 pro-

1264 2258 1437 2294 ponentibus,
1460 2266 1509 2286 nec
1532 2261 1562 2286 ut
1583 2258 1718 2295 splendor
1740 2258 1863 2287 veritatis
1884 2257 1935 2286 nisi
1958 2257 2110 2286 humilibus

1264 2308 1290 2333 et
1312 2305 1496 2341 pauperibus,
1519 2308 1545 2333 et
1567 2305 1720 2334 secundum
1746 2305 1813 2333 illud
1842 2305 1954 2334 Psalmi:
1977 2304 2112 2333 Plantati

1264 2352 1295 2380 in
1316 2352 1400 2380 domo
1418 2352 1546 2386 Domini,
1569 2352 1600 2380 in
1621 2352 1709 2381 atriis
1731 2352 1835 2380 (Ionias
1851 2352 1903 2380 Dei
1919 2351 2014 2380 nostri
2026 2351 2110 2388 flore-

1265 2398 1342 2427 bunt.
1360 2398 1464 2427 Adliuc
1483 2398 1759 2435 multiplicabuntur
1779 2399 1810 2427 in
1830 2402 1941 2427 senecta
1963 2398 2047 2427 uberi
2053 2409 2063 2431 ;
2084 2401 2109 2427 et

1264 2446 1415 2474 secundum
1438 2446 1505 2474 illud
1528 2446 1625 2474 Esther
1647 2446 1806 2475 undecimo:
1830 2446 1894 2474 Luae
1916 2449 1941 2474 et
1960 2445 2004 2473 sol
2027 2448 2109 2473 ortus

1263 2496 1316 2526 est,
1339 2497 1362 2520 et
1385 2492 1506 2521 humiles
1521 2493 1643 2521 exaltati
1656 2496 1724 2521 Sum
1738 2496 1788 2521 etc.
1806 2493 1919 2529 Propter
1934 2500 2005 2529 quae
2019 2492 2110 2520 omnia

1264 2540 1410 2568 Malachiae
1425 2542 1525 2576 quarto
1538 2540 1560 2556 ¹³
1575 2540 1691 2568 dicitur:
1710 2540 1827 2568 Orietur
1845 2539 1925 2568 vobis
1946 2538 2111 2568 timentibus

422 2687 427 2701 ¹
449 2688 512 2709 Vers.
531 2687 552 2708 3.
571 2688 626 2709 lnt'ra
645 2693 670 2709 ex
688 2686 756 2709 codd.
774 2686 906 2708 Tndertinis
923 2687 1082 2709 adiunximus:
1102 2687 1207 2716 possunt

358 2732 406 2749 esse
425 2725 480 2749 Filii
498 2726 538 2749 Dei
555 2725 632 2749 rerba.

420 2763 429 2776 ²
448 2766 512 2787 Yers.
531 2765 567 2791 46,
586 2764 622 2786 ts.

421 2803 429 2816 ³
448 2805 477 2826 lta
495 2804 563 2826 codd.
581 2804 711 2831 Tudertini;
731 2804 745 2825 S
763 2803 884 2826 castitatis.

420 2844 429 2855 ⁴
447 2843 549 2865 Habetur
566 2844 588 2865 in
606 2843 657 2865 cod.
676 2843 795 2865 parisiensi
814 2843 829 2864 B
848 2843 883 2865 sol.
902 2843 914 2864 9
932 2849 954 2864 V.
973 2845 994 2865 et
1016 2843 1084 2864 etiam
1109 2843 1129 2864 in
1154 2842 1205 2864 cod.

358 2883 444 2905 Monac.
462 2883 513 2904 cod.
533 2883 570 2904 lat.
588 2882 661 2909 8739,
680 2882 702 2903 in
720 2888 767 2910 quo
785 2881 892 2903 tribuitur
912 2881 1092 2903 Uonaventurae.

422 2921 430 2933 5
448 2922 514 2943 Vers.
531 2922 557 2948 ‘23
576 2921 679 2949 sequitur
696 2927 718 2942 v.
737 2921 758 2943 3.

421 2960 430 2973 θ
448 2961 483 2982 lV.
501 2961 558 2988 fleg.
580 2961 600 2987 l,
619 2961 639 2981 8.

1325 2684 1333 2697 ⁷
1353 2686 1480 2714 Respicitnr
1499 2687 1557 2708 ioan.
1580 2687 1598 2713 l,
1620 2686 1658 2710 lss:
1675 2686 1779 2714 seqnitur
1796 2686 1867 2708 Amos
1884 2686 1908 2712 9,
1931 2686 1964 2707 13.

1326 2724 1334 2736 Β
1351 2724 1395 2747 Csr.
1415 2725 1515 2747 Breviar.
1534 2725 1643 2752 Roman,
1661 2725 1800 2751 Responsor.
1818 2725 1840 2745 2.
1856 2724 1886 2746 ad
1903 2724 1980 2745 Matut.
1998 2723 2020 2745 in
2033 2723 2106 2745 Nativ.

1263 2764 1328 2786 Doni.
1345 2776 1375 2780 —
1393 2764 1497 2792 Sequens
1515 2763 1599 2786 divisio
1617 2765 1714 2785 refertur
1737 2765 1825 2785 tantum
1847 2762 1877 2784 ad
1899 2762 2011 2790 triplicem
2031 2761 2109 2784 condi-

1263 2803 1346 2825 tionem
1364 2802 1485 2826 venientis.
1658 2801 1667 2814 ⁹
1686 2803 1751 2824 Vers.
1768 2802 1794 2830 9;
1813 2802 1916 2830 sequitur
1934 2802 2010 2823 Matth.
2028 2801 2069 2829 25,
2088 2801 2108 2823 6,

1326 2841 1344 2855 ¹⁰
1362 2841 1406 2863 Csr.
1418 2848 1488 2869 supra
1503 2848 1557 2869 pag.
1575 2842 1623 2870 123,
1637 2844 1688 2863 nota
1704 2841 1710 2862 ’1
1723 2848 1728 2866 ;
1741 2841 1825 2863 deinde
1836 2840 1957 2868 respicitur
1973 2841 2026 2862 Luc.
2040 2841 2061 2867 2,
2078 2839 2110 2861 16.

1325 2880 1343 2892 ¹¹
1363 2880 1428 2902 Vers.
1447 2881 1472 2908 G;
1490 2884 1512 2903 et
1527 2881 1580 2903 dein
1597 2886 1616 2903 c.
1634 2880 1675 2907 35,
1697 2881 1714 2902 1.
1732 2880 1754 2902 7.

1327 2918 1345 2931 ¹²
1364 2919 1428 2941 Vers.
1447 2919 1472 2946 45
1490 2922 1618 2948 sequuntur
1636 2919 1670 2941 ΡΞ.
1687 2919 1725 2946 91,
1748 2918 1780 2940 lli.
1797 2925 1846 2947 seq.
1864 2921 1885 2940 et
1902 2919 1963 2940 Esth.
1981 2918 1988 2939 l
2000 2918 2018 2944 l,
2039 2917 2071 2939 ll.

1326 2956 1345 2970 ¹⁸
1363 2958 1428 2980 Vers.
1446 2959 1466 2980 2.

2122 1180 2149 1199 De
2162 1180 2179 1198 1.
2188 1184 2227 1199 cot*

2120 1203 2218 1222 tinnoveni
2235 1211 2238 1222 v

2120 1227 2144 1245 tis
2156 1227 2199 1245 duo.
2234 1236 2235 1242 κ
