2243 3348
51 696 125 717 Divisio.

7 993 8 1002 ¹
54 978 98 998 Pars
109 977 123 996 1.

22 1027 82 1051 Figura
93 1030 125 1044 nu-

14 1048 125 1094 3t1.¹'¹³‘¹'“'

46 1726 90 1745 Pars
101 1726 124 1745 ll.

6 1773 125 1816 11111111·

625 134 783 163 DoillNlCA
806 135 823 163 1,
846 135 1029 164 ADVENTUS.

457 213 548 241 Si-:RMO
569 212 648 240 XVlll
658 213 675 239 ¹.

175 318 177 320 .
213 295 287 325 Item,
302 303 381 321 sermo
395 295 483 320 fratris
495 295 686 320 Bonaventurae
700 294 781 319 editus
794 295 819 319 in
833 296 919 319 sancto
933 295 991 320 Dio-

142 339 212 371 nysio
231 339 260 363 de
280 338 383 363 Parisiis
402 338 483 369 prima
503 337 631 362 Dominica
650 337 678 361 de
692 336 823 366 Adventu,
841 344 924 362 coram
939 337 991 362 toto

142 381 294 407 Monasterio
312 382 338 406 in
358 380 473 411 Capitulo
487 380 672 406 monachorum.

227 454 368 483 Videbunt
391 454 503 482 Filium
528 453 654 482 bominis
678 454 833 482 venientem
859 453 891 482 in
916 454 991 482 nube

143 510 210 531 cum
230 505 367 538 potestate
388 509 499 538 mayna
520 505 544 529 et
565 501 729 535 maiestate,
752 501 839 529 Lucae
859 501 991 538 vigesimo

143 548 232 586 primo
248 548 267 576 ².

222 595 247 623 ln
272 595 323 624 liac
344 595 509 623 auctoritate
529 594 697 623 describitur
713 597 767 623 tam
782 594 918 623 adventus
932 594 989 622 Filii

142 643 190 671 Dei
212 642 238 670 in
260 645 373 671 uterum
396 642 556 679 virginalem
583 650 665 679 quam
697 642 833 670 adventus
857 641 891 670 ad
920 641 990 670 iudi-

142 690 215 719 cium
236 689 364 726 generale
386 688 563 723 triformiter,
590 689 693 717 scilicet
724 692 754 717 ut
782 688 991 717 universaliter

142 735 369 773 contemplabilis
390 735 416 764 in
440 736 505 770 hoc,
528 735 602 772 quod
623 735 725 764 dicitur
746 735 781 763 ab
802 735 931 764 omnibus
950 735 990 764 vi-

142 791 226 812 surus
240 782 267 816 3;
291 785 322 811 ut
346 782 554 820 mysterialiter
579 781 768 819 intelligibilis
784 782 810 810 in
833 782 900 816 hoc,
916 782 990 819 quod

141 829 243 858 dicitur
264 829 295 858 in
318 829 391 857 nube
412 832 564 863 venturus;
586 833 618 857 ut
639 829 841 857 venerabiliter
856 829 990 857 admira-

142 876 207 905 bilis
228 876 255 904 in
277 876 339 910 hoc,
361 876 434 913 quod
456 876 558 905 dicitur
580 876 606 904 111
629 876 780 904 maiestate
800 876 989 913 appariturus.

220 923 237 951 1.
250 923 349 952 Notare
361 923 453 960 itaque
468 931 626 960 possumus,
639 923 713 960 quod
728 927 864 960 quantum
880 923 913 951 ad
926 923 990 960 pri-

141 978 222 999 mum
243 969 414 1003 adventum,
437 970 483 1007 qui
507 970 558 998 tuit
580 970 605 998 in
622 974 734 999 uterum
751 970 929 1007 virginalem,
945 978 991 999 ve—

141 1017 181 1045 nit
202 1017 285 1045 Filius
306 1017 354 1045 Dei
377 1017 403 1045 in
425 1017 500 1045 nube
521 1017 653 1054 paruula
680 1020 793 1054 propter
822 1017 989 1054 profundum

142 1072 208 1093 suae
229 1063 405 1098 humilitatis3
428 1064 500 1093 tertii
525 1064 627 1101 Regum
644 1064 750 1093 decimo
769 1068 865 1093 octavo
880 1066 906 1092 ⁴¹:
929 1064 990 1093 Nu-

142 1109 241 1139 becula
259 1118 360 1147 parva
381 1110 470 1148 quasi
490 1110 644 1148 vestiyiam
665 1110 792 1139 hominis
819 1111 991 1140 ascendebat

141 1157 175 1186 de
195 1157 284 1186 mari.
307 1175 344 1177 —
371 1158 398 1186 ln
420 1157 495 1186 nube
516 1158 646 1187 eandida
673 1161 787 1195 propter
815 1159 990 1195 privilegium

140 1204 285 1241 puritatis;
308 1205 483 1242 Apocalypsis
497 1205 603 1234 decimo
617 1209 718 1242 quarto
732 1205 758 1233 ⁵:
781 1205 861 1239 Vidi,
877 1209 903 1234 et
916 1214 990 1239 ecce,

140 1250 245 1279 nubem
266 1251 427 1280 candidam
448 1255 472 1280 et
489 1260 578 1289 super
592 1251 697 1280 nubem
711 1252 853 1280 sedentem
866 1253 991 1281 similem

141 1298 216 1326 Filio
238 1297 372 1327 bominis.
395 1316 432 1319 -—
455 1299 481 1327 ln
504 1299 579 1327 nube
597 1299 782 1336 perlustrata
797 1302 911 1336 propter
934 1307 990 1328 ina-

140 1345 285 1382 gisterium
306 1354 373 1375 suae
396 1346 533 1379 veritatis;
556 1346 731 1383 Apocalypsis
752 1346 858 1375 decimo
873 1347 900 1375 ⁶:
928 1347 992 1375 Vidi

140 1391 233 1420 alium
257 1392 399 1430 Anyelunz
421 1392 526 1430 fortem
542 1393 754 1421 descendentem
768 1393 802 1421 de
823 1393 900 1421 caelo
916 1393 990 1421 ami-

141 1441 218 1467 ctum
241 1439 325 1473 nube,
347 1443 373 1467 et
393 1439 449 1467 iris
470 1439 501 1468 in
523 1440 616 1477 capite
637 1440 708 1468 eius.
731 1457 768 1460 —
791 1440 817 1467 ln
840 1440 915 1468 nube
936 1440 990 1468 im-

141 1484 256 1522 brifera
277 1489 391 1522 propter
412 1486 541 1514 affectum
563 1486 623 1515 eius
655 1486 777 1523 pietatis;
809 1487 989 1515 Ecclesiastici

140 1532 281 1569 trigesimo
303 1532 442 1569 quinto⁷t
476 1533 612 1570 Speciosa
643 1533 850 1562 misericordia
879 1534 932 1562 Dei
959 1534 991 1562 in

141 1583 266 1616 tempore
291 1579 491 1608 tribulationis
513 1580 601 1618 quasi
621 1580 710 1608 nubes
728 1580 849 1617 planiae
870 1581 901 1609 in
926 1584 991 1609 tem-

138 1635 209 1663 pore
229 1626 379 1655 siccitatis.

170 1687 173 1688 ⁷
219 1673 247 1701 11.
260 1673 401 1702 Venturus
416 1677 458 1702 est
471 1676 565 1702 autem
581 1674 607 1702 in
622 1673 679 1710 sine
695 1678 856 1711 temporum
871 1674 904 1703 ad
920 1675 991 1703 iudi-

140 1720 213 1749 cium
235 1720 363 1756 generale
384 1720 412 1748 in
433 1720 508 1748 nube
525 1720 679 1757 praecelsa
693 1724 830 1758 quantum
849 1721 882 1749 ad
904 1721 990 1749 subli-

140 1766 263 1795 mitatem
295 1767 442 1803 potentiae,
474 1775 557 1804 quam
589 1767 684 1796 nullus
716 1768 817 1804 poterit
852 1768 989 1805 effugere3

141 1813 268 1842 Matthaei
285 1814 416 1850 vigesimo
437 1816 517 1843 sexto
532 1814 559 1842 8;
582 1814 716 1843 Videbitis
737 1814 848 1843 Filium
864 1813 991 1843 hominis

139 1860 280 1889 sedentem
301 1869 321 1888 a
342 1861 453 1889 dextris
476 1861 595 1890 virtutis
615 1862 665 1890 Dei
678 1865 704 1890 et
717 1862 874 1890 venientem
890 1862 921 1890 in
935 1871 990 1890 1111-

141 1906 224 1935 bibus
238 1907 319 1935 caeli.
337 1924 373 1928 --
389 1908 416 1936 In
438 1908 513 1936 nube
528 1908 614 1945 iynea
629 1911 764 1945 quantuni
781 1909 815 1937 ad
837 1909 990 1937 claritatem

139 1956 166 1982 et
187 1954 390 1983 virtuositatem
411 1955 569 1991 sapientiae,
601 1963 684 1992 quam
707 1956 802 1984 nullus
823 1956 924 1992 poterit
952 1956 990 1984 la—

139 2003 213 2034 tere3
237 2001 386 2030 Ezechielis
407 2002 498 2038 primo
513 2002 540 2030 ⁹:
559 2002 633 2036 Victi,
648 2006 672 2031 et
687 2011 757 2037 eece,
773 2003 863 2031 nubes
877 2012 990 2041 mayna

141 2052 165 2076 et
186 2048 263 2085 ignis
284 2049 431 2077 involvens
452 2052 478 2077 et
498 2049 635 2086 splendor
665 2050 698 2078 in
718 2050 846 2078 circuitu
874 2050 937 2078 eius
966 2054 991 2078 et

141 2096 175 2124 de
194 2095 288 2124 medio
309 2096 372 2124 eius
392 2096 482 2134 quasi
500 2097 607 2133 species
629 2096 733 2131 electri,
750 2097 781 2125 id
795 2100 834 2125 est
849 2098 882 2125 de
896 2097 990 2126 medio

141 2143 226 2180 ignis.
256 2160 295 2163 —
323 2144 350 2171 111
379 2143 453 2171 nube
480 2148 561 2172 recta
587 2147 722 2181 quantum
752 2144 785 2172 ad
814 2145 988 2173 severitatem

141 2189 278 2223 iustitiae,
294 2198 377 2227 quam
392 2191 487 2219 nullus
508 2190 610 2227 poterit
632 2190 788 2225 inssectei‘e3
812 2191 935 2220 Psalmus
950 2192 989 2219 ¹⁰:

141 2236 238 2264 Nubes
258 2240 284 2265 ct
304 2236 398 2274 caligo
420 2237 451 2265 in
473 2237 602 2266 circuitu
623 2238 700 2272 eius,
722 2238 838 2266 iustitia
859 2242 883 2266 et
912 2239 990 2267 iudi-

141 2284 221 2312 cium
252 2284 392 2312 correctio
422 2284 500 2313 sedis
531 2285 602 2313 eius.
635 2302 673 2305 ——
701 2285 729 2313 ln
757 2285 832 2314 nube
858 2286 990 2323 gyloriosa

141 2333 277 2367 quantum
298 2330 332 2359 ad
353 2331 543 2360 aeternitatem
574 2332 755 2366 reverentiae,
784 2341 866 2369 quam
896 2333 991 2361 nullus

141 2377 242 2413 poterit
262 2377 416 2412 declinare3
432 2378 551 2407 Danielis
567 2378 683 2415 septimo
699 2380 736 2407 ¹¹:
760 2379 945 2416 Aspiciebam
959 2380 991 2408 in

140 2423 251 2452 visione
271 2425 379 2458 noctis,
402 2429 426 2453 et
454 2434 524 2459 ecce,
554 2434 621 2454 cum
649 2425 776 2454 nubibus
803 2426 877 2454 caeli
904 2427 992 2464 quasi

141 2470 237 2499 Filius
258 2470 384 2500 bominis
401 2472 529 2500 ueniebat
549 2476 575 2500 et
594 2481 686 2510 usque
700 2473 740 2501 ad
760 2473 916 2510 antiquum
932 2473 990 2501 die-

141 2526 211 2546 rum
230 2519 361 2555 peruenit
380 2522 431 2547 etc.
464 2520 496 2547 Et
517 2519 594 2547 dedit
616 2520 642 2548 ei
666 2523 836 2557 potestatem
861 2524 886 2548 et
907 2519 991 2548 liono-

141 2573 203 2593 rem
224 2568 248 2593 et
269 2574 409 2603 reynunz,
431 2570 456 2594 et
470 2575 567 2594 omnes
580 2567 698 2604 populi,
715 2567 809 2595 tribus
830 2570 854 2595 et
873 2567 992 2604 linquae

205 2696 212 2709 ¹
231 2698 262 2720 Ex
279 2698 362 2720 eodem
380 2699 459 2721 codiee
478 2700 514 2721 sol.
536 2700 561 2722 lt
579 2706 596 2722 r.

206 2735 215 2748 2
234 2737 298 2759 Vers.
317 2737 353 2759 27.

205 2774 213 2787 ³
231 2776 261 2797 lta
279 2776 331 2798 cod.
349 2782 390 2803 pro
410 2776 530 2800 ridendus.

206 2814 216 2826 ‘²
234 2815 298 2837 Vers.
319 2814 354 2837 44.
838 2817 847 2830 ⁵
867 2819 931 2842 Vers.
953 2819 988 2841 14.

206 2853 215 2866 ⁸
233 2854 298 2876 Vers.
317 2855 338 2876 1.
840 2857 848 2871 ⁷
880 2859 886 2863 ’
908 2865 932 2880 ’5.
984 2875 989 2881 .

205 2891 214 2905 ⁸
233 2893 298 2915 Vers.
317 2894 354 2916 64.
856 2858 988 2920 93015ῗὲ

205 2931 225 2944 ²⁰
243 2933 325 2955 esaim.
343 2933 385 2960 96,
403 2934 425 2955 2.

236 2979 261 3002 S.
280 2979 371 3003 Bonae.
387 2993 418 2996 —
436 2980 504 3003 Tom.
520 2981 560 3003 IX.

764 2935 783 2948 ¹¹
802 2936 866 2959 Vers.
886 2937 922 2958 13.
940 2943 989 2965 seq.

1052 136 1162 165 SERMO
1183 138 1270 166 xvm.
1294 138 1334 166 ET
1356 139 1421 167 xlx,
1853 146 1886 173 [11

1050 213 1107 250 ipsi
1127 215 1267 248 seroient,·
1286 219 1414 251 potestas
1435 217 1497 244 eius
1516 222 1642 253 potestas
1664 224 1798 254 aeterna,
1818 230 1892 259 quae

1049 267 1107 287 non
1128 259 1283 296 auferetur
1299 261 1330 288 ¹2.

1364 363 1454 393 Sentio
1476 365 1531 393 xlx
1547 365 1578 393 ¹³.

1118 462 1192 491 Item,
1207 470 1286 489 serino
1300 464 1387 489 fratris
1405 466 1596 492 Bonaventurae
1615 468 1695 493 editus
1712 470 1792 500 prima
1812 470 1892 495 Domi-

1047 505 1102 529 nica
1121 505 1150 529 de
1169 505 1287 530 Adventu
1306 507 1330 531 in
1349 507 1420 533 domo
1438 508 1654 540 Praedicatorum,
1674 511 1786 537 Parisius
1811 520 1892 537 coram

1048 547 1225 573 Universitate.

1128 637 1245 666 Caelum
1267 642 1291 666 el
1306 642 1385 667 terra
1401 641 1581 675 transibunt,
1604 643 1691 671 verba
1712 647 1809 672 autent
1828 653 1892 673 mea

1046 693 1105 712 non
1127 684 1312 719 transibunt,
1335 686 1423 715 Lucae
1446 687 1575 724 vigesimo
1597 689 1687 725 primo
1703 690 1734 717 ¹4.

1127 731 1254 768 Magister
1277 735 1370 761 noster
1392 733 1466 762 lesus
1487 734 1513 762 in
1545 735 1628 764 verbo
1657 736 1723 770 isto,
1751 738 1824 774 quod
1852 741 1893 766 est

1047 778 1248 807 consummatio
1271 779 1406 816 Evangelii
1428 780 1510 816 primi
1533 785 1559 809 et
1580 782 1670 810 ultimi
1697 784 1818 812 oninium
1841 784 1892 812 Do-

1048 825 1213 854 minicarum
1229 826 1313 854 totius
1328 827 1390 854 anni
1405 826 1436 861 ¹⁵,
1449 829 1656 864 comprehendit
1670 830 1696 857 in
1712 838 1818 859 summa
1832 832 1893 859 uni-

1048 873 1207 901 versitatem
1239 873 1363 901 omnium
1394 873 1551 903 divinorum
1585 876 1743 905 verborum.
1776 877 1803 905 In
1837 886 1892 914 quo

1048 919 1134 948 verbo
1148 919 1203 947 duo
1224 919 1304 948 facit:
1326 920 1416 956 primo
1431 920 1529 955 innuit,
1546 921 1614 949 libri
1627 923 1796 951 mundanae
1815 932 1894 952 crea-

1049 970 1135 995 turae
1155 965 1272 1004 formas
1294 967 1498 1003 corruptibiles
1526 976 1585 996 esse
1607 972 1633 997 et
1655 970 1895 1004 transmutabiles,

1048 1017 1075 1042 et
1097 1014 1149 1042 hoc
1170 1013 1235 1042 facit
1257 1014 1309 1042 sub
1337 1015 1448 1043 nomine
1477 1016 1622 1043 transitus
1643 1016 1717 1044 caeli
1736 1020 1761 1044 et
1782 1021 1893 1051 terrae,

1048 1068 1098 1097 per
1120 1060 1194 1097 quod
1216 1061 1300 1089 mittit
1320 1061 1353 1089 ad
1375 1064 1562 1098 contemptum
1596 1063 1680 1091 huius
1708 1064 1825 1097 saeculi;
1854 1072 1895 1092 se-

1048 1107 1139 1136 cundo
1155 1108 1257 1141 innuit,
1274 1107 1343 1136 libri
1355 1116 1460 1136 sacrae
1475 1109 1648 1146 Scripturae
1665 1110 1820 1138 sententias
1838 1119 1896 1139 esse

1049 1154 1241 1183 invariabiles
1256 1158 1282 1183 et
1304 1155 1497 1191 intelligentias
1512 1156 1636 1190 stabiles,
1651 1160 1678 1185 et
1693 1157 1744 1185 11οο
1765 1157 1829 1185 facit
1843 1157 1895 1185 sub

1048 1202 1159 1230 nomine
1182 1202 1337 1230 verborum
1357 1210 1482 1230 suorum
1496 1211 1554 1231 non
1574 1203 1825 1237 transiturorum,
1848 1212 1896 1240 per

1048 1248 1123 1285 quod
1144 1248 1235 1285 ipsum
1260 1249 1342 1277 mittit
1357 1249 1390 1277 ad
1412 1250 1518 1278 cultum
1536 1250 1661 1279 sublimis
1676 1251 1824 1287 sapientiae
1838 1251 1894 1279 Dei.

1127 1296 1145 1323 Ι.
1161 1296 1301 1332 Quantum
1313 1295 1346 1324 ad
1363 1296 1431 1325 haec
1445 1297 1535 1325 omnia
1552 1300 1647 1325 notare
1663 1297 1806 1331 habemus,
1821 1298 1894 1334 qnod

1048 1345 1089 1371 est
1112 1343 1245 1372 transitus
1260 1343 1387 1371 eaeterz'or
1402 1343 1459 1372 sive
1474 1346 1605 1377 naturae,
1628 1347 1655 1372 et
1668 1344 1713 1372 1110
1728 1347 1769 1373 est
1783 1345 1895 1381 triplex,

1048 1389 1152 1418 scilicet
1172 1390 1365 1418 successionis
1380 1399 1537 1419 morarum
1553 1391 1775 1428 temporalium,
1791 1392 1838 1428 qui
1853 1400 1896 1428 ge-

1048 1440 1127 1465 nerat
1143 1437 1169 1465 in
1186 1437 1264 1466 nobis
1276 1437 1360 1465 liuius
1372 1437 1466 1466 mundi
1479 1441 1680 1475 contemptum;
1694 1438 1738 1466 lob
1750 1441 1845 1467 octavo
1859 1439 1895 1466 ¹⁶:

1047 1484 1184 1512 Hesterni
1202 1484 1308 1522 quippe
1328 1493 1433 1512 sumus
1448 1488 1472 1512 et
1487 1485 1672 1522 ignoramus,
1687 1485 1826 1523 quoniam
1842 1486 1896 1514 sic—

1048 1536 1081 1559 ut
1098 1531 1206 1560 umbra
1222 1531 1282 1560 dies
1298 1532 1392 1560 nostri
1411 1535 1482 1560 sunt
1495 1540 1584 1569 super
1600 1536 1718 1560 terram.
1735 1549 1771 1552 —
1791 1533 1895 1560 Trans-

1047 1579 1220 1607 mutationis
1245 1587 1346 1607 rerum
1375 1579 1626 1616 corruptibilium,
1655 1579 1702 1616 qui
1730 1582 1843 1616 generat
1869 1579 1896 1607 in

1048 1626 1127 1654 nobis
1143 1626 1283 1654 rationalis
1299 1626 1390 1654 iudicii
1407 1634 1535 1660 sensum3
1556 1626 1678 1654 Psalmus
1690 1626 1727 1654 ¹⁷:
1744 1626 1827 1654 Mane
1840 1626 1895 1654 sic-

1048 1677 1079 1701 ut
1101 1672 1191 1701 lierba
1213 1676 1361 1706 transeat,
1387 1681 1473 1701 mane
1503 1672 1607 1709 floreat
1626 1676 1650 1701 et
1672 1676 1802 1701 transeat
1833 1676 1894 1707 etc„

1048 1720 1074 1748 id
1096 1723 1146 1754 est,
1168 1720 1246 1748 sicut
1265 1719 1319 1756 flos
1339 1718 1419 1757 foeni
1433 1720 1588 1753 transibit,
1606 1720 1691 1748 lacobi
1708 1720 1796 1756 primo
1809 1720 1839 1747 ¹³³.
1856 1736 1892 1739 -

1048 1767 1249 1795 Innovationis
1271 1770 1483 1795 creaturarum
1504 1767 1720 1801 mundialium,
1746 1767 1793 1804 qui
1815 1775 1895 1804 gene-

1048 1818 1091 1843 rat
1121 1814 1147 1842 in
1174 1814 1252 1842 nobis
1280 1814 1396 1842 alterius
1424 1814 1519 1842 mundi
1548 1814 1730 1848 desiderium
1760 1813 1895 1842 secundae

1048 1861 1118 1890 Petri
1136 1861 1217 1890 tertio
1233 1862 1274 1889 ¹²:
1299 1862 1436 1890 Adveniet
1451 1865 1548 1890 autem
1567 1861 1627 1889 dies
1644 1861 1761 1889 Domini
1780 1864 1812 1888 ut
1832 1860 1895 1897 fur,

1048 1909 1080 1936 in
1100 1917 1156 1946 quo
1178 1908 1251 1936 caeli
1271 1917 1379 1945 mayno
1401 1908 1510 1945 impetu
1533 1909 1683 1937 transient.
1714 1924 1750 1928 —
1779 1908 1829 1936 Sed
1852 1908 1896 1936 hic
1914 1909 2028 1928 Notandum.

1047 1958 1121 1989 nota,
1143 1955 1216 1992 quod
1239 1955 1373 1992 quaedam
1390 1955 1548 1984 transibunt
1562 1958 1697 1992 quantum
1712 1954 1745 1983 ad
1760 1954 1894 1983 substan-

1048 2003 1138 2037 tiam,
1160 2003 1232 2031 sicut
1253 2003 1422 2031 substantiae
1437 2003 1580 2031 sensibiles
1594 2006 1621 2031 et
1637 2002 1809 2039 vegetabiles‚
1824 2010 1895 2038 quae

1047 2058 1101 2078 non
1123 2050 1227 2078 habent
1248 2050 1453 2086 dispositionem
1469 2049 1502 2077 ad
1517 2049 1719 2083 aeternitatem;
1740 2048 1893 2077 cuiusmodi

1048 2099 1113 2125 sunt
1134 2096 1262 2124 animalia
1283 2100 1310 2125 et
1330 2096 1453 2125 arbusta.
1477 2096 1614 2132 Quaedam
1637 2095 1794 2124 transibunt
1808 2103 1895 2132 quan-

1048 2147 1107 2172 tum
1129 2144 1163 2172 ad
1185 2144 1338 2178 virtutem,
1361 2144 1433 2172 sicut
1447 2144 1593 2180 qualitates
1614 2143 1808 2176 elementares,
1824 2149 1894 2178 quae

1048 2199 1102 2219 non
1125 2195 1208 2219 erunt
1229 2191 1349 2225 activae,
1370 2198 1421 2219 nec
1443 2191 1595 2219 remanebit
1618 2191 1706 2218 virtus
1726 2189 1821 2226 agendi
1847 2192 1895 2217 aut

1047 2238 1220 2266 immutandi.
1243 2238 1382 2274 Quaedam
1406 2238 1564 2266 transibunt
1585 2240 1719 2274 quantum
1738 2236 1770 2264 ad
1792 2244 1893 2272 opera-

1048 2285 1169 2318 tionem,
1192 2285 1263 2313 sicut
1285 2288 1377 2313 motus
1398 2285 1481 2318 caeli;
1504 2293 1556 2313 non
1573 2284 1643 2312 enim
1667 2283 1822 2312 movebitur
1836 2290 1893 2311 am-

1048 2332 1121 2368 plius
1142 2332 1265 2366 caelum,
1288 2340 1338 2360 nec
1359 2332 1412 2360 erit
1426 2332 1566 2368 generatio
1587 2334 1614 2359 et
1635 2330 1784 2366 corruptio.
1807 2330 1895 2365 Quae-

1047 2379 1110 2407 dam
1133 2379 1291 2407 transibunt
1316 2382 1452 2416 quantum
1479 2378 1511 2406 ad
1540 2377 1676 2415 effigiem,
1705 2377 1776 2405 sicut
1803 2376 1894 2404 omnia

1048 2426 1100 2455 ista
1121 2426 1278 2454 mundialia.
1301 2426 1399 2454 Omnia
1413 2430 1504 2454 tamen
1522 2426 1587 2453 baec
1603 2425 1661 2461 ipsa
1675 2424 1894 2457 innovabuntur,

1048 2473 1085 2501 ita
1110 2473 1194 2510 quod,
1216 2473 1237 2501 si
1260 2473 1323 2510 quis
1344 2473 1435 2501 videat
1451 2476 1515 2500 tunc
1530 2471 1663 2500 mundum
1680 2471 1755 2499 hunc
1770 2473 1796 2498 et
1815 2478 1895 2498 mun-

1047 2520 1113 2548 dum
1136 2521 1306 2554 innovatum,
1329 2523 1356 2548 et
1377 2520 1461 2548 solem
1484 2520 1558 2547 1111110
1579 2521 1607 2547 et
1627 2518 1711 2547 solem
1734 2518 1893 2546 innovatum

1048 2567 1091 2596 vel
1102 2568 1194 2604 potius
1207 2570 1425 2601 remuneratum,
1437 2566 1515 2603 quasi
1531 2566 1643 2599 diceret,
1658 2565 1742 2593 alium
1759 2564 1894 2593 mundum

1911 879 1987 898 Divisio.

1913 1300 1958 1319 Pars
1970 1300 1984 1319 I.

1964 1347 2040 1371 Triplex

1912 1370 2001 1397 transitus
2009 1375 2041 1390 ex-

1911 1396 1976 1413 terior.

1065 2714 1069 2717 -
1113 2700 1132 2713 ¹2
1150 2701 1198 2723 Non
1217 2700 1318 2728 exposita
1337 2703 1389 2722 sunt
1406 2700 1495 2727 singula
1514 2698 1618 2721 membra
1636 2698 1763 2720 divisionis.

1111 2739 1131 2753 ¹3
1148 2741 1178 2762 Ex
1195 2740 1278 2762 eodem
1296 2740 1375 2762 codice
1388 2740 1405 2761 Α
1427 2740 1462 2761 sol.
1485 2739 1509 2760 17
1531 2745 1548 2760 r.
1571 2741 1592 2760 et
1609 2737 1729 2760 Parisiensi
1746 2737 1763 2758 B
1784 2736 1819 2758 sol.
1842 2736 1845 2757 l
1872 2742 1894 2757 v.

1047 2780 1088 2809 qui
1104 2780 1158 2802 satis
1175 2779 1282 2801 convenit
1294 2785 1347 2801 cuni
1360 2779 1384 2805 Α,
1402 2778 1502 2806 exceptis
1520 2777 1625 2805 pluribus
1642 2776 1804 2798 sententiarum
1825 2778 1893 2796 [rans-

1047 2818 1209 2847 positionibus.
1734 2813 1753 2826 11
1771 2814 1836 2836 Vers.
1855 2814 1891 2835 33.

1111 2856 1131 2870 ¹⁵
1148 2857 1204 2880 Cod.
1222 2858 1239 2879 B
1257 2857 1321 2879 addit
1337 2857 1386 2880 sive
1404 2850 1562 2885 totius-oflicii
1578 2853 1735 2878 ecclesiastici.

1110 2896 1130 2909 ¹⁶
1148 2897 1213 2918 Vers.
1231 2897 1252 2918 9.
1675 2892 1694 2908 ¹⁷
1711 2893 1793 2915 Psalm.
1811 2892 1854 2918 89,
1872 2892 1893 2914 6.

1110 2934 1129 2947 ¹⁸
1148 2936 1214 2958 Vers.
1231 2936 1263 2957 10.
1738 2930 1756 2946 ¹⁰
1774 2931 1838 2954 Vers.
1860 2931 1894 2953 10.

1787 2980 1799 3000 6
