2243 3348
68 360 94 379 De
106 360 173 383 imper-

77 383 166 402 mixtione

71 407 166 426 contrarii.

60 1342 87 1361 De
100 1342 170 1361 coordi-

57 1366 132 1385 natione
144 1371 173 1385 re-

56 1391 120 1413 spectu
132 1394 175 1408 con-

87 1413 137 1431 nexi.

54 2092 80 2111 De
92 2092 172 2111 obleeta-

45 2116 95 2134 tione
107 2120 172 2134 sensus

59 2139 161 2162 apprehen·

79 2163 148 2181 dentis.

665 181 707 209 DE
729 182 923 210 NATlVlTATE
946 182 972 210 B.
995 182 1136 211 VtRGlNlS
1156 184 1286 212 MARlAE.
1308 185 1417 213 SERMO
1440 186 1467 213 ll.

195 260 321 293 respectu
354 265 452 286 sensus
483 259 721 295 compreliensivi3
753 263 866 296 propter
898 268 969 297 quae
1000 260 1040 288 sol

195 303 277 332 babet.
304 304 484 333 excellentem
515 305 722 341 speciositatem.
752 323 788 327 -
817 307 860 334 Sol
886 307 970 343 igitur
992 307 1040 335 lia-

195 350 239 378 bet
260 350 460 387 speciositatem
482 351 507 379 111
537 360 587 380 suo
609 356 671 380 ortu
695 356 808 389 propter
829 353 1040 390 inzpernziaetio-

194 405 257 425 nem
279 398 433 431 contrarii,
456 398 582 427 videlicet
609 399 691 428 nubis
712 402 738 428 et
760 400 882 437 caliginis
903 403 930 428 et
950 401 1039 429 omnis

194 444 379 478 obscuritatis,
395 445 506 481 quaein
526 445 586 473 eius
603 449 668 474 ortu
690 446 808 480 recedit;
831 450 943 483 propter
965 447 1038 483 quod

194 491 272 519 beata
294 491 376 528 Virgo
408 492 456 519 soli
482 492 650 521 assimilatur
673 501 721 529 per
749 493 863 529 gratiam
886 494 1037 522 sanctifica-

195 537 284 569 tionis,
306 538 378 574 quod
394 538 554 575 designatur
570 539 680 567 secundi
705 540 807 575 Regum
831 540 961 576 vigesimo
984 543 1038 568 ter-

194 584 231 612 tio
246 584 266 617 ¹,
289 584 334 612 ubi
360 584 398 612 sic
426 585 543 613 dicitur:
574 585 654 614 Sicut
683 585 734 613 lum
762 594 909 620 αιινοναθ,
931 587 1038 615 oriente

193 628 265 663 sole,
288 638 374 658 niane
395 630 502 668 absque
522 631 649 659 nubibus
671 632 792 664 rutilat,
821 636 846 660 et
873 633 948 660 sicut
972 632 1036 669 plu-

194 675 249 703 viis
268 677 417 713 germinat
438 676 527 705 herba
548 678 581 705 de
603 682 683 706 terra
691 689 700 711 ;
725 679 763 707 sic
789 679 922 712 insinuat,
944 687 1035 708 semen

193 730 274 750 suum
307 726 334 751 et
365 731 476 759 germen
505 724 620 752 rutilare
647 724 747 753 debere
775 725 800 752 in
830 733 880 753 suo
911 729 983 753 ortu.
1007 726 1037 753 Et

194 769 244 798 boc
266 770 376 806 quidem
399 771 542 807 impletum
571 771 622 800 fuit
651 772 676 800 in
706 772 901 808 gloriosissima
926 773 1036 809 Virgine

193 820 220 845 et
240 817 300 845 eius
323 818 413 851 Prole;
436 826 507 854 quae
527 818 560 846 de
582 826 611 847 se
632 819 694 847 dicit
718 819 784 847 illud
807 819 979 855 Apocalypsis
994 819 1036 847 ul-

194 863 274 892 timo:
300 865 357 901 Eyo
378 873 444 892 sum
465 865 556 893 ‘radix
571 869 595 893 ct
609 873 701 902 yenus
725 865 828 898 David,
848 865 929 893 stella
944 866 1036 902 splen-

192 910 264 939 dida
285 915 309 938 et
330 912 488 944 matutina,
510 920 580 948 quae
602 920 688 939 mane
708 912 809 940 dicitur
824 912 895 940 sicut
916 912 956 940 sol
971 912 1036 940 abs-

192 965 245 995 que
265 957 391 985 nubibus
412 958 550 986 mutasse
571 961 685 994 propter
705 958 821 994 gratiam
844 958 1035 986 sanctificatio-

192 1004 233 1032 nis
256 1004 404 1040 perfectae,
426 1005 504 1041 quia,
520 1008 551 1033 ut
571 1004 634 1033 dicit
650 1005 808 1038 Anselmus,
835 1016 847 1029 «
862 1005 989 1038 decebat,
1006 1008 1037 1033 ut

193 1051 265 1079 illius
288 1051 404 1080 hominis
425 1051 567 1088 conceptio
589 1052 667 1080 lieret
688 1052 721 1080 de
735 1052 820 1080 Matre
842 1052 990 1088 purissima
1004 1060 1036 1081 ea

191 1098 320 1134 puritate,
335 1106 391 1134 qua
405 1098 492 1126 maior
507 1098 559 1126 sub
574 1098 630 1127 Deo
645 1098 740 1135 nequit
754 1098 866 1135 intelligi
883 1110 909 1126 ι).
923 1099 1036 1135 Propter

191 1144 264 1181 quod
286 1148 464 1181 comparatur
486 1145 533 1173 soli
566 1153 652 1173 mane
679 1145 786 1183 absque
807 1145 933 1173 nubibus
961 1146 1036 1174 ruti-

191 1191 273 1225 lanti,
296 1199 344 1219 seu
366 1191 481 1225 orienti,
503 1191 568 1228 quia
597 1192 623 1219 111
646 1200 697 1220 suo
718 1195 780 1220 ortu
813 1192 908 1220 babuit
934 1193 1035 1229 imper-

191 1238 351 1267 mixtionem
375 1239 486 1275 peccati.

269 1285 402 1319 Secundo,
426 1288 539 1322 propter
554 1286 764 1314 decorationem
785 1286 871 1315 totius
889 1287 1019 1315 universi
1026 1297 1035 1320 ;

193 1332 264 1361 unde
280 1332 458 1361 Ecclesiastici
472 1332 682 1369 quadragesimo
694 1333 775 1362 tertio
788 1334 813 1361 2:
830 1333 941 1369 Species
953 1334 1035 1367 caeli,

191 1379 222 1407 in
242 1379 352 1407 visione
371 1379 492 1416 yloriue.
515 1379 564 1408 Sol
591 1380 622 1408 in
650 1384 768 1416 aspectu
793 1380 977 1408 annuntia-ns
1005 1381 1036 1408 in

190 1426 280 1459 exitu,
301 1434 354 1454 vas
376 1426 561 1460 admirabile,
584 1435 656 1463 opus
679 1426 799 1455 Ereelsi.
822 1427 865 1455 Sol
887 1427 959 1455 enim
986 1427 1035 1455 mi-
1063 1455 1064 1458 ,

191 1473 315 1501 rabiliter
337 1473 426 1501 reddit
447 1473 608 1501 universum
632 1473 783 1502 formosum
812 1482 847 1502 ex
876 1482 924 1502 sua
958 1482 1035 1510 prae—

190 1520 277 1548 sentia
298 1523 325 1548 et
346 1523 426 1552 ortu;
443 1520 481 1548 sic
496 1524 522 1548 et
537 1520 615 1548 beata
632 1520 714 1557 Virgo
729 1520 839 1549 decorat
856 1524 942 1549 totum
960 1529 1036 1549 mun-

189 1566 271 1600 dum;
294 1570 335 1595 est
350 1567 421 1595 euim
437 1574 490 1594 vas
505 1566 695 1601 admirabile,
713 1567 823 1595 luminis
838 1568 1034 1601 coutentivum,

190 1612 263 1649 quod
285 1613 306 1641 si
337 1613 450 1641 tollatur
478 1613 511 1641 de
540 1613 643 1647 medio,
672 1613 842 1642 deformatur
864 1617 951 1642 totum
974 1614 1034 1642 uni-

191 1667 301 1688 versum
318 1659 337 1687 ³.
360 1659 385 1687 Si
408 1660 479 1687 enim
504 1660 576 1688 tollis
597 1660 709 1688 Matrem
733 1660 779 1688 Dei
802 1660 835 1688 de
858 1661 969 1694 mundo,
986 1669 1034 1697 per

190 1714 361 1743 consequens
383 1706 455 1734 tollis
481 1706 602 1735 Verbum
626 1707 814 1740 incarnatum,
844 1715 900 1743 quo
928 1708 1033 1742 ablato,

190 1752 241 1780 iam
265 1756 390 1781 remanet
410 1753 569 1781 deformitas
585 1754 755 1789 peccantium
774 1757 801 1782 et
816 1761 895 1781 error
912 1757 1034 1790 peccato-

190 1807 251 1827 rum
267 1800 287 1827 4.
310 1800 457 1828 Auferetur
482 1800 554 1828 enim
579 1800 625 1828 Dei
655 1800 800 1836 sapientia,
821 1800 964 1834 Christus,
986 1801 1033 1837 qui

189 1850 230 1875 est
252 1847 410 1883 pulcritudo
432 1847 633 1883 pulcrificativa
654 1847 860 1880 universorum,
881 1847 1034 1876 secundum

190 1893 256 1922 illud
278 1894 430 1930 Sapientiae
452 1894 583 1930 septimo:
607 1894 724 1922 Candor
746 1897 785 1921 est
807 1894 880 1922 lucis
901 1897 1035 1922 aeternae

188 1944 214 1968 et
234 1940 380 1976 speculum
403 1940 465 1968 sine
486 1940 605 1968 macula
629 1940 679 1968 Dei
699 1940 870 1968 maiestatis.
889 1941 936 1968 Est
957 1940 1034 1968 enim

189 1985 258 2015 baec
278 1987 435 2024 speciosior
456 1986 513 2015 sole
533 1990 584 2015 etc.

267 2034 368 2067 Tertio,
391 2037 504 2070 propter
526 2033 736 2062 oblectationem
759 2042 861 2062 sensus
875 2033 1034 2071 apprehen-

188 2081 254 2114 sivi,
277 2081 428 2109 secundum
452 2080 518 2109 illud
540 2081 717 2109 Ecclesiastae
739 2080 884 2109 undecimo
899 2081 925 2109 5:
949 2081 1034 2109 Dulce

189 2127 301 2161 lumen,
323 2131 347 2156 et
368 2127 528 2156 delectabile
548 2132 587 2156 est
609 2127 700 2156 oculis
721 2128 817 2156 videre
842 2128 937 2156 sotem.
964 2128 1034 2156 Satis

189 2174 299 2211 quidem
322 2178 362 2202 est
384 2174 545 2202 delectabile
560 2174 651 2202 oculis
670 2174 858 2203 materialibus
878 2174 975 2202 videre
989 2183 1033 2202 so-

189 2221 242 2249 lent
264 2221 443 2255 materialem,
465 2221 509 2250 sed
533 2221 620 2249 multo
641 2221 790 2250 iucundius
804 2226 843 2250 est
866 2222 953 2250 oculis
969 2221 1033 2250 lide-

191 2268 262 2297 libus
283 2269 407 2297 contueri
430 2268 516 2304 ipsam
540 2268 736 2297 formositatem
761 2268 888 2305 Virginis,
906 2269 931 2296 in
953 2269 1034 2297 cuius

189 2315 279 2352 figura
298 2315 400 2343 dicitur
422 2315 519 2343 Esther
547 2315 683 2349 secundo,
712 2315 784 2351 quod
817 2319 879 2343 erut
900 2314 1033 2351 formosa

189 2361 272 2390 valde
298 2366 323 2389 et
351 2361 515 2390 incredibili
538 2362 754 2398 pulcritudine,
783 2363 913 2390 omniunt
942 2362 1034 2390 oculis

187 2409 322 2446 yrcttiosa
343 2412 367 2436 et
389 2408 526 2436 amabilis
544 2408 706 2436 videbatur.
729 2409 809 2443 Talis,
831 2409 954 2445 inquam,
983 2409 1034 2437 suit

189 2455 385 2492 gloriosissima
400 2455 499 2492 Virgo,
518 2463 589 2492 quae
604 2456 707 2491 placuit
721 2456 828 2492 Angelis
844 2456 889 2484 Dei
906 2460 932 2484 et
946 2456 1033 2484 oculis

190 2502 313 2530 caelestis
335 2502 429 2538 Sponsi
453 2510 518 2538 prae
539 2502 727 2539 magnitudine
748 2502 855 2531 decoris
882 2506 909 2530 et
930 2503 1033 2538 pulcri-

189 2548 300 2577 tudinis.
333 2549 407 2577 Unde
433 2549 629 2577 Bernarduff:
657 2549 768 2585 «Virgo
799 2549 888 2585 regia,
918 2549 1033 2585 gemmis

188 2599 285 2623 ornata
307 2595 441 2623 virtutum
468 2595 633 2632 geminoque
661 2595 760 2624 mentis
787 2599 814 2624 et
835 2596 959 2632 corporis
986 2595 1033 2624 de-

253 2739 259 2752 ¹
278 2740 344 2762 Vers.
364 2740 388 2767 43
406 2744 534 2768 sequuntur
546 2742 616 2768 Apoc.
630 2741 667 2767 22,
685 2741 717 2762 16.
729 2745 751 2763 et
763 2742 869 2769 Ausonii„
882 2742 911 2763 de
924 2741 1030 2768 Concept.

189 2779 273 2806 virgin.
291 2785 310 2801 c.
329 2780 364 2801 ts.

254 2817 263 2830 ²
280 2818 344 2840 Vers.
364 2818 382 2839 1.
400 2824 447 2846 seq.

253 2856 261 2869 ³
279 2856 324 2879 Csr.
343 2857 459 2883 Bet-nard„
476 2863 544 2879 serm.
563 2857 584 2879 111
603 2857 676 2879 Nutiv.
694 2858 717 2880 B.
738 2859 762 2879 V.
782 2859 808 2880 M.
825 2864 847 2880 11.
866 2859 888 2879 6.

252 2895 260 2907 ⁴
279 2896 334 2918 flod.
353 2896 493 2918 Tudertinus
511 2895 580 2918 babet
594 2896 752 2925 peccantium,
770 2896 904 2919 errantium
917 2898 939 2919 et
951 2902 1032 2925 pecca·

189 2938 269 2958 torum
286 2938 308 2957 et
325 2935 376 2957 rod.
394 2935 526 2957 Assisiensis
540 2935 698 2964 peccantium,
711 2941 823 2958 errorum
841 2937 861 2958 et
872 2937 1030 2964 peccatorum.

189 2987 219 2990 —
237 2974 344 3003 Sequitur
362 2975 414 3001 Sap.
433 2975 456 3001 7,
472 2975 508 2996 26.
527 2975 563 2996 29.

1885 189 1939 216 709

1097 268 1161 289 core
1182 262 1361 299 praefulgida,
1383 264 1475 299 speeie
1495 273 1552 293 sua
1573 269 1599 293 et
1617 265 1817 301 pulcritudine
1839 266 1864 294 in
1880 274 1940 295 cae-

1098 307 1212 336 lestibus
1233 309 1356 345 cognita,
1378 311 1443 339 caeli
1466 311 1566 339 civium
1590 312 1616 340 in
1639 320 1667 340 se
1689 314 1847 349 provocavit
1862 321 1939 350 aspe-

1097 356 1181 387 ctum,
1204 354 1240 382 ita
1261 357 1292 382 ut
1314 355 1392 392 Regis
1420 357 1541 385 animum
1572 358 1596 386 ln
1626 358 1667 386 sui
1690 359 1937 395 concupiscentiam

1096 399 1241 429 inclinaret
1261 405 1288 429 et
1316 402 1458 430 caelestem
1488 404 1616 432 nuntium
1638 405 1670 433 ad
1700 413 1729 433 se
1750 405 1783 433 de
1811 406 1939 442 supernis

1095 446 1285 475 adduceret».
1315 449 1356 477 Sic
1387 449 1470 485 igitur
1493 450 1575 487 Virgo
1602 451 1797 487 gloriosissima
1825 456 1938 488 propter

1095 493 1296 529 speciositatem
1319 496 1423 531 gratiae
1446 497 1617 532 purificantis
1637 498 1804 527 assimilatur
1826 499 1878 527 luci
1894 507 1937 527 so-

1097 539 1154 567 lari.
1175 556 1212 559 —
1234 541 1282 569 Sed
1306 545 1417 571 econtra
1438 544 1527 571 anima
1551 545 1689 580 peccatrix
1711 546 1878 574 assimilatur
1901 549 1936 574 te-

1094 585 1200 614 nebrae
1224 591 1248 615 et
1278 588 1399 617 umbrae
1426 591 1528 618 mortis
1543 591 1562 618 ⁷.
1593 591 1705 628 Propter
1727 593 1937 620 commixtiones

1094 633 1166 661 enim
1189 637 1216 662 et
1238 634 1362 664 libidines
1384 639 1575 672 peccatorum,
1601 642 1735 674 quantum
1765 643 1806 667 est
1830 639 1863 668 de
1891 647 1936 673 se,

1093 679 1223 716 deturpat
1244 681 1422 716 universum,
1445 684 1510 719 quia
1531 685 1598 712 nihil
1622 685 1658 713 ita
1679 685 1808 722 deturpat
1836 686 1935 722 ipsum,

1093 726 1164 754 sicut
1185 727 1249 755 facit
1270 732 1421 763 peccatum,
1443 733 1470 757 et
1484 738 1519 758 ex
1536 731 1586 758 boc
1601 731 1713 760 offendit
1728 736 1870 768 aspectum·
1886 733 1936 760 bu-

1095 780 1205 800 manum
1229 781 1277 809 per
1300 775 1400 803 malum
1423 777 1582 812 exemplum
1605 780 1631 805 et
1651 778 1774 806 divinum
1804 782 1830 806 et
1855 787 1935 815 ange-

1093 818 1185 846 licum.
1210 820 1322 856 Propter
1344 822 1430 857 quod,
1446 823 1620 851 Tlirenorum
1642 829 1757 860 quarto,
1780 825 1935 862 (leniyrata

1093 868 1132 892 est
1153 874 1242 901 super
1263 867 1402 895 carbones
1423 868 1515 904 facies
1535 878 1650 903 corum,
1672 874 1696 898 et
1717 880 1773 898 non
1796 875 1863 899 sunt
1891 880 1936 900 co-

1091 910 1168 947 ynut
1187 911 1218 939 in
1237 912 1350 948 plateis.
1374 914 1426 942 Hoc
1447 914 1550 943 dictum
1574 919 1615 944 est
1638 916 1671 944 de
1693 917 1759 945 viris
1787 918 1936 953 peccatori-

1093 956 1160 990 bus,
1183 958 1228 994 qui
1252 959 1304 986 Soli
1327 959 1446 989 iustiliae
1467 961 1657 990 adversantur.

1172 1004 1200 1031 ll.
1223 1004 1394 1033 Assimilatur
1409 1006 1489 1034 etiam
1506 1007 1588 1044 Virgo
1603 1009 1650 1037 soli
1667 1012 1800 1045 quantum
1816 1009 1848 1038 ad
1864 1010 1935 1038 velo-

1093 1050 1206 1078 citatem
1230 1051 1261 1079 in
1283 1052 1419 1086 decursu,
1435 1058 1462 1082 et
1484 1054 1534 1082 boc
1556 1059 1669 1091 propter
1684 1056 1798 1092 gratiam
1817 1065 1934 1093 promo-

1093 1097 1192 1125 tiuani.
1215 1098 1299 1126 Habet
1321 1103 1412 1127 autem
1435 1101 1473 1128 sol
1496 1101 1665 1130 velocitatem
1687 1102 1713 1130 in
1729 1102 1848 1131 decursu
1871 1111 1935 1139 pro-

1093 1147 1154 1180 pter
1176 1144 1310 1181 triplicem
1333 1146 1482 1175 rationem:
1507 1148 1603 1183 primo,
1626 1153 1738 1185 propter
1759 1150 1935 1186 niaynitudi-

1093 1199 1156 1219 nent
1172 1191 1340 1227 influentiae
1354 1200 1389 1221 ex
1406 1197 1482 1229 parte
1497 1195 1626 1228 motoria,
1643 1199 1755 1232 propter
1770 1197 1843 1233 quod
1862 1197 1933 1225 tertii

1094 1238 1193 1266 Esdrae
1215 1242 1315 1275 quarto
1330 1239 1356 1267 ⁸:
1379 1240 1489 1277 Muqna
1509 1245 1548 1269 est
1570 1245 1659 1275 terra,
1682 1246 1705 1270 et
1732 1244 1874 1272 excelsum
1895 1248 1935 1272 est

1093 1285 1222 1318 caelum;
1237 1290 1262 1314 el
1276 1286 1357 1314 velox
1372 1295 1479 1315 cursus
1492 1287 1570 1316 sot-ts.
1587 1288 1686 1317 Nonne
1699 1290 1876 1326 may-uilicus
1895 1294 1934 1319 est

1092 1332 1144 1369 qui
1165 1331 1234 1360 llaec
1254 1331 1349 1369 facit?
1371 1334 1448 1369 quasi
1471 1334 1551 1367 dicat,
1573 1335 1645 1371 quod
1669 1336 1728 1364 ideo
1749 1337 1787 1364 sol
1804 1337 1933 1365 velociter

1092 1379 1210 1415 complet
1231 1387 1344 1407 cursum
1369 1387 1460 1414 suum,
1482 1381 1548 1417 quia
1563 1389 1676 1418 magnae
1691 1383 1802 1411 virtutis
1823 1387 1863 1411 est
1878 1391 1934 1411 mo-

1093 1429 1145 1459 tor,
1167 1426 1213 1462 qui
1237 1426 1327 1454 influit
1348 1426 1380 1454 ad
1403 1427 1462 1455 eius
1483 1431 1597 1456 motum.
1614 1429 1663 1457 Per
1685 1429 1759 1457 hunc
1781 1430 1862 1458 etiam
1877 1438 1934 1458 mo—

1092 1473 1157 1501 dum
1182 1473 1263 1509 Virgo
1284 1473 1368 1501 Maria
1389 1474 1518 1502 citissime
1546 1474 1661 1511 profecit
1681 1479 1707 1504 et
1736 1479 1864 1512 tanquam
1895 1477 1934 1505 sol

1092 1520 1262 1548 velocissime
1277 1520 1418 1553 cucurrit;
1440 1525 1467 1549 et
1483 1521 1533 1549 boc
1549 1526 1662 1558 propter
1677 1522 1807 1551 virtutem
1824 1523 1934 1551 Motoris

1092 1567 1200 1594 summi.
1224 1567 1266 1595 Sic
1287 1567 1359 1595 enim
1380 1567 1445 1595 dicit
1459 1568 1576 1604 Angelus
1591 1569 1624 1601 ei,
1640 1569 1727 1597 Lucae
1749 1569 1853 1605 primo:
1869 1570 1933 1606 Spt„

1091 1613 1168 1640 ritus
1189 1617 1310 1641 sanetus
1334 1614 1515 1650 superveniet
1543 1614 1573 1642 iu
1602 1618 1642 1648 te,
1671 1619 1695 1642 et
1721 1616 1817 1643 virtus
1846 1616 1933 1644 Altis-

1090 1660 1160 1687 simi
1180 1659 1363 1688 obumbrabit
1385 1660 1443 1688 tibi.
1460 1661 1534 1689 Unde
1549 1661 1744 1697 Hieronymus:
1771 1673 1783 1686 «
1799 1663 1863 1691 Aliis
1883 1670 1932 1699 per

1091 1710 1198 1742 partes,
1221 1706 1266 1735 sed
1293 1707 1392 1735 Mariae
1421 1710 1504 1735 totam
1534 1715 1562 1736 se
1590 1708 1688 1736 infudit
1715 1709 1818 1745 gratiae
1847 1710 1933 1746 pleni-

1091 1753 1158 1781 tudo
1172 1766 1199 1781 n.

1169 1800 1293 1828 Secundo
1309 1804 1420 1837 propter
1432 1801 1690 1838 promptitudinem
1706 1802 1878 1830 obedientiae
1896 1810 1933 1831 ex

1092 1850 1168 1883 parte
1191 1846 1320 1880 nzobilz'³;
1342 1847 1407 1883 quia
1427 1848 1498 1876 enim
1515 1855 1616 1884 corpus
1637 1849 1725 1876 solare
1746 1849 1857 1877 omnino
1875 1857 1932 1877 mo—

1091 1893 1142 1922 tori
1166 1901 1216 1922 suo
1237 1894 1376 1927 subiacet,
1398 1894 1457 1922 ideo
1479 1894 1567 1922 currit
1583 1895 1750 1923 velocissime
1765 1899 1791 1924 et
1807 1899 1932 1924 movetur

1090 1941 1256 1974 rectissime;
1273 1941 1345 1977 quod
1362 1942 1489 1970 convenit
1502 1942 1604 1979 Virgini
1620 1942 1762 1978 gloriosae,
1777 1951 1848 1979 quae
1869 1943 1932 1971 obe-

1090 1987 1259 2015 dientissima
1280 1987 1332 2016 fuit
1353 1988 1522 2024 inspirationi
1545 1996 1696 2025 superuae;
1726 1992 1837 2025 propter
1858 1990 1932 2026 quod

1091 2033 1266 2062 admirantur
1280 2034 1386 2063 animae
1398 2038 1515 2069 sanctae,
1528 2035 1701 2064 Canticorum
1714 2039 1793 2064 sexto
1808 2037 1834 2064 ⁹:
1852 2037 1932 2072 ‚Quae

1090 2084 1129 2109 est
1144 2081 1202 2108 ista
1217 2089 1291 2118 quae
1302 2082 1494 2118 progreditur
1505 2082 1592 2118 quasi
1606 2091 1721 2111 aitrora
1732 2083 1931 2120 consumens?

1090 2127 1136 2155 ubi
1153 2127 1309 2156 insinuatur
1325 2128 1512 2157 velocissimus
1527 2137 1626 2157 cursus
1647 2132 1674 2157 et
1695 2129 1932 2158 obedientissimus

1091 2174 1229 2210 profectus
1250 2174 1369 2211 Virginis
1397 2179 1531 2211 quantum
1558 2175 1590 2203 ad
1619 2176 1782 2204 exercitium
1812 2180 1931 2212 quatuor

1090 2221 1224 2249 virtutum
1241 2221 1429 2249 cardinalium.
1448 2222 1473 2249 ln
1491 2222 1541 2249 lloc
1552 2222 1634 2255 enim,
1646 2222 1718 2258 quod
1734 2222 1834 2251 dicitur
1846 2222 1933 2260 quasi

1090 2276 1206 2295 aurora
1227 2276 1421 2304 eonsuryens,
1444 2271 1555 2296 notatur
1576 2268 1704 2297 discretio
1728 2269 1930 2305 providentiae3

1090 2315 1115 2343 in
1143 2315 1209 2348 hoc,
1238 2314 1310 2351 quod
1339 2314 1439 2343 dicitur
1465 2315 1572 2351 pulcra
1600 2319 1632 2343 ut
1661 2315 1748 2348 luna,
1775 2315 1931 2352 pulcritudo

1091 2361 1236 2398 pudicitiae
1258 2362 1314 2390 sive
1342 2362 1553 2397 temperantiae;
1579 2361 1604 2389 111
1635 2362 1701 2395 hoc,
1730 2362 1801 2398 quod
1830 2362 1931 2390 dicitur

1090 2408 1175 2436 electa
1197 2412 1229 2436 ut
1248 2408 1306 2442 sol,
1330 2409 1465 2437 rectitudo
1480 2409 1614 2443 iustitiae,
1636 2409 1715 2437 cuius
1730 2413 1771 2437 est
1791 2409 1846 2438 Deo
1867 2410 1931 2438 obe-

1090 2455 1163 2489 dire;
1186 2455 1212 2483 in
1236 2456 1287 2483 hoc
1312 2455 1384 2492 quod
1407 2455 1535 2484 subditur
1557 2455 1695 2484 terribili-5·
1710 2459 1743 2483 ut
1762 2461 1929 2484 castrorum

1090 2502 1166 2530 acies
1188 2502 1342 2535 ordina-la,
1364 2502 1496 2530 fortitudo
1519 2502 1693 2535 tolerantiae;
1716 2506 1743 2530 et
1764 2503 1802 2531 sic
1818 2503 1931 2539 profecit

1090 2549 1172 2585 Virgo
1194 2549 1363 2577 velocissime
1384 2549 1418 2577 (le
1438 2549 1544 2577 'uirtute
1566 2549 1596 2576 in
1617 2549 1754 2577 virtutem
1770 2549 1792 2565 ¹⁰
1817 2552 1931 2586 propter

1090 2595 1333 2631 promptitudinem
1356 2595 1532 2624 obedientiae.

1151 2741 1160 2753 ⁵
1179 2741 1242 2763 vrrs.
1260 2741 1285 2767 7,
1303 2744 1430 2769 sequuntur
1448 2742 1508 2762 Esm.
1527 2742 1547 2768 -2,
1570 2741 1602 2762 15.

1150 2777 1160 2790 ⁶
1178 2779 1259 2801 Homil.
1277 2780 1297 2800 2.
1315 2785 1386 2806 super
1403 2779 1490 2801 Missus
1502 2780 1541 2806 est,
1557 2785 1579 2800 n.
1592 2779 1612 2805 -2,
1626 2779 1665 2800 ubi
1678 2778 1798 2805 respicitur
1812 2779 1844 2800 Ds.
1859 2778 1895 2805 44,
1908 2778 1929 2800 5.

1151 2817 1159 2830 ⁷
1178 2818 1305 2845 ltespicitur
1322 2818 1375 2839 Luc.
1395 2818 1415 2844 11,
1432 2818 1474 2844 793
1492 2818 1594 2846 sequitur
1611 2818 1694 2839 Thren.
1713 2817 1734 2843 li,
1752 2818 1771 2838 8.

1151 2855 1159 2868 ⁸
1178 2857 1242 2878 Vers.
1262 2856 1297 2877 34.
1315 2862 1377 2884 scq.;
1400 2858 1527 2884 sequuntur
1549 2857 1603 2877 Luc.
1625 2857 1642 2882 t,
1666 2856 1702 2877 35.
1725 2859 1745 2877 et
1763 2859 1842 2878 auctor
1859 2862 1929 2878 serm.

1087 2896 1116 2918 de
1134 2896 1234 2917 Assumt.
1254 2896 1276 2917 Β.
1294 2895 1320 2916 V.
1339 2895 1365 2917 M.
1385 2895 1451 2922 (iuter
1468 2901 1537 2922 opera
1555 2895 1657 2923 Hieron.)
1675 2902 1694 2916 c.
1713 2895 1734 2916 5.

1150 2933 1159 2946 ⁹
1178 2934 1242 2956 vers,
1260 2935 1281 2956 9,

1152 2973 1170 2985 ¹⁰
1187 2973 1315 3001 Respicitur
1333 2974 1367 2995 ΡΞ..
1385 2974 1421 3000 83,
1440 2974 1460 2994 8.

1954 554 2072 572 Contrarium

1954 579 1983 595 est
1995 577 2018 596 de
2031 577 2071 595 ani-

1960 606 1989 619 ma
2002 605 2069 627 pecca-

1985 626 2038 642 trice.

1959 1020 2004 1038 l‘ars
2017 1020 2037 1038 tl.
2054 1020 2081 1039 De
2098 1033 2101 1035 -

1950 1043 2048 1062 velocitate
2061 1044 2080 1062 in

1948 1067 2027 1085 decursu
2039 1072 2081 1090 pro-

1950 1092 1991 1113 pter
2003 1090 2046 1108 tria.

1949 1160 2003 1178 Ratio
2013 1160 2080 1183 prima.

1962 1812 2015 1830 Ratio
2028 1817 2057 1831 se·

1973 1835 2040 1854 cunda.
