2243 3348
21 1605 94 1625 *othema
97 1619 101 1624 .

634 347 685 419 S.
735 347 1373 419 BONAVENTURAE

183 558 691 622 SERMONES
733 558 869 620 DE
911 557 988 648 Β.
1032 557 1451 621 VIRGINE
1493 559 1824 623 MARIA

581 1074 622 1102 DE
646 1073 891 1102 PURIFICATIONE
914 1073 941 1101 B.
964 1073 1105 1102 VlRGlNlS
1128 1073 1246 1102 MARIAE
1268 1074 1296 1110 (2
1319 1073 1418 1110 Febr.).

467 1174 558 1202 Sentio
580 1173 588 1201 1
605 1174 623 1200 ¹.

203 1267 349 1304 Paryabit
369 1266 445 1303 filios
466 1267 534 1295 Levi
560 1270 586 1295 et
613 1266 719 1295 colabit
739 1275 785 1295 eos
806 1267 894 1304 quasi
914 1275 968 1295 aa-

122 1321 191 1341 rum
212 1317 236 1341 et
257 1313 346 1351 quasi
365 1316 531 1350 argentam,
554 1317 579 1341 et
599 1317 685 1341 erant
709 1313 830 1341 Domino
849 1312 968 1350 offeren-

122 1363 161 1388 tes
181 1359 333 1397 sacrificia
354 1360 385 1388 in
406 1359 522 1387 iustitia
535 1359 554 1387 2.

200 1407 377 1443 (Prothema).
411 1406 597 1434 Abominatio
632 1406 749 1435 Domini
779 1406 967 1443 cogitationes

120 1453 232 1487 malae,
254 1456 279 1481 ec
298 1461 396 1489 puras
426 1461 521 1481 sermo
548 1452 768 1490 pulcherrimus
795 1453 968 1489 firmabitur

121 1499 158 1528 ab
179 1509 219 1528 eo.

200 1548 302 1575 Tantae
324 1546 452 1583 puritatis
473 1550 514 1575 est
536 1547 624 1581 Deus,
644 1546 687 1575 cui
711 1546 861 1581 servimus,
883 1554 966 1584 quem

120 1594 269 1623 adoramus
290 1597 317 1622 et
338 1593 467 1627 colimus,
482 1593 556 1629 quod
577 1593 646 1621 nihil
667 1593 808 1630 impurum
824 1597 968 1630 acceptare

119 1644 210 1678 potest
230 1644 257 1669 et
278 1640 346 1669 nihil
361 1648 463 1677 purum
479 1639 625 1674 detestari,
645 1639 691 1668 sed
707 1639 886 1668 abominatio
901 1643 967 1668 sunt

121 1688 243 1717 Domino
264 1687 450 1725 cogitationes
471 1686 582 1720 malae,
605 1687 683 1723 plns,
698 1687 855 1715 affectiones
870 1687 966 1721 malae,

119 1737 146 1764 et
167 1734 304 1768 maxime,
326 1733 499 1770 operationes
522 1734 617 1762 malae.
637 1733 776 1770 Quidquid
791 1734 966 1762 immundum

119 1785 160 1811 est
191 1782 218 1810 in
251 1781 429 1818 cogitatione,
450 1781 478 1809 in
507 1780 650 1809 affectione
678 1783 705 1809 et
735 1781 762 1808 in
791 1781 965 1817 operatione,

119 1832 207 1857 totum
230 1827 411 1856 abominabile
433 1830 473 1856 est
495 1827 626 1861 Domino;
643 1827 689 1856 sed
711 1836 807 1856 sermo
826 1836 925 1864 puras
939 1830 966 1856 et

116 1874 336 1912 pulcherrimus
356 1874 529 1911 firmabitur
550 1883 566 1902 a
590 1874 721 1909 Domino;
744 1874 820 1910 (hoc)
844 1874 966 1911 intelligo

119 1923 166 1957 sic,
181 1922 255 1959 quod
275 1929 369 1950 sermo
388 1929 487 1958 paras
501 1924 542 1950 est
557 1921 765 1958 pulcherrimus
779 1924 807 1950 et
820 1925 903 1958 aptus
914 1922 924 1938 ³
939 1924 966 1950 et

119 1968 298 1998 confirmatus
313 1972 353 1997 est
367 1976 384 1996 a
398 1968 461 1997 Deo.
479 1968 579 1996 Sermo
598 1976 697 2005 puras
712 1972 753 1997 est
767 1968 815 2005 qui
833 1968 902 1996 nihil
917 1968 966 1996 fal-

119 2016 206 2045 sitatis
220 2015 304 2044 habet
318 2015 486 2049 immixtum,
501 2014 570 2043 nihil
585 2015 761 2049 curiositatis,
777 2015 845 2043 nihil
860 2015 965 2043 vanita-

118 2062 153 2091 tis
166 2070 257 2099 neque
272 2061 506 2098 pusillanimitatis
527 2069 618 2098 neque
632 2060 797 2090 adulationis
812 2069 902 2098 neque
916 2061 965 2090 ob-

119 2109 264 2138 locutionis
285 2114 375 2145 neque
400 2108 582 2137 simulationis
611 2108 692 2137 habet
720 2108 890 2136 immixtum.
913 2108 964 2137 Sed

118 2155 228 2193 quando
249 2155 349 2192 aliquis
370 2155 494 2192 loquitur
516 2155 583 2183 falsa
605 2155 647 2184 vel
668 2163 704 2184 ex
726 2155 855 2189 vanitate,
872 2156 914 2184 vel
928 2163 964 2184 ex

118 2202 285 2236 curiositate,
300 2202 336 2230 ita
352 2202 425 2239 quod
447 2202 515 2230 nihil
530 2206 570 2231 est
585 2202 611 2230 in
627 2202 706 2231 dictis
721 2202 779 2231 suis
794 2202 844 2231 nisi
860 2202 886 2230 in
903 2202 965 2239 pul-

118 2248 254 2277 critudine
269 2249 434 2282 verborum,
456 2248 566 2285 quando
587 2251 628 2277 est
648 2248 843 2285 pusillanimis,
866 2248 893 2277 id
914 2252 963 2283 est,

118 2295 228 2332 quando
248 2303 301 2324 non
317 2295 400 2324 audet
414 2295 505 2324 dicere
527 2295 687 2330 veritatem,
710 2299 758 2324 aut
772 2295 882 2332 quando
893 2295 964 2324 adu-

118 2343 200 2377 latur,
215 2346 263 2371 aut
276 2342 437 2379 obloquitur
451 2342 485 2371 de
499 2342 669 2377 absentibus,
684 2345 733 2371 aut
747 2342 857 2379 quando
873 2345 914 2371 est
928 2343 964 2371 si-

117 2390 247 2424 mulator,
262 2389 365 2418 seilicet
386 2389 495 2426 quando
517 2389 590 2418 alind
612 2389 767 2426 praetendit
789 2389 816 2417 in
837 2397 964 2418 sermone

118 2439 145 2465 et
158 2435 232 2464 aliud
246 2436 318 2473 gerit
332 2436 359 2464 in
375 2435 472 2464 corde:
488 2438 554 2464 tunc
569 2444 622 2464 non
638 2439 679 2464 est
694 2443 785 2464 sermo
800 2444 900 2472 purus;
917 2435 964 2465 sed

118 2482 227 2520 quando
248 2482 317 2511 nihil
339 2482 422 2511 habet
442 2482 475 2511 de
496 2483 667 2511 admixtione
682 2483 799 2511 istorum
815 2486 842 2511 et
857 2486 898 2511 est
913 2491 963 2519 pu—

118 2537 183 2563 rus,
205 2532 271 2557 tunc
292 2532 333 2557 est
355 2537 446 2558 sermo
467 2529 676 2566 pulcherrimus
698 2530 724 2558 in
740 2533 889 2567 conspectu
905 2530 962 2559 Dei.

118 2576 190 2605 Talis
210 2579 303 2605 autem
324 2579 366 2605 est
386 2584 478 2605 sermo
501 2577 557 2611 Dei,
573 2580 708 2613 quantum
723 2581 764 2606 est
779 2577 812 2606 de
827 2585 871 2610 se;
891 2577 963 2606 Psal-

118 2623 215 2652 mus4:
240 2622 362 2661 Eloquia
384 2623 519 2657 Domini,
541 2623 655 2662 etoquia
687 2628 784 2658 casta,
807 2628 963 2662 (ιι-9071111111

1027 1172 1093 1209 ique
1124 1172 1345 1205 examinatam,
1377 1172 1534 1209 probatam
1567 1177 1679 1207 terrae,
1709 1178 1875 1212 purgatam

1026 1219 1200 1256 septuplam.
1225 1219 1270 1248 Est
1291 1227 1382 1248 sermo
1405 1220 1510 1248 Domini
1534 1224 1690 1257 arpentum
1708 1225 1873 1258 purgatum

1025 1266 1207 1303 septuplum,
1229 1267 1340 1303 quando
1361 1267 1429 1295 nihil
1452 1267 1535 1296 habet
1556 1267 1589 1296 de
1603 1267 1773 1297 admixtione
1788 1269 1873 1297 simu-

1028 1312 1135 1341 lationis
1164 1316 1190 1341 et
1212 1313 1409 1347 oblocutionis,
1432 1313 1596 1342 adulationis
1619 1321 1708 1351 neque
1733 1315 1874 1351 pusillani-

1026 1359 1128 1387 mitatis
1148 1367 1239 1396 neque
1261 1360 1389 1388 vanitatis
1410 1368 1500 1397 neque
1522 1360 1689 1389 curiositatis
1713 1369 1804 1398 neque
1825 1361 1874 1390 fal—

1026 1405 1121 1434 sitatis.
1144 1406 1195 1434 Sed
1216 1406 1363 1442 aliquando
1393 1407 1498 1435 ratione
1520 1406 1661 1444 loquentis
1683 1408 1725 1436 vel
1752 1408 1874 1436 audien-

1026 1452 1100 1480 tiam
1121 1452 1288 1481 admiscetur
1313 1453 1337 1481 ei
1366 1453 1469 1489 aliquid
1490 1453 1523 1482 de
1546 1454 1680 1488 vanitate,
1702 1457 1750 1482 aut
1771 1455 1804 1483 de
1826 1463 1874 1483 cu-

1026 1499 1160 1532 riositate,
1183 1503 1231 1527 3111
1259 1499 1292 1528 de
1320 1499 1453 1533 falsitate;
1479 1503 1506 1528 et
1534 1503 1599 1529 tunc
1628 1509 1680 1528 non
1710 1504 1751 1529 est
1778 1510 1873 1530 sermo

1022 1554 1135 1582 parus,
1158 1547 1223 1583 quia
1246 1547 1361 1583 loquens
1383 1547 1425 1575 vel
1446 1547 1561 1576 audiens
1583 1556 1637 1576 non
1659 1551 1699 1576 est
1720 1556 1824 1585 purus;
1847 1552 1873 1577 et

1025 1600 1105 1621 omne
1131 1596 1274 1629 receptum
1304 1593 1437 1630 recipitur
1459 1601 1508 1630 per
1531 1594 1642 1622 modum
1673 1595 1830 1631 recipientis
1845 1595 1871 1629 ⁵3

1025 1642 1051 1667 et
1073 1639 1183 1675 quando
1199 1648 1246 1668 vas
1260 1640 1435 1668 immundum
1458 1643 1514 1674 est,
1536 1640 1598 1669 licet
1614 1641 1704 1678 liquor
1720 1641 1755 1669 sit
1769 1649 1871 1678 purus,

1025 1689 1116 1715 tamen
1138 1686 1244 1715 ratione
1259 1687 1330 1715 vasis
1346 1687 1479 1716 immundi
1502 1688 1641 1716 contrahit
1656 1688 1870 1723 immunditiam,

1024 1733 1096 1761 sicut
1117 1733 1227 1770 qnando
1250 1734 1365 1770 loquens
1397 1742 1450 1762 non
1483 1734 1566 1763 habet
1587 1742 1634 1763 cor
1655 1743 1758 1771 purum
1781 1744 1872 1772 neque

1024 1779 1095 1808 labia
1116 1788 1203 1816 pura,
1225 1783 1273 1809 aut
1294 1781 1405 1817 quando
1426 1781 1535 1809 auditor
1556 1790 1611 1810 non
1633 1782 1717 1810 habet
1738 1782 1821 1811 corda
1845 1786 1872 1811 et

1023 1834 1106 1855 aures
1127 1835 1220 1863 puras.
1243 1827 1293 1856 Sed
1315 1828 1378 1864 quis
1399 1827 1479 1856 faciet
1500 1831 1526 1857 et
1548 1829 1652 1857 creabit
1665 1829 1745 1858 nobis
1759 1837 1806 1858 cor
1823 1838 1872 1866 pu-

1023 1876 1109 1901 rum?
1131 1873 1201 1902 Dicit
1224 1874 1319 1903 lsaias:
1354 1875 1410 1903 Vae
1441 1874 1535 1903 milti!
1566 1876 1638 1913 qaia
1668 1876 1716 1904 vir
1740 1875 1872 1912 pollutas

1024 1920 1109 1949 labiis
1130 1929 1180 1958 090
1200 1929 1267 1949 sum
1289 1924 1313 1949 et
1335 1922 1365 1949 in
1397 1922 1490 1950 medio
1521 1922 1623 1959 populi
1646 1922 1760 1959 pollata
1791 1922 1871 1951 tabia

1023 1966 1154 1996 habentis
1169 1976 1218 2003 eqo
1233 1966 1349 2002 ltabe'to,·
1372 1972 1532 2005 propterea,
1548 1977 1582 1997 ne
1596 1969 1746 2005 perdamus
1761 1973 1870 2006 tempus

1022 2017 1162 2048 nostrum,
1178 2022 1273 2043 eamus
1287 2015 1321 2043 ad
1343 2015 1433 2052 ipsum
1455 2016 1502 2052 qui
1520 2019 1609 2052 potest
1624 2024 1744 2052 purgare
1759 2019 1870 2052 peccata

1022 2065 1049 2090 et
1071 2062 1199 2098 purgavit
1221 2062 1292 2090 labia
1313 2062 1409 2096 Isaiae,
1431 2066 1458 2091 et
1480 2071 1626 2100 rogemus,
1648 2062 1722 2099 quod
1742 2063 1788 2091 det
1803 2063 1868 2091 mihi

1022 2108 1126 2146 aliquid
1147 2109 1238 2138 dicere
1260 2113 1310 2138 etc.

1103 2155 1249 2193 Pan-qamt
1268 2156 1345 2192 filios
1366 2157 1434 2184 Levi
1454 2159 1505 2185 etc.

1101 2202 1253 2231 Praesentis
1274 2203 1327 2231 diei
1348 2203 1521 2237 solemnitas,
1537 2211 1608 2240 qnae
1623 2206 1664 2232 est
1685 2203 1718 2232 de
1740 2203 1869 2240 purifica-

1022 2249 1095 2278 tione
1115 2250 1250 2286 gloriosae
1272 2250 1392 2287 Virginis
1413 2250 1528 2284 Mariae,
1544 2250 1711 2286 explanatur
1726 2258 1762 2279 ex
1778 2250 1869 2279 verbis

1021 2296 1096 2330 istis,
1118 2304 1190 2333 quae
1211 2296 1244 2325 de
1266 2297 1397 2325 Malachia
1419 2300 1587 2331 sumuntur,
1610 2305 1681 2334 quae
1707 2298 1728 2326 si
1751 2297 1869 2333 superfi-

1021 2343 1081 2371 ciali
1104 2343 1322 2372 consideratione
1344 2347 1504 2380 pensentur,
1520 2344 1596 2372 nulla
1617 2344 1807 2373 convenientia
1828 2347 1869 2372 est

1020 2390 1097 2419 verbi
1131 2390 1164 2418 ad
1196 2390 1389 2425 festivitatem,
1411 2394 1437 2419 et
1462 2391 1583 2419 absurde
1614 2394 1737 2419 assumta
1759 2391 1868 2419 videtur

1021 2437 1174 2473 prophetia.
1197 2437 1248 2465 Sed
1270 2437 1389 2474 Spiritus
1421 2441 1532 2466 sanctus
1563 2438 1646 2466 altius
1674 2441 1867 2475 perscrutatur

1020 2484 1181 2520 nugatoria;
1204 2484 1273 2518 ideo,
1289 2484 1309 2513 si
1327 2484 1508 2520 spiritualiter
1524 2487 1753 2521 perscrutantur,
1769 2492 1868 2513 conve-

1020 2530 1150 2559 nientiam
1174 2531 1302 2559 videntur
1324 2531 1427 2560 habere
1449 2539 1511 2560 cum
1532 2531 1705 2560 solemnitate
1719 2531 1867 2568 praesenti.

1020 2578 1132 2606 Materia
1147 2578 1326 2606 solemnitatis
1341 2578 1494 2614 praesentis
1515 2581 1556 2606 est
1573 2577 1746 2615 purificatio
1767 2578 1867 2615 glorio-

1020 2633 1066 2653 sae
1097 2625 1217 2661 Virginis
1248 2625 1348 2653 Mariae
1370 2628 1396 2654 et
1418 2625 1523 2653 oblatio
1552 2625 1749 2662 primogenitae
1773 2625 1866 2653 Prolis.

181 2763 188 2776 ¹
206 2765 236 2786 Ex
253 2765 304 2786 cod.
322 2764 424 2787 biblioth.
443 2765 524 2788 Oxonii
541 2771 601 2788 saec.
614 2766 669 2788 xm.
682 2766 719 2788 fol.
734 2766 792 2793 246,
810 2767 840 2789 de
856 2773 903 2795 (1110
921 2768 962 2789 cfr.

118 2805 174 2825 tom.
192 2804 218 2824 V.
237 2803 365 2831 Prolegom.
383 2810 437 2831 pag.
451 2804 490 2826 XL
507 2805 550 2826 col.
563 2805 585 2826 11.
603 2811 669 2833 seqq.
681 2808 703 2827 et
714 2805 781 2828 Ratio
794 2808 835 2828 etc.
849 2812 902 2833 pag.
920 2806 961 2827 190

118 2847 183 2870 seqq.
200 2842 224 2863 111
242 2841 277 2864 1110
294 2842 374 2864 codice
391 2842 427 2864 1116
445 2845 478 2864 est
496 2846 591 2870 quartus
608 2843 666 2865 inter
683 2849 802 2866 sermones
819 2844 848 2866 de
868 2845 960 2872 Septem

118 2880 185 2902 donis
202 2880 300 2908 Spiritus
318 2881 340 2902 S.
357 2880 458 2903 Habetur
474 2881 543 2903 0113111
562 2881 655 2904 brevior
672 2888 725 2904 cum
741 2883 833 2905 nomine
846 2884 962 2906 8011311011-

119 2922 183 2941 turae
200 2919 223 2940 in
239 2919 291 2941 cod.
303 2919 411 2942 Trecensi
428 2926 451 2942 n.
464 2920 523 2947 951,
541 2920 580 2942 ubi
598 2921 702 2949 seqnitur
719 2924 771 2949 post
787 2928 887 2944 sermon.
905 2924 919 2945 1.
932 2923 961 2945 de

118 2958 258 2986 Epiphania:
277 2957 321 2981 Ubi
336 2960 380 2986 est,
398 2958 441 2988 qui
455 2960 526 2982 nutus
544 2961 578 2982 est
595 2963 646 2986 etc„
663 2961 699 2982 sol.
717 2961 753 2983 59.

212 3005 237 3028 S.
256 3005 346 3028 Bonae.
363 3018 393 3021 —
411 3006 478 3028 Tom.
495 3006 533 3028 [X.

1081 2766 1090 2779 2
1108 2767 1201 2789 ltlalaeh.
1220 2767 1240 2793 3,
1258 2767 1279 2788 3.
1297 2779 1328 2783 —
1345 2767 1465 2789 Prothema
1484 2766 1582 2788 habetur
1600 2766 1666 2788 Prov.
1685 2766 1722 2792 ⁴5,
1740 2766 1777 2787 26.

1082 2805 1090 2817 ³
1107 2806 1163 2827 Cod.
1181 2806 1301 2827 Treccnsis
1318 2805 1387 2827 habet
1403 2807 1544 2834 apparatus.

1081 2844 1090 2855 ⁴
1108 2845 1191 2866 Psalm.
1211 2845 1250 2871 11,
1268 2845 1294 2871 6;
1312 2844 1415 2872 sequitur
1433 2844 1482 2865 lsai.
1500 2844 1525 2870 6,
1544 2844 1565 2865 5.

1082 2882 1091 2895 ⁶
1108 2884 1155 2906 Hoc
1172 2883 1312 2910 principium
1330 2883 1387 2905 inter
1402 2883 1554 2905 Scholasticos
1567 2889 1691 2905 commune
1709 2882 1806 2905 hahetur
1818 2889 1867 2905 ver-

1019 2922 1117 2945 botenus
1134 2923 1156 2944 in
1174 2922 1242 2944 Libro
1260 2923 1289 2944 de
1307 2923 1387 2944 (1311515
1404 2928 1500 2950 propos.
1518 2923 1553 2944 10.
1571 2925 1594 2944 et
1611 2922 1648 2944 20.
1666 2925 1688 2944 et
1711 2923 1779 2950 paulo
1803 2922 1866 2945 aliter

1019 2967 1153 2989 expressum
1172 2961 1233 2989 apud
1253 2962 1339 2987 Boeth„
1357 2961 1384 2983 V.
1402 2961 1431 2983 de
1448 2960 1538 2983 Consol.
1557 2967 1619 2989 pros.
1638 2961 1659 2983 Ιι.

1742 3009 1770 3030 80

1885 2214 1958 2233 Sermo.
