2243 3348
19 1545 122 1588 yPaupertas

22 1588 117 1612 profunda.

7 2410 21 2429 11.
29 2407 126 2426 Antonius.

885 170 927 199 DE
949 171 974 199 S.
996 170 1150 199 ANTONIO.

147 248 267 286 speciali,
288 248 335 277 sed
350 248 442 277 omnia
462 249 488 277 in
504 249 656 282 communi;
678 248 777 282 altior,
799 249 826 277 in
848 256 903 285 qua
921 248 990 276 nihil

146 295 173 323 in
195 294 314 331 speciali,
329 303 383 323 non
399 297 489 323 tamen
504 295 604 329 omnia,
620 295 666 323 sed
681 295 774 331 aliqua
788 295 814 323 in
834 294 989 329 communi;

147 340 293 369 altissima
314 348 388 374 vero,
412 341 438 369 in
454 349 508 377 qua
523 341 591 369 nihil
606 341 633 369 in
649 341 769 378 speciali,
790 341 857 370 nihil
873 342 900 370 in
916 349 990 370 com-

146 387 233 415 muni.
257 387 328 415 Hanc
349 387 464 423 professi
485 390 550 416 sunt
571 388 681 416 Fratres
701 388 819 416 Minores
839 391 867 416 et
894 388 990 416 heatus

146 433 289 467 Antonius,
311 433 338 461 in
360 441 480 470 quorum
501 433 604 470 Regula
620 435 628 450 ¹
651 433 767 462 dicitur:
795 446 808 459 «
822 434 931 462 Fratres
950 435 990 462 ni-

146 480 184 509 hil
215 480 265 509 sibi
297 480 491 516 appropriant,
519 487 569 508 nec-
601 480 713 508 domum
742 488 793 509 nec
822 481 911 509 locum
941 488 990 509 nec

145 526 264 563 aliquam
287 533 345 554 rem
361 536 394 559 »3
416 528 443 554 et
467 525 527 554 ideo
547 525 575 553 in
597 525 690 554 eadem
718 526 819 562 Regula
839 526 904 555 dicit
927 526 990 555 hea-

145 576 190 601 tus
211 573 386 601 Franciscus:
413 572 510 600 «Haec
541 576 582 600 est
611 572 656 600 illa
684 573 818 601 celsitudo
843 573 990 602 altissimae

144 619 330 656 paupertatis,
352 626 423 656 quae
444 626 508 652 vos,
530 618 687 647 carissimos
709 619 808 647 fratres
829 627 919 654 meos,
942 620 990 648 he-

144 665 224 694 redes
244 668 272 694 et
293 673 372 702 reges
393 665 468 702 regni
491 664 630 693 caelorum
653 665 780 698 instituit,
796 673 932 702 pauperes
947 674 989 694 re-

144 712 198 741 hus
217 712 295 746 fecit,
317 711 468 743 virtutibus
482 711 682 740 sublimavit».
706 712 778 740 Hanc
799 715 988 748 paupertatem

145 759 242 788 habuit
271 759 413 793 Christus,
445 758 596 787 secundum
626 758 693 787 illud
721 758 848 786 Matthaei
877 762 988 787 octavo:

150 806 252 843 Vulpes
272 805 372 843 foveas
393 804 498 834 liabent
517 809 542 833 et
562 805 693 833 volucres
717 805 791 833 caeli
816 805 918 838 nidos,
940 805 990 833 Fi-

145 852 203 881 lius
223 856 320 881 autem
349 851 475 881 bominis
500 860 557 880 non
586 851 685 885 liabet,
717 851 766 879 ubi
789 855 879 888 caput
906 859 988 880 suum

144 899 267 929 reclinet.
289 900 362 928 Hanc.
382 899 463 928 etiam
485 899 645 928 habuerunt
667 899 795 935 Apostoli,
817 899 843 926 in
867 906 987 935 quorum

144 954 262 984 persona
281 947 347 975 dicit
361 946 505 983 Apostolus
519 946 625 983 primae
646 946 678 974 ad
694 946 869 974 Timotheum
893 949 988 974 sexto:

143 992 285 1021 Habentes
306 992 445 1021 alimenta
466 996 491 1020 et
511 992 617 1030 quibus
640 996 784 1029 tegamur,
807 990 852 1020 liis
867 991 990 1020 contenti

143 1040 246 1068 simus.
268 1039 446 1076 Praeceperat
466 1039 539 1068 enim
559 1039 598 1068 eis
614 1039 754 1072 Dominus,
776 1042 807 1067 ut
821 1039 925 1067 nullam
942 1039 989 1066 ha-

143 1087 241 1115 herent
261 1086 488 1120 sollicitudinem;
510 1086 637 1114 Matthaei
661 1089 740 1114 sexto
756 1085 781 1113 ²:
800 1085 892 1113 Nolite
911 1085 989 1113 solli-

143 1134 194 1163 citi
207 1142 275 1168 esse,
287 1133 425 1162 dicentes.-
443 1133 520 1169 Quid
532 1132 781 1161 manducabimus
795 1136 848 1161 aut
862 1132 934 1170 quia
949 1132 990 1160 bi-

144 1180 242 1209 bemus
262 1184 316 1209 aut
336 1189 392 1219 quo
413 1180 599 1217 operiemur?
622 1179 680 1215 Qui
698 1180 794 1216 pascit
813 1187 881 1208 aves
899 1183 926 1208 et
945 1188 989 1207 ve-

143 1227 192 1256 stit
212 1227 285 1261 lilia,
307 1235 356 1255 vos
377 1227 474 1255 vestiet
495 1229 522 1255 et
543 1229 635 1263 pascet
656 1226 715 1254 sine
736 1226 932 1261 sollicitudine,
948 1234 989 1255 se-

143 1274 264 1303 cundum
276 1273 350 1310 quod
361 1273 462 1302 dicitur
473 1273 561 1302 Lucae
573 1273 704 1310 vigesimo
716 1273 851 1302 secundo:
865 1273 989 1309 Quando

143 1321 213 1349 misi
231 1329 282 1349 vos
295 1321 357 1349 sine
376 1320 494 1349 sacculo
512 1323 538 1348 et
554 1328 639 1357 pera,
661 1320 797 1358 nunquid
817 1320 931 1358 aliquid
946 1321 989 1349 tte-

143 1366 202 1405 fuit
221 1367 323 1396 vobis?
345 1369 383 1396 At
403 1367 447 1396 illi
467 1367 622 1396 dixerunt:
645 1366 733 1396 Nilzil.
761 1367 786 1396 Si
808 1375 874 1404 ergo
896 1367 989 1396 Domi-

143 1422 196 1443 nus
217 1414 288 1443 inter
311 1415 423 1443 ludaeos
437 1414 522 1443 duros
537 1418 563 1443 et
578 1415 736 1443 incredulos
757 1414 906 1451 discipulos
925 1423 989 1443 suos

142 1461 271 1498 pascebat
282 1462 340 1490 sine
354 1461 546 1495 sollicitudine,
561 1461 627 1498 quid
644 1462 756 1495 mirum,
771 1462 791 1490 si
808 1469 882 1490 nunc
898 1465 990 1498 pascat

142 1509 252 1537 Fratres
263 1508 389 1542 Minores,
401 1508 523 1537 eiusdem
539 1508 713 1545 perfectionis
729 1508 905 1545 professores,
918 1509 989 1537 inter

143 1556 260 1592 populos
281 1555 333 1584 iam
356 1555 449 1584 fideles
464 1555 495 1582 ³?
517 1571 553 1576 —-
575 1554 734 1592 Profunda
755 1564 790 1584 ex
813 1556 989 1584 subiectionis

143 1602 305 1637 ohedientia,
321 1602 472 1631 secundum
488 1602 555 1630 illud
578 1602 659 1631 Isaiae
681 1603 853 1640 sexagesimo
871 1607 950 1631 sexto
962 1604 989 1630 4:

144 1650 191 1678 Act
211 1657 295 1687 quem
315 1653 412 1677 autem
438 1649 592 1686 respiciam
619 1649 680 1677 nisi
706 1650 746 1677 ad
771 1650 989 1686 pauperculum

143 1701 169 1725 et
189 1696 346 1725 contritum
367 1696 477 1733 spiritu
495 1699 520 1724 et
542 1699 703 1724 trementem
726 1705 872 1725 sermones
890 1697 989 1725 ineos?

143 1743 171 1772 In
193 1751 249 1780 quo
269 1743 388 1772 ostendit
409 1743 556 1776 Dominus,
579 1743 653 1780 quod
675 1743 779 1771 nullam
806 1743 894 1781 diligit
922 1752 991 1781 pau-

143 1793 287 1827 pertatem,
309 1790 361 1819 nisi
383 1790 482 1819 habeat
503 1789 677 1818 coniunctam
700 1790 899 1825 humilitatem;
922 1799 989 1827 pau-

142 1840 235 1874 pertas
255 1837 327 1866 enim
350 1837 471 1874 superba
485 1840 511 1865 et
527 1837 582 1865 Deo
603 1840 630 1865 et
652 1837 809 1866 hominibus
826 1840 867 1866 est
881 1837 988 1872 odiosa;

144 1884 321 1913 Ecclesiastici
354 1884 485 1921 vigesimo
517 1884 630 1921 quinto:
666 1884 735 1912 Tres
765 1885 872 1921 speeies
899 1885 991 1913 odivit

143 1931 246 1959 anima
256 1939 331 1965 mea,
343 1935 367 1959 et
375 1939 525 1968 ayyravor
537 1930 619 1959 valde
630 1931 749 1959 animae
760 1931 895 1960 illorum:
908 1932 990 1960 Pau-

139 1986 238 2014 perem
252 1977 428 2015 superbum,
444 1978 560 2006 divitem
571 1978 752 2012 mendacem,
764 1987 858 2007 senem
869 1978 990 2016 fatuum

142 2028 169 2053 et
188 2025 377 2053 insensatum.
394 2025 500 2061 Pauper
521 2025 592 2053 enim
615 2025 754 2061 superbus
774 2028 816 2054 est
831 2026 988 2062 hypocrita;

142 2073 184 2100 est
208 2071 289 2100 etiam
311 2074 449 2108 apostata,
471 2071 570 2105 immo,
599 2074 630 2100 ut
657 2071 695 2100 ita
715 2072 819 2105 dicam,
842 2076 883 2101 est
910 2073 988 2110 quasi

143 2117 277 2155 quaedam
299 2118 468 2154 pestilentia;
492 2118 704 2146 Proverbiorum
724 2118 855 2155 vigesimo
877 2122 987 2148 octavo:

149 2165 199 2193 Vir
211 2173 336 2202 pauper,
352 2164 540 2193 calumnians
556 2173 711 2202 pauperes,
726 2165 832 2194 similis
846 2169 886 2194 est
900 2166 990 2194 imbri

142 2211 309 2245 vehementi,
330 2211 362 2240 in
383 2220 439 2249 (1110
458 2215 589 2249 paratur
611 2211 714 2249 fames.
737 2213 794 2241 Non
819 2213 896 2241 talem
920 2222 989 2250 pau-

144 2261 278 2295 pertatem
300 2262 373 2287 amat
396 2259 540 2292 Dominus,
562 2259 609 2288 sed
631 2263 821 2296 paupertatem
846 2260 988 2294 humilem,

143 2305 177 2334 de
197 2314 252 2343 qua
273 2305 485 2334 Proverbiorum
515 2306 622 2334 decimo
650 2310 746 2334 oct-avo
761 2307 787 2334 ⁵:
812 2306 885 2335 Cum
912 2306 988 2335 obse-

144 2352 325 2381 crationibus
347 2352 478 2390 loquetur
497 2361 623 2390 pauper,
642 2358 668 2381 et
687 2353 766 2382 clives
788 2352 925 2390 effabitur
946 2354 989 2381 ri-

143 2399 216 2436 91110.
229 2415 267 2420 ——
278 2399 349 2428 Talis
364 2407 469 2436 pauper
481 2399 533 2428 fuit
548 2400 644 2428 beatus
655 2400 796 2433 Antonius,
809 2400 854 2436 qui
872 2400 897 2428 iu
913 2400 988 2428 omni

143 2453 243 2482 genere
264 2446 375 2475 vilitatis
395 2450 422 2475 et
437 2446 601 2475 humilitatis
615 2446 821 2483 diligentissime
837 2447 888 2475 fuit
906 2455 988 2475 exer-

143 2493 259 2526 citatus,
287 2493 439 2521 secundum
468 2493 541 2529 quod
571 2493 604 2521 de
625 2501 657 2521 eo
680 2493 796 2529 legitur:
827 2505 840 2518 «
856 2493 938 2530 Magis
960 2501 989 2522 se

143 2540 306 2568 exercitavit
328 2540 354 2568 in
376 2540 511 2576 principio
532 2547 598 2568 suae
616 2540 803 2568 conversionis
826 2540 851 2568 in
867 2540 988 2568 scutellis

144 2586 265 2614 lavandis
286 2594 369 2622 quam
391 2586 417 2614 in
439 2586 590 2623 scripturis
612 2586 858 2622 perscrutandis».

206 2730 214 2742 ¹
233 2730 289 2759 Cap.
306 2731 333 2758 6;
350 2734 478 2760 sequuntur
496 2731 572 2753 Matth.
591 2732 612 2758 8,
630 2732 668 2753 20.
684 2735 706 2754 et
724 2733 738 2754 l.
755 2733 815 2754 Tim.
834 2733 854 2761 6,
873 2734 894 2755 8.

206 2768 215 2781 ²
232 2769 299 2791 Vers.
317 2770 354 2791 31.
372 2770 409 2792 25.
426 2776 491 2798 seqq.
508 2773 530 2792 et
547 2770 599 2792 dein
616 2770 671 2792 Luc.
688 2772 725 2799 22,
743 2771 780 2793 35.
797 2777 846 2800 seq.

204 2807 213 2819 ³
234 2808 292 2830 Vide
309 2808 404 2836 Bonav.,
421 2811 476 2830 tom.
495 2809 549 2831 Vlll.
567 2809 596 2831 de
614 2810 752 2832 Persectione
771 2810 831 2832 vitae
847 2811 875 2833 ad
889 2817 988 2838 sorores,

144 2853 163 2869 c.
184 2848 205 2869 3.
225 2853 247 2869 n.
265 2847 287 2869 7.
305 2847 326 2869 in
345 2847 397 2876 fine,
414 2847 453 2870 uhi
471 2848 552 2870 eadem
571 2848 642 2870 verba
660 2853 791 2871 occurrunt.

206 2885 215 2897 4
233 2886 298 2908 Vei-s.
316 2887 341 2912 23
358 2889 486 2915 sequuntur
504 2887 571 2909 Eccli.
591 2888 628 2914 25,
646 2888 667 2909 3.
685 2894 734 2916 seq.
751 2892 773 2910 et
791 2890 857 2911 Prov.
875 2890 912 2916 28,
930 2890 951 2911 3.

207 2924 216 2937 ⁵
234 2925 299 2947 Vors.
318 2925 355 2947 23.
374 2938 402 2941 —
420 2926 452 2947 De
469 2926 573 2954 sequenti
591 2926 641 2948 loco
659 2926 714 2949 vide
731 2927 823 2949 Surium
850 2928 870 2949 in
895 2929 937 2950 hoc
961 2929 989 2950 se-

144 2966 204 2986 511101
223 2966 236 2991 ξ’,
254 2964 275 2990 8,
292 2963 331 2985 ubi
349 2964 404 2986 dicit
421 2964 449 2986 de
467 2965 488 2986 S.
507 2965 616 2987 Antonio:
637 2974 647 2985 ιι
662 2966 801 2988 Praefectum
825 2973 901 2995 suum,
918 2973 988 2996 quem

238 3010 265 3033 S.
281 3011 374 3033 Bonae.
389 3023 419 3027 —
432 3011 501 3033 Toni.
517 3012 554 3033 lx.

1833 173 1887 202 537

1124 249 1216 278 Tertio
1240 249 1322 278 debet
1349 257 1408 278 esse
1436 249 1498 278 lata
1525 257 1561 279 ex
1589 250 1775 279 tribulationis
1802 251 1888 280 abun-

1045 295 1152 330 dantia;
1184 296 1358 333 Apocalypsis
1388 296 1550 325 secund0⁶:
1580 297 1645 325 Scio
1674 297 1887 327 tribulationem

1046 345 1129 370 tuam
1150 346 1176 370 et
1193 346 1395 379 paupertatem
1419 347 1517 376 tuam,·
1537 343 1586 372 sert
1613 344 1693 372 dives
1713 352 1742 372 es
1762 348 1786 372 et
1814 344 1888 373 blas-

1043 387 1195 424 phemaris
1223 388 1259 417 ab
1288 388 1334 417 his
1355 389 1407 427 qui
1433 398 1462 418 se
1487 390 1588 418 dicunt
1617 390 1740 419 ludaeos
1765 399 1839 426 esse,
1865 395 1889 420 et

1045 443 1104 463 non
1124 439 1209 469 sunt,
1231 436 1281 464 sed
1307 440 1377 464 sunt
1404 445 1557 474 8911090911
1578 441 1709 466 satanae.
1739 438 1888 475 Paupertas

1046 482 1129 515 enim,
1141 482 1187 510 ubi
1203 486 1244 511 est
1259 483 1426 511 abundantia
1441 483 1660 518 tribulationum,
1673 485 1699 513 in
1715 485 1785 514 bona
1799 486 1888 515 anima

1046 528 1118 564 parit
1138 529 1334 558 abundantiam
1350 530 1576 564 consolationum,
1592 531 1743 560 secundum
1759 533 1833 569 quod
1847 532 1886 561 di-

1047 574 1119 602 citur
1140 575 1276 604 secundae
1290 576 1324 603 ad
1339 576 1494 605 Corinthios
1510 577 1613 613 primo:
1634 578 1715 606 Sicut
1735 578 1887 608 abundant

1042 620 1196 656 passiones
1219 620 1328 650 Clu-isti
1358 622 1389 650 in
1419 623 1517 657 nobis,
1549 625 1591 653 ita
1612 629 1636 653 et
1656 634 1710 662 per
1739 625 1886 655 Christum

1046 666 1178 695 abundat
1200 669 1356 697 consolatio
1384 674 1494 698 nostra.
1518 671 1589 700 Talis
1616 673 1706 701 anima
1731 676 1772 701 est
1797 673 1888 707 diveS,

1046 714 1111 749 quia
1132 714 1178 750 qui
1201 715 1355 751 gloriantur
1385 716 1411 743 in
1440 721 1601 753 paupertate
1630 719 1717 747 multo
1748 720 1834 757 magis
1861 721 1886 748 in

1045 759 1213 788 abundantia
1227 764 1307 795 sunt;
1323 765 1350 789 et
1366 766 1479 798 propter
1494 764 1544 792 hoc
1556 765 1699 801 Apostolus
1713 766 1778 794 dicit
1792 774 1888 795 secun-

1045 805 1095 833 dae
1116 806 1149 833 ad
1171 806 1326 835 Corinthios
1347 811 1442 837 sexto:
1465 809 1546 838 Sicut
1570 815 1688 847 egentes,
1710 812 1814 841 multos
1835 822 1888 841 au>

1047 856 1100 880 tem
1121 852 1334 889 locupletantes,
1350 858 1492 892 tanquam
1513 856 1587 885 1111111
1601 857 1733 886 babentes
1747 863 1771 887 et
1790 860 1886 888 onmia

1044 898 1229 935 possidentes.
1252 916 1288 920 —
1311 901 1382 929 Talis
1403 901 1455 929 fuit
1483 902 1579 931 beatus
1604 905 1750 939 Antonius,
1775 905 1809 934 de
1833 915 1888 942 quo

1046 948 1120 973 recte
1146 949 1234 982 potest
1261 946 1373 984 intelligi
1402 948 1468 976 illud
1498 949 1674 978 Ecclesiastici
1704 951 1888 980 undecim07:

1048 992 1097 1019 Est
1117 991 1200 1020 1101110
1221 994 1385 1027 marcidus,
1400 1003 1483 1031 eyens
1504 997 1736 1032 recuperatione,
1754 998 1823 1035 plus
1844 999 1889 1027 (le-

1044 1037 1144 1075 11010113
1164 1039 1270 1068 virtute
1291 1044 1315 1068 et
1342 1041 1499 1070 abundans
1519 1047 1709 1079 paupertate;
1737 1048 1761 1072 et
1789 1045 1889 1073 oculus

1048 1085 1099 1113 Dei
1119 1086 1243 1122 respexit
1265 1086 1346 1115 11111111
1369 1088 1399 1115 in
1423 1088 1493 1117 bono
1515 1093 1539 1117 et
1564 1091 1653 1118 erexit
1681 1100 1746 1119 011111
1773 1092 1808 1120 ab
1837 1091 1889 1120 liu-

1045 1132 1169 1161 militate
1190 1133 1285 1170 ipsius
1306 1138 1330 1162 01
1351 1134 1491 1163 exaltavit
1521 1140 1610 1173 caput
1630 1137 1709 1172 eius,
1735 1142 1761 1166 et
1787 1139 1890 1167 mirati

1045 1184 1114 1208 sunt
1136 1180 1166 1208 111
1181 1180 1229 1208 illo
1244 1181 1331 1209 multi
1344 1185 1368 1209 et
1383 1180 1602 1211 honoraverunt
1619 1185 1716 1212 Deum.
1736 1202 1768 1205 —
1785 1186 1888 1222 Quarto

1045 1226 1126 1255 debet
1153 1234 1212 1255 esse
1245 1227 1331 1264 1011911
1359 1236 1395 1256 ex
1427 1230 1644 1265 supportationis
1668 1233 1888 1267 perseverantia,

1047 1274 1184 1302 Psalmus:
1206 1274 1328 1311 Pauper
1348 1283 1415 1303 suin
1437 1284 1486 1312 090
1518 1281 1542 1304 01
1570 1278 1601 1305 111
1621 1277 1771 1306 laboribus
1799 1288 1818 1308 a
1844 1280 1889 1308 iu-

1045 1324 1157 1349 ventute
1184 1330 1256 1350 inea.
1287 1321 1377 1357 Sum,
1405 1323 1486 1357 dicit,
1508 1327 1535 1352 et
1562 1332 1616 1352 non
1645 1323 1707 1361 fui,
1730 1326 1795 1362 quia
1823 1335 1889 1363 pau-

1046 1371 1138 1404 pertas
1159 1375 1268 1405 semper
1283 1372 1342 1397 erat
1357 1369 1380 1397 ei
1397 1377 1527 1405 praesens
1542 1374 1569 1399 et
1584 1372 1714 1400 continua
1728 1373 1761 1400 ad
1778 1373 1888 1402 modum

1046 1414 1189 1443 cuiusdam
1210 1416 1380 1444 aeternitatis
1395 1420 1421 1444 et
1437 1417 1462 1444 in
1480 1418 1659 1453 praeteritum
1677 1427 1730 1447 non
1747 1420 1888 1448 transibat.

1046 1461 1152 1490 Sciebat
1173 1462 1255 1496 enim,
1271 1462 1405 1498 scriptum
1422 1471 1496 1491 esse:
1513 1464 1659 1499 Quoniam
1674 1474 1732 1493 non
1754 1467 1784 1494 in
1804 1466 1887 1502 finem

1046 1508 1149 1537 oblivio
1170 1509 1224 1537 erit
1242 1510 1396 1546 pauperis,
1410 1510 1729 1549 patientiapauperum
1751 1522 1809 1541 non
1829 1523 1890 1550 per-

1046 1554 1099 1583 ibit
1118 1556 1149 1584 in
1170 1554 1274 1592 finemq
1296 1560 1442 1592 propterea
1463 1558 1606 1593 Apostolus
1630 1558 1663 1587 ad
1687 1559 1821 1588 Hebraeos
1844 1560 1889 1589 de—

1046 1602 1116 1630 cimo
1131 1602 1157 1630 ⁸:
1183 1603 1328 1639 Rapinam
1351 1603 1492 1632 bonorum.
1509 1608 1670 1633 vestroruin
1692 1614 1759 1634 cum
1779 1607 1889 1643 paullio

1045 1649 1224 1686 suscepistis,
1246 1654 1454 1687 coynoscentes,
1485 1659 1536 1679 vos
1567 1650 1669 1680 babere
1689 1653 1835 1681 meliorem
1866 1658 1889 1681 et

1045 1700 1207 1724 manentem
1228 1697 1432 1725 substantiam.
1453 1697 1544 1726 Nolite
1565 1699 1662 1736 itaque
1683 1700 1813 1728 amittere
1828 1708 1889 1728 con-

1045 1742 1195 1779 fidentiam
1218 1747 1359 1777 vestram,
1385 1753 1459 1782 quae
1484 1753 1623 1782 1111191111-111
1652 1744 1734 1774 babet
1759 1755 1888 1774 remune-

1046 1790 1198 1818 rationem.
1224 1791 1370 1819 Patientia
1392 1791 1466 1819 0111111
1490 1791 1568 1820 vobis
1588 1793 1754 1821 necessaria
1776 1797 1822 1821 est.
1853 1810 1889 1813 -

1046 1836 1139 1865 Talem
1162 1840 1351 1874 paupertatem
1374 1838 1470 1866 hahuit
1485 1838 1581 1867 beatus
1600 1840 1743 1873 Antonius,
1759 1840 1887 1876 quoniam

1046 1884 1081 1912 ab
1102 1884 1214 1912 infantia
1235 1893 1285 1913 sua
1306 1893 1395 1921 usque
1417 1886 1443 1913 in
1459 1885 1540 1914 finem
1563 1894 1616 1914 non
1631 1886 1735 1915 destitit
1749 1895 1807 1916 esse
1823 1895 1888 1923 pau-

1046 1939 1104 1968 per.
1129 1931 1159 1959 Et
1181 1931 1256 1965 ideo,
1278 1932 1343 1968 quia
1364 1940 1455 1969 usque
1476 1932 1507 1960 in
1527 1932 1613 1969 finem
1634 1934 1838 1970 perseuerauit,
1851 1942 1890 1962 re-

1047 1979 1265 2007 munerationem
1287 1979 1421 2012 obtinuit,
1444 1979 1595 2008 secundum
1618 1980 1691 2016 quod
1720 1980 1752 2009 de
1774 1988 1805 2009 eo
1827 1989 1889 2009 can—

1046 2027 1136 2053 tatur:
1164 2025 1265 2058 «Ecce,
1289 2025 1363 2053 vides
1384 2028 1545 2054 coronatum
1561 2034 1643 2062 quem
1660 2026 1747 2055 vidisti
1771 2027 1889 2055 minora-

1047 2075 1104 2099 tum
1133 2079 1267 2108 saccoque
1296 2075 1398 2100 tectum
1427 2073 1554 2101 veteri».
1583 2090 1621 2093 —
1649 2074 1717 2102 Haec
1744 2076 1785 2102 est
1806 2074 1889 2110 igitur

1046 2122 1194 2155 paupertas
1216 2118 1335 2154 perfecta
1357 2122 1383 2147 et
1404 2119 1550 2148 excellens.
1573 2128 1643 2156 quae
1666 2120 1747 2148 hahet
1768 2121 1890 2157 quadr-u-

1047 2166 1143 2202 plicem
1166 2166 1347 2193 conditionem
1371 2166 1550 2202 praedictam,
1566 2175 1636 2203 quae
1657 2167 1794 2195 concludit
1814 2168 1839 2196 in
1861 2176 1889 2196 se

1046 2212 1130 2240 totius
1151 2212 1322 2248 evangelicae
1343 2212 1517 2248 perfectionis
1538 2221 1690 2247 summann
1712 2218 1738 2242 et
1760 2215 1887 2251 quoniam

1046 2260 1112 2288 haec
1135 2259 1186 2287 fuit
1207 2260 1233 2287 in
1257 2259 1335 2288 beato
1356 2260 1478 2293 Antonio,
1501 2260 1560 2288 ideo
1582 2264 1655 2289 recte
1677 2264 1765 2297 potest
1786 2262 1836 2290 dici
1856 2262 1889 2290 de

1046 2307 1119 2343 ipso:
1143 2307 1198 2334 Iste
1217 2314 1332 2342 pauper
1353 2306 1508 2340 clamabit,
1530 2311 1554 2334 01
1577 2307 1718 2335 Dominus
1739 2309 1889 2337 exaudivit

1045 2362 1121 2386 011111,
1144 2353 1189 2380 ubi
1213 2352 1421 2380 commendatur
1442 2361 1457 2380 a
1478 2353 1585 2382 divinae
1608 2354 1673 2389 legis
1697 2355 1861 2391 impletione.

1124 2400 1151 2427 ll.
1174 2399 1223 2427 Sed
1245 2403 1275 2427 ut
1291 2399 1361 2427 laudi
1378 2399 1437 2427 cius
1453 2400 1588 2435 perfectae
1603 2401 1668 2428 nihil
1686 2402 1796 2429 omnino
1810 2402 1887 2436 desit,

1045 2446 1253 2475 commendatur
1281 2446 1361 2474 etiam
1390 2454 1405 2474 a
1434 2446 1528 2473 (lirini
1554 2447 1682 2475 nominis
1710 2448 1889 2477 invocatione

1044 2502 1094 2530 per
1109 2494 1160 2521 hoc
1182 2493 1253 2529 quod
1277 2492 1420 2520 subditur:
1443 2492 1587 2521 clamavit.
1612 2494 1738 2522 Divinum
1754 2495 1826 2523 enim
1842 2503 1889 2523 no—

1046 2549 1106 2569 men
1130 2539 1266 2568 invocavit
1288 2540 1406 2567 clamore
1426 2540 1666 2576 praedicationis,
1688 2540 1887 2578 confessionis,

1045 2586 1188 2615 orationis
1209 2588 1235 2614 et
1256 2585 1466 2613 exsultationis.
1490 2586 1596 2614 Primus
1618 2587 1721 2615 clamor
1741 2588 1888 2624 procedere

1045 2733 1201 2755 Guardianum
1219 2732 1311 2758 dicunt,
1329 2732 1424 2759 supplex
1446 2735 1549 2759 rogarat,
1567 2735 1591 2754 ut
1608 2732 1685 2760 magni
1709 2732 1813 2755 beneficii
1839 2733 1889 2755 loco

1046 2772 1088 2799 ipsi
1106 2772 1238 2798 permittere
1255 2771 1322 2793 vellet
1334 2771 1410 2793 eluere
1421 2771 1534 2799 coquinae
1547 2777 1626 2793 rasa...
1639 2772 1691 2793 nulli
1709 2772 1745 2793 alii
1762 2772 1793 2793 rei
1809 2776 1887 2799 apium

1045 2814 1067 2833 et
1084 2811 1160 2833 utilem
1179 2817 1202 2832 se
1219 2810 1336 2837 confitens,
1348 2816 1400 2832 cuni
1419 2813 1477 2832 esset
1495 2817 1519 2832 re
1532 2816 1586 2832 vera
1599 2817 1639 2833 vas
1651 2811 1747 2833 electum
1759 2814 1780 2833 et
1792 2812 1888 2839 Spiritus

1045 2851 1115 2872 sam-ti
1134 2850 1204 2876 gratia
1225 2850 1343 2871 multifario
1362 2852 1469 2871 ornatum
1482 2858 1503 2871 ».

1107 2888 1117 2901 ‘⁵
1136 2889 1200 2911 Vei-s.
1217 2889 1243 2915 95
1262 2892 1389 2917 sequuntur
1408 2890 1430 2911 ll.
1448 2888 1499 2911 Cor.
1521 2890 1538 2917 l,
1557 2890 1577 2911 5.
1596 2892 1618 2911 et
1635 2895 1653 2911 e.
1673 2890 1693 2916 6,
1716 2890 1747 2911 10.

1108 2926 1117 2940 ⁷
1135 2928 1199 2950 Vrrs.
1222 2928 1254 2949 12.
1272 2934 1332 2956 se‹[.;
1351 2931 1478 2956 sequuntur
1497 2928 1530 2950 Ps.
1548 2928 1585 2955 87,
1607 2929 1639 2950 16.
1658 2932 1677 2951 ot
1696 2929 1730 2950 Ps.
1749 2929 1770 2956 9,
1792 2930 1825 2951 19.

1108 2966 1117 2978 ’³
1137 2967 1199 2989 Vors.
1218 2966 1298 2994 34-36;
1316 2967 1419 2995 sequitur
1436 2968 1512 2989 Manli.
1530 2968 1566 2994 10,
1584 2968 1620 2989 22.

1764 3016 1792 3036 es

1913 257 2017 281 Paupertas

1941 281 1985 300 lata.

1905 911 1924 928 S.
1934 911 2032 929 Antonios.

1912 1191 2014 1214 Paupertas

1934 1214 1995 1237 longa.

1906 1844 1925 1862 S.
1935 1844 2033 1862 Antonius.

1907 2077 2011 2096 Conclusio.

1911 2405 1955 2423 Pars
1968 2406 1989 2423 11.
2004 2406 2030 2424 [ie

1904 2428 1962 2447 divini
1976 2430 2034 2448 nomi-

1911 2452 1941 2470 nis
1955 2452 2028 2470 invoca-

1915 2476 1964 2494 tione
1978 2481 2023 2498 qua-

1922 2498 2009 2522 tii-uphei.
