2243 3348
297 309 367 328 Tertia.

291 680 368 703 Quarta.

254 1051 326 1078 Duplex
339 1055 370 1068 nu-

254 1077 287 1093 stn
298 1074 370 1092 timoris
388 1088 392 1092 .

273 1097 350 1116 utilitas.

256 1191 366 1209 Succurren-

243 1215 286 1233 dum
296 1219 374 1237 purgau-

242 1238 271 1257 dis
284 1238 307 1256 ob
321 1237 331 1255 t
344 1242 371 1255 rav

278 1262 344 1280 tiones.

244 1657 368 1676 Miser-endum

251 1687 285 1705 per
297 1681 364 1700 oratio-

282 1710 332 1723 nem.

386 178 440 206 608

385 262 539 292 purgamus
560 256 694 285 mentem,
716 251 743 278 iu
764 250 845 278 domo
866 247 982 276 convivii
1005 246 1150 282 implemus
1165 251 1226 272 ven-

385 305 464 330 trem.
486 317 524 321 ——
546 300 583 328 De
604 299 684 327 tertio
707 297 820 333 legitur:
846 294 868 323 Ο
889 301 985 327 mors,
1007 300 1096 330 quam
1117 297 1227 318 amara

385 352 425 376 est
445 346 586 376 memoria
607 349 660 373 tua
681 342 792 371 ltomini
806 341 923 373 iniusto,
937 347 1039 376 paoem
1060 336 1175 366 habenti
1195 336 1226 363 in

383 393 556 423 substantiis
575 391 655 419 suis!
678 390 748 418 Bene
761 388 826 417 dicit
846 387 965 419 iniusto,
984 385 1049 422 quia
1072 385 1138 412 haec
1153 390 1227 411 mors

384 444 425 469 est
446 440 469 469 ei
491 442 570 475 porta
584 436 680 465 mortis
701 438 836 464 aeternae.
854 434 899 461 Est
913 433 986 461 enim
1002 431 1104 467 triplex
1119 437 1194 458 mors
1206 430 1226 462 ¹,

385 486 487 515 seilicet
507 484 624 521 culpae,
648 482 722 510 vitae
741 479 903 518 praesentis
917 481 944 507 et
956 485 1065 515 poenae
1084 475 1227 513 gelienna-

385 532 428 560 lis.
450 530 500 559 Sed
522 530 627 566 primae
642 528 712 556 duae
731 529 796 555 sunt
818 529 912 562 portae
934 524 1046 556 tertiae3
1068 530 1131 551 cum
1154 521 1227 550 enim

384 584 458 605 mors
480 576 550 604 vitae
571 573 723 611 praesentis
737 572 915 608 coniungitur
937 570 1018 598 morti
1035 568 1137 606 peccati
1154 575 1227 596 mor-

384 623 461 656 talis,
483 625 557 659 patet
577 621 718 657 ingressus
747 626 849 655 poenae
877 616 1044 654 gehennalis.
1073 615 1111 644 De
1137 615 1179 642 his
1200 614 1227 641 in

387 670 430 698 lob
442 669 468 696 2:
484 667 624 705 Nunquid
636 670 740 704 portas
755 665 856 693 mortis
870 662 991 692 vidisti?
1013 678 1049 683 —
1065 662 1103 690 De
1118 663 1227 698 quarto,

385 714 550 744 Salomon⁸z
575 715 647 742 Ante
673 716 789 741 mortem
818 719 940 748 operare
969 709 1130 741 iustitiam,
1159 715 1228 745 quo-

384 763 467 790 niam
486 770 543 789 non
565 764 604 789 est
626 759 709 796 apud
731 757 840 795 inferos
862 756 991 785 invenire
1012 755 1117 784 cibum.
1134 754 1165 782 Et
1180 754 1229 782 ite—

384 816 462 837 rum:
487 807 692 844 Quodcumque
705 804 803 842 facere
821 806 912 840 potest
927 810 1036 830 manus
1051 805 1103 829 tua
1118 800 1228 829 instan-

386 860 427 883 ter
448 862 583 891 operare,
605 853 676 891 quia
697 860 748 880 nee
769 859 842 888 opus
866 858 917 878 nee
942 849 1019 877 ratio
1044 856 1094 876 nec
1114 847 1229 884 sapien-

386 902 426 930 tia
451 909 501 929 nec
521 900 643 928 scientia
664 902 749 927 erunt
769 897 851 934 apud
872 895 999 933 inferOS,
1021 903 1077 933 quo
1106 898 1136 922 tu
1158 903 1229 931 pro-

381 956 480 985 peras.

464 994 509 1022 Hie
529 997 621 1022 autem
655 992 736 1020 timor
769 990 847 1019 nobis
868 989 976 1026 proficit
997 988 1031 1017 ad
1058 988 1129 1017 duo:
1152 991 1182 1016 ut
1210 996 1230 1016 a

384 1041 510 1078 peceati-s
531 1040 730 1068 abstineamus
751 1041 778 1066 et
799 1038 829 1066 in
844 1036 1003 1065 virtutibus
1022 1035 1229 1073 proficiamus,

386 1091 457 1116 inter
479 1095 547 1123 quas
569 1094 621 1114 non
652 1093 735 1122 parva
764 1084 853 1112 virtus
878 1086 935 1117 est,
965 1086 996 1111 ut
1018 1082 1160 1116 fidelibus,
1182 1082 1228 1118 qui

386 1137 450 1163 sunt
471 1134 497 1162 in
514 1132 684 1170 purgatorio,
699 1138 908 1164 succurramus,
923 1129 1026 1167 quibus
1038 1132 1151 1165 propter
1166 1136 1231 1165 qua-

387 1184 450 1209 tuor
472 1183 513 1208 est
535 1179 631 1207 merito
653 1177 890 1210 succurrendum,
912 1177 1028 1209 scilicet,
1057 1176 1122 1212 quia
1143 1179 1231 1204 status

386 1234 482 1256 eorum
497 1229 538 1255 est
559 1225 745 1258 miserabilis,
761 1223 948 1261 reparabilis,
963 1222 1045 1251 nobis
1060 1222 1150 1256 utilis,
1167 1222 1231 1250 bea-

387 1273 541 1310 tificabilis.
565 1289 600 1293 —
623 1272 660 1300 De
683 1272 771 1308 primo
794 1271 839 1299 lob
853 1271 864 1287 4
886 1271 912 1298 in
935 1278 1052 1307 persona
1073 1277 1170 1298 eorum
1193 1269 1231 1297 lo-

386 1320 498 1357 quitur:
520 1319 698 1348 illiseremini
724 1318 796 1351 mei,
821 1317 1001 1346 miseremini
1029 1316 1101 1350 mei,
1129 1315 1231 1344 saltem

389 1376 453 1401 vos,
475 1367 565 1395 amici
592 1366 663 1399 mei,
685 1365 756 1403 quia
784 1372 892 1392 manus
917 1363 1034 1392 Domini
1061 1363 1150 1400 tetigit
1179 1371 1230 1391 me.

388 1413 572 1447 Miseremini,
592 1420 640 1449 per
655 1412 800 1441 orationis
821 1411 959 1444 affectum,
982 1418 1031 1447 per
1053 1409 1232 1447 operationis

387 1461 528 1494 effectum3
551 1468 599 1496 per
617 1459 742 1488 devotam
758 1458 920 1486 orationem
937 1457 1053 1486 ludicen]
1074 1456 1231 1493 mitigando,

387 1514 436 1543 per
457 1506 528 1543 piam
551 1505 743 1542 operationem
766 1508 888 1533 nostram
912 1504 1049 1532 miseriam
1076 1503 1230 1532 relevando.

389 1553 466 1589 Quia
486 1561 594 1581 manus
618 1552 734 1580 Domini
762 1551 852 1589 tetiyit
873 1560 934 1584 me,·
956 1559 1064 1579 manus
1092 1550 1230 1587 quondam

388 1608 436 1637 per
458 1599 673 1628 misericordiam
695 1606 797 1627 curans
818 1598 1008 1631 infirmitates,
1030 1605 1105 1626 nune
1120 1605 1168 1634 per
1190 1597 1232 1625 iu-

388 1647 487 1675 stitiam
505 1646 620 1683 puniens
634 1645 801 1682 iniquitates.
817 1662 855 1665 —
870 1644 1049 1673 Miseremini
1062 1652 1128 1681 ergo
1143 1644 1232 1681 primo

388 1702 436 1731 per
458 1694 627 1722 orationem.
645 1693 709 1721 Hinc
731 1692 832 1729 legitur
847 1692 873 1720 in
890 1692 979 1728 primo
993 1691 1232 1725 Machabaeorum,

388 1740 461 1777 quod
482 1740 546 1768 dum
576 1740 695 1776 populus
720 1743 792 1767 esset
819 1739 846 1767 in
875 1738 1052 1766 tribulatione
1080 1745 1178 1774 magna
1206 1737 1232 1765 in

388 1787 504 1815 Galilaea
525 1790 551 1815 et
572 1786 752 1819 Galaaditide,
776 1786 909 1814 liberatus
930 1788 971 1814 est
992 1793 1041 1822 per
1063 1784 1171 1818 ludam,
1194 1784 1233 1812 lo-

388 1834 498 1862 natham
520 1837 547 1862 et
567 1834 713 1862 Simonem.
733 1832 866 1861 Galilaea
883 1832 1097 1868 transmigratio,
1123 1830 1233 1860 Galaa—

388 1881 457 1909 ditis
478 1884 627 1909 vetustates
648 1881 864 1917 interpretatur,
885 1883 913 1908 et
941 1882 1042 1908 statum
1068 1886 1165 1908 eorum
1187 1878 1233 1907 de-

388 1928 484 1964 signat,
506 1928 552 1965 qui
576 1928 601 1956 in
624 1927 785 1964 purgatorio
806 1930 920 1963 propter
943 1929 1106 1954 vetustatem
1130 1925 1232 1962 peccati

388 1975 566 2008 tribulantur,
588 1974 650 2003 inde
673 1977 762 2003 tamen
784 1973 817 2002 ad
846 1973 947 2010 gandia
972 1975 1084 2001 aeterna
1107 1971 1233 2000 transmi-

388 2021 516 2058 grabunt.
534 2021 635 2055 Iudas,
650 2021 798 2054 confitens3
819 2019 969 2053 lonatltas,
985 2019 1058 2048 filius
1074 2018 1232 2051 columbae;

389 2068 498 2102 Simon,
520 2068 658 2102 obediens,
679 2068 832 2105 significant
854 2067 1005 2095 orationem
1028 2066 1150 2099 fidelem,
1168 2066 1233 2094 sim-

1052 166 1225 196 SERMONES
1245 165 1288 193 DE
1310 163 1450 192 SANCTlS,

1283 241 1380 278 plicem
1402 242 1429 268 et
1444 238 1593 272 humilem,
1616 246 1664 274 per
1679 245 1762 274 quam
1778 237 1824 274 qui
1841 237 1867 265 in
1884 236 2045 274 purgatorio
2063 239 2127 265 sunt

1282 288 1445 316 liberantur.
1463 285 1500 314 De
1515 285 1618 322 primo,
1640 284 1767 313 lacobus:
1792 283 1894 312 Oratio
1915 282 1983 320 fidei
2003 282 2127 311 salvabit

1282 333 1454 370 infirmum,·
1475 332 1508 360 de
1529 331 1665 361 seeundo:
1690 331 1762 360 Cum
1783 330 1966 368 simplicibus
1992 330 2127 359 sermoci-

1282 380 1364 409 natio
1384 379 1447 408 eius
1462 379 1491 412 ⁵;
1505 378 1539 407 de
1554 378 1645 412 tertio,
1660 378 1802 406 Salomon:
1827 377 1929 406 Oratio
1944 376 2128 405 humiliantis

1283 435 1312 455 se
1332 425 1422 454 nubes
1441 424 1610 463 penetrabit.

1362 472 1541 501 Miseremini
1554 471 1676 500 secundo
1690 478 1740 508 per
1755 471 1826 507 piam
1843 470 2049 507 operationem,
2064 470 2129 507 quia

1284 519 1355 548 sicut
1375 526 1449 556 aqua
1469 518 1622 554 exstinguit
1636 517 1647 534 ⁶
1669 521 1720 546 etc.
1743 517 1786 545 Sic
1808 517 1893 554 igitur
1908 516 2128 545 succurrendum

1283 569 1325 595 est
1346 566 1400 600 eis,
1422 565 1488 602 quia
1508 567 1597 593 status
1611 572 1708 592 eorum
1730 567 1771 593 est
1793 563 1969 592 miserabilis
1993 566 2021 592 et
2047 563 2127 592 etiam

1283 612 1470 650 reparabilis.
1489 612 1537 649 lpsi
1554 611 1643 645 enim,
1659 611 1722 639 licet
1743 619 1827 648 snper
1842 610 2051 639 fundamentum
2068 609 2128 638 fidei

1284 668 1337 688 non
1360 668 1473 688 aarum
1495 666 1545 687 nee
1566 661 1722 695 arpentum
1751 665 1801 686 neo
1833 657 1944 694 lapides
1971 656 2130 694 pretiosos,

1285 706 1358 743 quod
1380 709 1422 735 est
1442 705 1646 742 perfectorum,
1668 712 1721 733 non
1745 707 1834 733 tamen
1856 712 1912 738 aes,
1932 712 1985 732 non
2015 703 2130 736 ferrum,

1285 760 1338 781 non
1362 752 1523 789 plumbum,
1545 752 1618 789 quod
1640 755 1681 780 est
1702 751 1910 785 clamnatorum3
1932 750 1979 779 sed
2001 750 2130 787 liynum,

1285 798 1421 837 foenum,
1436 799 1594 836 stipulam,
1610 798 1636 827 id
1658 802 1699 827 est
1715 798 1846 831 venialia,
1861 797 2092 833 aedificaverunt
2103 797 2131 829 ⁷,-

1285 850 1312 875 et
1334 846 1402 880 ideo,
1426 846 1496 880 licet,
1511 845 1664 875 seeundum
1679 845 1848 882 Apostolum,
1863 844 2064 873 detrimentum
2079 852 2132 881 pa—

1286 893 1410 927 tiantur,
1425 893 1484 930 ‘ipsi
1497 892 1574 921 salvi
1587 896 1683 926 erunt,
1695 892 1737 920 sic
1749 895 1845 920 tamen
1860 891 1948 929 quasi
1958 899 2013 928 per
2027 891 2131 928 ignem.

1366 939 1411 967 Est
1431 939 1512 968 etiam
1535 942 1623 967 status
1644 946 1740 967 eornm
1763 937 1845 966 nobis
1873 936 1971 971 utili85
1998 936 2133 974 quidquid

1286 986 1358 1014 enim
1374 986 1439 1022 ipsis
1454 985 1648 1022 impendimus,
1660 985 1739 1013 nobis
1749 984 1976 1021 compensabunt.
1988 983 2045 1012 Non
2060 983 2132 1012 enim

1286 1033 1385 1070 ingrati
1401 1040 1461 1061 esse
1476 1035 1606 1069 poterunt
1621 1032 1667 1068 qui
1684 1032 1710 1060 in
1726 1032 1815 1068 gratia
1832 1031 2046 1064 confirmantur;
2062 1029 2134 1059 unde

1286 1080 1320 1109 de
1342 1080 1455 1108 leremia
1476 1079 1577 1116 legitur
1599 1079 1625 1107 in
1648 1079 1769 1107 seeundo
1790 1077 2057 1107 Machahaeorumss:
2079 1077 2134 1105 Hie

1286 1131 1327 1155 est
1347 1126 1482 1164 fratrum
1503 1129 1639 1159 amatoi·‚·
1661 1125 1706 1154 liic
1727 1129 1768 1154 est
1788 1125 1840 1163 qui
1860 1124 1985 1153 multum
2000 1127 2066 1152 orat
2079 1132 2134 1160 pro

1285 1173 1401 1211 populo.
1427 1173 1536 1202 Sancta
1557 1181 1625 1210 eryo
1656 1176 1681 1201 et
1701 1172 1833 1201 salubris
1853 1175 1894 1200 est
1921 1171 2056 1209 copitatio
2078 1178 2134 1207 pro

1288 1219 1434 1258 defunctis
1464 1228 1605 1253 exorare,
1635 1223 1667 1248 ut
1698 1228 1716 1247 a
1745 1219 1871 1256 peccatis
1902 1218 2064 1247 solvantur.
2097 1234 2135 1249 ,—

1289 1268 1334 1296 Est
1355 1267 1435 1296 etiam
1452 1270 1540 1295 status
1561 1267 1672 1295 illorum
1692 1265 1909 1303 beatificabilis;
1931 1265 2018 1294 unde:
2041 1264 2134 1298 Beati,

1287 1315 1408 1346 morlai.
1430 1314 1482 1351 qui
1503 1314 1533 1342 in
1557 1314 1678 1342 Domino
1693 1314 1864 1342 moriuntur
1879 1316 1930 1341 etc.
1947 1329 1984 1333 --
1999 1311 2050 1341 Sed
2065 1319 2136 1340 mor-

1288 1365 1400 1390 tuorum
1423 1364 1480 1389 tres
1501 1364 1566 1389 sunt
1586 1360 1772 1389 differentiae:
1794 1358 2001 1397 perfectorum,
2023 1358 2070 1396 qui
2086 1360 2136 1387 sta-

1288 1408 1336 1436 tim
1359 1408 1468 1436 evolant
1489 1407 1522 1435 ad
1552 1407 1684 1443 patriam3
1713 1406 1878 1440 iustorum,
1907 1405 1955 1442 qui
1985 1405 2011 1433 in
2036 1404 2134 1433 veniali

1288 1454 1439 1488 decedunt,
1462 1454 1504 1482 vel
1525 1454 1617 1482 adhue
1639 1461 1689 1490 pro
1706 1452 1815 1481 mortali
1837 1460 1889 1481 non
1913 1452 2020 1489 plenam
2043 1451 2136 1488 poeni-

1288 1502 1400 1530 tentiam
1417 1504 1593 1539 peregerunt,
1608 1501 1669 1537 qui,
1686 1500 1748 1529 licet
1766 1501 1791 1528 in
1808 1500 1903 1537 poenis
1918 1501 2082 1536 purgentur,
2097 1501 2136 1526 ta-

1288 1556 1350 1577 men
1376 1548 1408 1576 ad
1438 1548 1553 1584 patriam
1583 1547 1806 1581 transferuntur3
1835 1545 2059 1584 reprobrorum,
2088 1545 2134 1582 qui

1290 1602 1430 1631 nunquam
1442 1594 1475 1623 ad
1491 1594 1634 1623 caelestem
1651 1593 1768 1630 patriam
1783 1596 1848 1622 sunt
1862 1592 1982 1621 venturi.
1998 1592 2051 1620 Hoc
2067 1591 2136 1620 bene

1288 1641 1439 1678 figuratum
1454 1644 1495 1670 est
1510 1641 1536 1669 in
1560 1640 1685 1678 patribus
1700 1640 1801 1669 veteris
1823 1639 1999 1673 Testamenti,
2013 1645 2134 1676 quorum

1288 1689 1399 1726 quidam
1422 1689 1448 1717 in
1472 1688 1563 1716 Arbee
1578 1688 1589 1704 ⁹
1612 1688 1713 1716 mortui
1736 1688 1762 1716 in
1779 1691 1853 1716 terra
1868 1686 2057 1724 promissionis
2072 1689 2136 1714 sunt

1289 1736 1404 1773 sepulti;
1437 1735 1548 1772 quidam
1582 1736 1608 1763 in
1631 1737 1759 1773 Aegypto
1788 1734 1891 1763 mortui
1919 1736 1947 1763 et
1974 1733 2074 1762 ibidem
2102 1732 2135 1761 ad

1290 1786 1400 1820 tempus
1421 1783 1520 1819 sepulti
1543 1786 1569 1811 et
1593 1782 1654 1811 inde
1669 1782 1695 1810 in
1718 1785 1821 1810 terram
1844 1780 2034 1818 promissionis
2055 1779 2138 1808 dedu-

1289 1831 1333 1859 cti.
1351 1829 1442 1858 Arbee
1459 1830 1531 1858 enim
1553 1832 1674 1866 quatuor
1696 1829 1895 1865 interpretatur
1911 1828 1934 1845 ¹⁰
1955 1830 1982 1856 et
2003 1827 2137 1864 signifieat

1289 1877 1461 1914 evangelicae
1482 1876 1623 1905 doctrinae
1655 1875 1866 1912 perfectionem,
1889 1875 1915 1903 in
1944 1882 1998 1911 qua
2027 1873 2074 1910 qui
2103 1872 2136 1901 ad

1289 1927 1406 1952 mortem
1435 1926 1615 1960 perseverant
1646 1923 1737 1951 statim
1767 1922 1800 1950 ad
1829 1922 1973 1951 caelestem
2003 1921 2136 1958 patriam,

1290 1971 1393 2000 scilieet
1414 1974 1516 1999 terram
1540 1969 1743 2007 promissionis,
1764 1968 1899 2005 fluentem
1921 1968 1966 1997 lac
1988 1973 2012 1996 et
2034 1966 2088 1996 mel
2102 1968 2136 2001 1²,

1291 2017 1496 2054 transmigrant.
1519 2018 1668 2055 Aegyptus
1690 2017 1782 2045 luctus
1803 2016 2018 2053 interpretatur;
2039 2015 2086 2052 qui
2109 2014 2135 2042 in

1290 2065 1367 2093 luctu
1390 2064 1572 2101 poenitentiae
1593 2064 1744 2097 decedunt,
1766 2063 1830 2092 licet
1851 2063 1877 2091 in
1900 2063 2019 2100 Aegypto
2034 2068 2137 2099 poenae

452 2257 459 2269 ¹
478 2258 538 2279 Haec
556 2257 584 2279 de
602 2257 683 2285 triplici
700 2260 773 2279 morte
785 2257 837 2279 cod.
850 2256 1000 2278 B‹·rolinensis
1013 2256 1029 2278 N
1043 2257 1111 2284 paulo
1126 2256 1189 2278 alio—r
1201 2262 1235 2277 as-

390 2297 471 2319 sumsit
483 2297 503 2318 In
516 2296 617 2325 quodam
636 2302 742 2318 sermone
761 2302 802 2324 pro
820 2296 857 2318 die
874 2296 1012 2323 animarum,
1024 2295 1053 2317 de
1066 2296 1179 2317 themate:
1192 2295 1234 2317 Do-

390 2335 459 2362 mine,
473 2335 495 2358 si
505 2335 589 2365 fuisses
601 2334 645 2362 liic,
657 2335 733 2364 frater
751 2341 817 2357 meus
835 2340 882 2357 non
894 2334 977 2364 fuisset
988 2335 1099 2357 mortuns
1114 2334 1182 2360 (toan.
1201 2334 1234 2361 tt,

391 2375 439 2403 21).
455 2374 565 2396 Collector
582 2374 642 2396 enim
660 2380 792 2396 sermonum
812 2374 876 2396 istius
893 2374 978 2395 codicis
990 2374 1046 2395 solet
1059 2373 1106 2395 illos
1118 2379 1143 2395 ex
1156 2373 1234 2400 genni-

391 2413 426 2435 nis
442 2412 594 2440 sermonibus,
607 2414 642 2435 vel
660 2413 708 2434 aliis
726 2413 900 2435 Bonaveuturae
913 2412 1022 2440 operibns
1034 2418 1076 2434 sno
1090 2412 1159 2433 modo
1172 2417 1234 2433 com-

392 2459 484 2480 ponerey
502 2452 560 2474 sient
576 2452 643 2474 etiam
662 2458 703 2479 pro
723 2453 777 2474 testo
795 2452 899 2474 omnium
918 2452 1053 2473 Sanctorum
1075 2451 1104 2472 tle
1122 2451 1234 2472 themate:

393 2491 466 2513 Homo
484 2490 580 2519 qnidam
597 2490 650 2519 fecit
667 2497 763 2513 coenam
781 2497 895 2519 moytiam
913 2494 955 2512 etc.
973 2490 1038 2518 (an.
1061 2489 1093 2517 it,
1117 2490 1142 2511 16
1153 2490 1169 2517 ),
1181 2495 1236 2511 con-

393 2530 456 2552 flavit
466 2536 595 2552 sermonem
609 2536 678 2551 nuum
692 2536 717 2552 ex
731 2530 810 2556 trihus,
825 2536 884 2558 quos
901 2531 923 2552 S.
937 2530 1096 2552 Bonaventnra
1110 2529 1139 2551 de
1152 2528 1234 2551 eodem

393 2570 492 2591 themate
517 2569 658 2596 praedicavit
683 2569 799 2591 Dominiea
823 2570 844 2591 ll.
869 2572 919 2597 post
937 2569 1062 2591 Pentecost.
1081 2568 1144 2595 (vide
1165 2573 1235 2595 supra

394 2613 446 2635 pag.
459 2608 503 2630 357
515 2608 597 2636 seqq.).
611 2609 705 2630 Schema
719 2608 772 2630 dicti
785 2609 897 2630 sermonis
909 2612 943 2630 est
955 2609 1009 2630 hoe:
1021 2608 1159 2634 Notandum,
1171 2607 1234 2635 quod

393 2651 427 2669 est
443 2647 585 2675 quadruplex
610 2653 684 2669 mors:
702 2647 775 2674 prima
798 2651 832 2669 est
855 2654 916 2670 mors
937 2649 1051 2674 naturae,
1076 2653 1135 2676 quae
1158 2650 1191 2669 est
1207 2646 1235 2669 ti-

393 2685 477 2708 menda
495 2685 573 2713 matis,
585 2686 637 2714 qnia
653 2685 747 2714 spoliat,
765 2686 863 2714 cruciat,
881 2686 1013 2714 mmilzilat;
1030 2685 1187 2709 desideranda
1200 2685 1236 2708 in-

393 2724 442 2751 stis,
460 2731 559 2752 qnorum
577 2725 647 2753 aliqui
665 2725 739 2746 statim
757 2724 857 2752 evolant,
876 2726 944 2754 aliqui
960 2726 1100 2754 purgantur
1114 2726 1134 2747 in
1153 2730 1235 2753 purga-

394 2763 459 2785 torio.
477 2764 520 2785 Sed
539 2762 605 2791 beati,
623 2764 663 2792 qui
682 2763 703 2785 in
721 2764 818 2785 Domino
831 2764 966 2792 moriuntur,
984 2765 1005 2786 in
1020 2764 1116 2786 Domino
1135 2770 1236 2792 purgan-

394 2806 437 2829 tur,
455 2803 483 2824 sle
500 2808 591 2824 carcere
609 2802 638 2824 ad
656 2809 724 2830 regna
743 2803 867 2825 ducuntur.
886 2816 913 2818 —
932 2804 1035 2826 Secunda
1058 2806 1092 2825 est
1109 2809 1172 2825 mors
1189 2802 1236 2826 cul-

392 2846 445 2869 pae,
462 2847 522 2868 qnae
538 2843 572 2863 est
582 2840 702 2870 fugienda,
715 2841 767 2869 qnia
786 2842 858 2863 ausert
868 2847 964 2864 sensum
979 2840 1236 2871 coqnittonis,vert1um

395 2879 554 2907 confessionis,
570 2885 727 2908 propi-essum
745 2879 818 2902 bonae
834 2880 985 2909 operationis.
999 2881 1085 2903 Volenti
1104 2882 1163 2902 hanc
1175 2887 1236 2902 mor-

395 2921 440 2939 tem
459 2918 557 2939 evadere
575 2919 700 2940 necessaria
724 2922 757 2940 est
773 2918 944 2941 niandatorum
957 2919 1093 2947 obedientia,
1115 2919 1237 2949 eleemosy-

395 2961 484 2977 narum
501 2955 602 2985 lm'yitio,
624 2962 677 2979 oei-a
692 2957 842 2985 poenitentia.
860 2970 889 2973 —
908 2958 982 2979 Tertia
1002 2964 1064 2980 mors
1081 2961 1115 2980 est
1131 2957 1191 2980 ritae
1202 2963 1236 2979 re-

1292 2254 1396 2284 ligyiosae,
1417 2261 1462 2283 qua
1482 2254 1551 2283 (quis)
1569 2254 1665 2276 moritur
1683 2253 1783 2281 mnndo;
1800 2253 1863 2282 qnod
1881 2253 1906 2275 fit
1923 2258 1964 2280 per
1981 2251 2137 2275 humilitatem

1291 2293 1485 2321 conversationis,
1494 2292 1643 2316 sedulitatem
1652 2298 1693 2315 con
1698 2291 1864 2321 temptationis,
1873 2291 1991 2321 fervorem
2000 2290 2137 2314 dilectionis.

1291 2345 1321 2349 —
1331 2332 1415 2361 Quarta
1427 2338 1489 2354 mors
1502 2334 1536 2354 est
1543 2337 1634 2361 poenae
1645 2330 1772 2360 qehmmae,
1785 2336 1844 2359 quae
1856 2330 1939 2353 dicitnr
1950 2335 2016 2353 mors
2031 2331 2136 2357 aeterna,

1291 2372 1345 2400 quia
1363 2371 1393 2393 ibi
1412 2371 1483 2393 multo
1501 2370 1574 2392 maior
1595 2373 1630 2392 est
1646 2370 1761 2392 cruciatus
1784 2375 1855 2398 quam
1873 2370 1894 2391 in
1921 2371 1994 2391 morte
2015 2369 2136 2396 corporali,

1291 2415 1313 2432 et
1330 2413 1363 2432 est
1380 2416 1446 2433 mors
1462 2409 1637 2439 pessima,quia
1655 2407 1819 2436 intolerabilis,
1837 2407 1984 2436 inevitabilis,
2001 2407 2137 2431 intermina-

1292 2449 1352 2472 bilis.

1355 2487 1363 2500 2
1381 2487 1437 2515 Cap.
1455 2488 1491 2515 38,
1513 2488 1550 2514 t7;
1564 2487 1674 2515 Vulgata:
1693 2485 1807 2516 Nunquid
1817 2487 1914 2515 aperlae
1930 2487 1987 2508 sunt
1997 2484 2039 2509 tibi
2052 2487 2136 2515 portae

1291 2527 1388 2555 mortis,
1409 2529 1429 2550 et
1446 2527 1505 2550 ostia
1524 2526 1646 2550 tenebrosa
1663 2525 1759 2549 vidisti?

1355 2565 1364 2578 ³
1382 2567 1447 2589 Eccli.
1467 2566 1503 2593 it,
1522 2566 1563 2593 vl7;
1580 2566 1684 2594 sequitur
1701 2565 1774 2587 Eccle.
1792 2565 1814 2591 9,
1832 2565 1868 2586 to.

1354 2605 1364 2617 ⁴
1382 2606 1420 2628 lob
1442 2606 1475 2632 19,
1493 2605 1535 2632 21;
1552 2608 1681 2633 sequuntur
1699 2604 1712 2626 Ι.
1730 2604 1801 2626 Maeli.
1820 2604 1842 2630 5,
1864 2603 1938 2625 17-36.
1955 2606 1978 2625 et
1995 2604 2037 2625 lac.
2060 2604 2081 2631 5,
2103 2603 2136 2626 15.

1355 2643 1364 2656 ⁵
1381 2645 1449 2667 prov,
1467 2645 1488 2671 3,
1506 2645 1545 2671 32;
1563 2644 1667 2673 seqnitur
1685 2643 1751 2665 Eccli.
1768 2643 1806 2669 35,
1823 2643 1860 2664 2¹.

1354 2683 1364 2695 ὃ
1382 2683 1512 2711 Respicitur
1525 2683 1591 2705 Eceli.
1606 2683 1627 2709 3,
1641 2683 1682 2704 33:
1697 2683 1776 2711 Ionem
1788 2681 1910 2704 ardentem
1922 2680 2053 2711 e.rsti719uit
2063 2687 2135 2711 aquo,

1292 2724 1314 2745 et
1330 2722 1477 2751 eleemosyna
1493 2721 1581 2745 resistit
1595 2720 1707 2750 peccatis.

1355 2760 1363 2773 ⁷
1381 2761 1493 2783 Allnditnr
1505 2760 1533 2782 ad
1547 2761 1562 2783 l.
1574 2760 1624 2782 Cor.
1635 2760 1656 2786 3,
1673 2760 1708 2781 12.
1724 2763 1745 2781 et
1762 2759 1814 2782 dein
1832 2766 1855 2781 v,
1877 2759 1909 2781 15.
1927 2758 1972 2782 Ctr.
1984 2764 2061 2781 sermo
2073 2764 2136 2786 prae-

1293 2801 1390 2827 cedens,
1408 2806 1462 2828 pars
1479 2801 1493 2822 l.
1511 2805 1565 2827 pag.
1584 2799 1638 2821 605.

1355 2838 1363 2851 Β
1381 2839 1437 2867 Cap.
1458 2839 1496 2867 15,
1518 2838 1556 2865 14,
1574 2838 1626 2861 dein
1644 2844 1662 2860 c,
1685 2838 1723 2865 ¹2,
1741 2838 1783 2864 463
1800 2837 1904 2866 sequitur
1921 2838 1992 2865 Apoc.
2011 2836 2051 2864 14,
2069 2837 2105 2859 13.

1354 2876 1364 2890 ⁹
1381 2878 1510 2906 Respieitnr
1528 2878 1583 2899 Gen.
1601 2878 1638 2904 23,
1657 2878 1678 2899 2.
1696 2880 1717 2899 et
1734 2877 1787 2899 dein
1805 2877 1873 2899 Exod.
1896 2877 1930 2903 13,
1951 2877 1984 2898 19.

1356 2916 1375 2929 ¹⁰
1393 2918 1421 2939 lta
1441 2917 1532 2939 Hieron.
1549 2917 1579 2939 de
1596 2916 1685 2938 Nomin.
1705 2915 1810 2938 Hebraic.

1355 2956 1373 2969 ¹¹
1392 2956 1521 2984 Respicitur
1539 2956 1607 2978 Exod.
1626 2956 1647 2983 3,
1665 2956 1687 2978 8.

2152 476 2159 504 ¹.
2162 479 2202 500 tem.
2213 483 2225 503 μ
2230 484 2236 497 Ἰι

2141 505 2189 528 plau:
2200 506 2226 526 ομ,
2234 506 2236 518 ,ν

2168 526 2226 544 nonen
2233 539 2238 560 ἰ

2155 943 2214 962 Statua
2224 949 2232 963 e
2242 933 2243 948 ³

2155 971 2194 985 rum
2205 967 2234 986 :inlv

2177 990 2235 1010 utilia«

2154 1271 2188 1297 Est,
2196 1270 2238 1297 [111811

2149 1294 2238 1337 {²132thst

2161 1598 2180 1617 Fi
2194 1603 2226 1617 ura
2235 1598 2239 1617 i

2192 1622 2204 1641 ⁷.
2216 1622 2235 1641 Τ.
