2243 3348
8 459 12 500 i
42 464 131 484 Secunda.

9 503 11 513 l

62 696 131 715 Tertia.

53 884 128 907 Quarta.

45 1583 125 1603 Divisio.

4 1957 42 1977 Pars
54 1957 68 1976 l.
82 1963 123 1977 cum

7 1980 18 2000 h
27 1981 122 2001 membris.

724 146 881 175 DOMlNlCA
903 147 931 174 ll.
954 147 1136 176 ADVENTUS.
1159 148 1269 176 SERMO
1291 149 1330 176 Ill.
1859 156 1895 183 49

63 231 130 250 Prima.
149 225 299 258 incarnati,
320 232 392 261 quae
412 224 524 261 quidem
547 227 588 253 est
609 224 698 260 primo
718 223 866 261 yloriosa,
888 227 915 252 et
934 223 994 252 ideo

148 272 209 300 fons
230 274 257 300 et
277 271 340 299 finis
360 271 483 299 omnium
506 271 643 299 honorum
676 274 703 298 et
723 270 903 307 dignitatum:
926 271 995 306 Apo—

148 318 266 354 calypsis
295 317 424 354 primo¹:
456 317 560 345 Facies
591 317 654 345 eius
684 317 762 345 sicut
789 316 832 345 sol
860 317 933 345 lucet
963 317 995 345 in

147 365 255 393 virtute
275 372 349 397 sua,
372 364 424 392 hoc
445 367 486 392 est
508 363 635 392 maiestas
656 366 683 392 et
703 363 806 400 gloria3
835 363 993 392 Psatmus²÷

150 411 274 447 Quando
294 410 411 438 veniam
432 413 458 438 ct
477 410 625 447 apparebo
646 414 714 438 ante
733 408 841 447 faciem
864 409 935 438 Dei?
957 426 993 430 —

148 457 282 491 Secundo,
304 456 470 490 luminosa,
492 459 519 484 et
550 456 610 484 ideo
642 456 702 485 fons
723 459 750 485 et
780 456 843 484 finis
870 456 994 484 omnium

148 503 303 532 studiorum
326 503 384 531 sive
405 502 583 531 scientiarum
606 506 633 531 et
655 502 807 536 luminum:
831 502 936 538 primae
960 501 994 530 ad

147 549 303 578 Corinthios
323 549 429 578 decimo
450 549 532 578 tertio
544 549 571 577 ³:
598 549 732 577 Videmus
760 557 840 577 nunc
857 557 912 585 per
932 557 995 586 spe-

147 596 246 625 culum
267 596 298 625 in
329 596 509 633 aeniymate,
541 599 610 624 tunc
640 599 738 624 autem
765 594 843 632 facie
875 596 914 624 ad
945 594 995 632 fa-

147 644 235 677 ciem,
257 644 309 672 hoc
330 646 371 672 est
392 643 419 671 in
441 643 565 671 claritate
586 642 725 679 plenaria;
751 642 913 671 Psalmus4:
936 643 993 671 Fa-

148 690 220 719 ciem
241 693 322 718 tuam
344 689 481 718 illumina
501 697 591 726 super
610 697 729 717 servum
754 693 846 717 tuum.
869 705 904 709 —-
928 690 994 718 Ter-

147 737 200 770 tio,
219 736 372 773 qratiosa,
394 738 421 764 et
440 735 501 764 ideo
531 735 592 764 sons
622 739 649 764 et
678 735 740 764 finis
770 735 894 764 omnium
922 735 994 764 desi-

146 783 288 812 deriorum
319 786 346 811 et
376 782 567 816 voluntatum;
590 782 688 810 Esther
719 782 826 811 decimo
857 782 992 819 quint05:

152 829 238 858 Valde
259 829 406 857 mirabilis
420 837 465 863 es,
483 829 612 862 Domine,
634 832 659 857 et
678 827 771 866 facies
786 832 839 857 tua
850 828 939 866 plena
953 833 993 857 est

143 876 325 914 gyratiarum.
353 892 390 896 —
416 876 530 912 Quarto,
552 875 689 912 opulenta
720 875 777 904 sive
809 876 933 912 copiosa,
966 879 993 904 et

145 922 206 951 ideo
226 922 286 951 fons
307 925 335 951 et
355 923 417 951 finis
438 922 563 951 omnium
585 922 804 950 consolationum
825 924 853 951 et
873 922 992 951 delecta-

145 969 255 998 tionum
269 969 326 998 sive
341 969 452 1006 requies
465 968 589 997 omnium
606 968 731 997 laborum
747 971 774 997 et
789 968 991 1002 calamitatum;

145 1016 257 1045 Genesis
285 1016 426 1053 trigesimo
454 1015 614 1044 secunsloff:
644 1015 709 1043 Vidi
737 1015 828 1043 Deum
853 1014 932 1052 facie
952 1016 994 1044 ad

144 1061 269 1100 faciem,
290 1066 314 1091 et
334 1062 420 1091 salva
440 1061 524 1100 facta
546 1066 586 1090 est
607 1062 711 1090 anima
732 1070 806 1090 mea.

499 1149 590 1177 Sentio
614 1148 672 1176 111⁷.

214 1231 294 1260 Item,
313 1238 393 1256 sermo
412 1230 500 1255 fratris
520 1231 711 1256 Bouaventurae
736 1231 817 1255 editus
836 1231 919 1255 eadem
946 1231 992 1256 Do-

143 1275 233 1299 minica
246 1274 353 1298 secunda
372 1274 397 1298 in
417 1274 546 1299 Conventu
565 1273 683 1298 Fratrum
697 1274 726 1298 de
746 1274 855 1304 Colonia,
872 1274 954 1299 editus
966 1275 991 1299 in

144 1317 269 1349 Capitulo.

228 1391 312 1426 Veni,
336 1391 456 1420 Domine
478 1392 560 1425 lesu,
582 1391 757 1428 Apocalypsis
778 1391 876 1420 ultimo
891 1391 910 1419 ⁸.
936 1409 938 1411 v

221 1439 303 1467 Sacer
335 1438 506 1475 Evangelista
537 1438 651 1467 loannes
678 1438 706 1466 in
735 1447 786 1467 sua
814 1439 990 1476 Apocalypsi,

143 1493 222 1514 sacro
243 1485 394 1522 inspiratus
415 1485 569 1519 afflamine,
591 1493 642 1522 pro
662 1488 787 1522 tempore
808 1486 860 1514 isto
887 1486 991 1522 gratiae

143 1532 291 1561 Salvatoris
312 1532 447 1561 adventus
468 1532 495 1560 in
518 1532 610 1560 verbis
641 1532 803 1561 invocativis
830 1532 989 1561 huiusmodi

142 1579 196 1607 tria
217 1579 243 1607 in
265 1587 384 1615 persona
399 1579 533 1608 Ecclesiae
548 1579 619 1607 facit.
643 1579 733 1607 Primo
754 1579 933 1616 recoqnoscit
947 1587 990 1608 re—

142 1626 334 1655 verentissime
356 1626 397 1655 sui
421 1626 548 1663 principii
569 1626 722 1655 sublimem
743 1627 903 1663 oriyinem,
925 1634 989 1655 cum

141 1672 222 1701 dicit:
247 1673 366 1701 Domine
374 1683 384 1706 ;
405 1672 526 1702 secundo
548 1672 688 1710 implorat
707 1672 883 1701 devotissime
904 1672 989 1701 divini

141 1719 276 1748 adventus
301 1719 498 1748 desideratam
526 1719 766 1754 consolationem,
789 1727 852 1748 cum
881 1719 988 1748 subdit:

141 1766 223 1800 veni;
249 1766 331 1795 tertio
358 1766 497 1804 emprimit
524 1766 724 1795 iucundissime
745 1767 787 1795 sui
809 1767 912 1795 amoris
940 1774 989 1795 seu

140 1812 255 1842 affectus
276 1812 415 1850 fontalem
440 1813 666 1847 delectacionem,
697 1821 759 1842 cum
789 1813 878 1842 addit:
908 1813 987 1847 lesu,

141 1860 214 1897 quod
236 1863 277 1889 est
297 1868 396 1889 nomen
419 1860 499 1889 dulce
520 1860 633 1889 laudare
654 1863 681 1889 et
702 1861 852 1889 nominare.

220 1907 236 1934 Ι.
259 1907 400 1943 Quantum
422 1907 456 1936 ad
477 1907 593 1944 primam
610 1910 717 1943 partem
738 1910 818 1941 nota,
840 1907 913 1943 quod
929 1914 989 1943 per-

140 1961 234 1982 sonam
257 1954 340 1982 Verbi
360 1954 493 1982 incarnati
516 1954 635 1991 appellat
649 1954 747 1982 beatus
762 1954 874 1982 loannes
892 1954 987 1982 Domi-

139 2008 222 2034 num,
244 2000 310 2037 quia
338 2000 396 2037 ipse
423 2000 679 2037 superexcellenter
697 2003 788 2037 potest
816 2000 933 2034 omnia,
960 2003 987 2028 et

139 2046 200 2075 ideo
222 2055 271 2084 per
287 2047 376 2084 ipsum
393 2047 527 2076 habemus
547 2047 713 2082 subsistere;
736 2047 827 2075 Iudith
848 2047 947 2075 ultimo
959 2047 986 2075 ⁹:

140 2094 259 2122 Adonai
275 2094 403 2128 Domine,
419 2102 547 2132 magnus
561 2102 590 2122 es
605 2098 636 2123 tu
650 2098 676 2123 et
689 2094 866 2131 praeclarus
880 2094 912 2122 in
926 2094 987 2122 vii·-

202 2306 209 2318 ¹
229 2307 295 2329 Vers.
313 2307 348 2329 Ἰ16.
777 2307 785 2320 ²
804 2308 885 2330 Psalm.
903 2308 946 2336 41,
964 2308 985 2330 3.

201 2344 210 2357 ⁵³
228 2345 294 2368 Vers.
314 2346 350 2368 42.
734 2346 744 2359 ⁴
761 2347 844 2369 Psalm.
862 2347 915 2375 118,
934 2347 986 2370 135.

201 2384 210 2396 1
228 2385 293 2407 Vers.
314 2385 349 2407 17.
837 2385 847 2399 ⁶
865 2386 929 2408 Vers.
948 2386 987 2408 30.

201 2423 209 2436 ⁷
227 2425 257 2446 Ex
274 2425 327 2447 eod.
344 2425 424 2448 codice
441 2426 477 2447 fol.
496 2425 524 2448 24
542 2432 565 2448 v.

200 2461 209 2475 ⁸
227 2463 292 2486 Ver-s¹
312 2464 347 2485 20.
837 2463 847 2477 ⁹
865 2465 928 2487 Vers.
948 2465 985 2487 16,

200 2501 220 2514 ¹⁰
237 2502 302 2524 Vers.
321 2502 363 2530 24;
380 2503 422 2525 sed
439 2503 521 2525 melius
539 2503 595 2525 Dan.
615 2504 658 2530 13,
676 2504 713 2526 42.

201 2540 219 2553 ¹¹
237 2541 320 2564 Psalm.
339 2542 375 2568 15,
394 2543 415 2564 2.

201 2578 220 2592 ²²
238 2580 303 2602 Vers.
322 2580 343 2602 ¹l.
360 2586 408 2609 seq.
827 2580 846 2594 ¹³
864 2582 929 2604 Vers.
948 2581 985 2604 t7.

202 2617 222 2630 ¹⁴
239 2619 305 2641 Vers.
326 2620 359 2641 12.
379 2620 489 2647 Vulgata:
507 2619 566 2642 Cum
585 2620 674 2644 venerit
690 2623 731 2650 qut
747 2624 789 2644 etc.

201 2655 221 2668 ¹⁵
239 2657 305 2679 Vers.
323 2657 360 2679 10.

201 2694 221 2707 ¹¹³
239 2695 304 2717 Vers.
321 2695 342 2718 5.
826 2698 845 2711 ¹⁷
863 2699 928 2721 Vers.
948 2699 982 2721 12.

200 2733 219 2746 ¹⁸
237 2733 281 2757 Csr.
300 2735 375 2761 Rern„
391 2741 461 2757 serm.
480 2736 516 2759 45.
527 2736 551 2758 in
563 2736 627 2759 Cant.
645 2744 668 2759 u.
680 2738 702 2759 5.
714 2744 787 2766 seqq.‚
805 2737 844 2760 ubi
856 2738 938 2760 similia
949 2738 984 2760 in-

137 2773 269 2795 veniuntur.
287 2773 328 2795 Hic
345 2776 367 2795 et
384 2774 405 2796 in
417 2774 616 2803 subsequentibus
627 2776 650 2798 in
662 2777 741 2799 codice
753 2779 841 2799 tantum
854 2777 983 2805 respectiva

137 2810 243 2840 capitula
260 2812 327 2834 citata
344 2816 397 2834 sunt
419 2812 467 2834 siue
483 2813 624 2836 indicatione
640 2814 776 2837 verborum.

200 2849 220 2863 ¹⁹
237 2851 367 2878 Respicitur
383 2850 533 2879 probabiliter
550 2858 572 2874 v.
586 2852 628 2874 49:
645 2851 748 2882 Scripsit
763 2855 842 2877 autem
854 2856 875 2877 et
887 2853 983 2877 titulum

137 2890 229 2913 Pilatus
246 2892 267 2913 et
282 2890 363 2920 posuit
378 2897 451 2920 supet·
468 2897 572 2915 crucem.
590 2892 651 2915 Erat
667 2894 747 2916 autem
768 2893 899 2923 scriptum:
917 2894 983 2917 Iesus

137 2929 281 2953 Nazarenus
298 2930 349 2952 Rem
365 2929 518 2954 Iudaeorum.

231 2976 257 2999 S.
268 2976 358 3000 Bonav.
374 2989 405 2994 —
422 2978 490 3000 Torn.
508 2978 546 3000 lX.

1052 228 1109 252 tute
1131 228 1191 252 tua.
1209 242 1244 245 —-
1260 225 1526 262 Supersplendenter
1540 228 1620 256 novit
1634 228 1768 265 singula,
1791 235 1817 258 et
1836 231 1895 259 ideo

1052 278 1101 307 per
1117 271 1207 307 ipsum
1223 271 1358 300 habemus
1373 272 1540 309 intelligere;
1552 275 1667 302 Actuum
1684 275 1773 311 primo
1785 276 1823 304 ¹⁰:
1842 277 1896 305 Do-

1050 316 1144 349 mine,
1175 317 1227 354 qui
1256 318 1334 345 nosti
1354 319 1470 352 omnia,
1493 323 1648 357 antequam
1669 320 1751 357 siant.
1780 338 1819 342 —
1847 323 1898 351 Su-

1051 363 1249 399 peraffluenter
1270 363 1367 401 diliqit
1387 369 1510 399 cuncta,
1533 369 1560 394 et
1581 366 1641 395 ideo
1663 375 1712 403 per
1733 368 1823 404 ipsum
1848 369 1897 397 ha-

1052 409 1149 438 bemus
1171 410 1286 443 salvari:
1301 410 1423 440 Psalmus
1435 412 1472 439 ¹¹:
1489 412 1560 441 Diaei
1572 413 1710 442 Domino.-
1728 415 1803 443 Deus
1816 424 1898 443 meus

1051 464 1080 483 es
1101 459 1150 489 tu,
1172 456 1312 493 quoniam
1328 456 1469 485 bonorum
1483 467 1615 487 meorum
1629 468 1687 488 non
1701 469 1771 497 eyes.
1794 478 1832 481 —
1847 462 1897 490 Su-

1051 502 1241 538 persapienter
1263 502 1337 539 reya
1358 504 1511 538 universa,
1533 509 1560 533 et
1581 506 1641 535 ideo
1662 515 1711 543 por
1733 507 1823 543 ipsum
1849 508 1897 536 ha-

1050 548 1150 577 bemus
1163 549 1338 582 conservari3
1356 550 1507 586 Sapientiae
1523 560 1595 580 nono
1610 553 1648 580 ¹2:
1668 553 1788 582 Domine
1805 554 1896 589 Deus,

1051 595 1104 632 qui
1122 595 1269 632 sapientia
1291 599 1343 624 tua
1365 597 1540 626 constituisti
1567 597 1726 633 hominem,
1748 604 1781 628 ut
1805 601 1896 629 domi-

1050 645 1177 670 naretur
1198 646 1371 676 creaturae,
1394 652 1469 681 quae
1489 652 1508 672 a
1530 648 1554 672 te
1573 644 1656 681 facta
1677 651 1725 675 est.

1130 688 1158 716 ll.
1181 689 1321 724 Quantum
1349 689 1382 717 ad
1411 690 1558 718 secundam
1582 696 1686 727 partem
1716 697 1794 728 nota,
1823 695 1897 731 quod

1050 734 1135 763 divini
1156 734 1292 764 adventus
1313 736 1462 764 consolatio
1483 740 1524 765 est
1545 738 1673 767 omnihus
1694 743 1721 767 et
1748 741 1782 769 ab
1810 741 1896 769 omni-

1050 781 1104 809 bus
1124 781 1298 818 imploranda
1318 785 1345 811 et
1376 784 1562 812 memoranda.
1585 784 1665 813 Venit
1692 787 1764 814 enim
1792 788 1825 816 ad
1847 796 1896 817 nos

1051 828 1098 856 Dei
1120 828 1204 857 Filius
1224 831 1256 856 ut
1276 829 1420 857 mediator
1439 830 1558 867 gratiae
1578 831 1610 859 ad
1632 832 1788 861 exhibenda
1809 842 1897 863 reme-

1049 874 1094 902 dia
1115 874 1190 911 pacis
1211 878 1238 903 et
1259 875 1436 909 concordiae;
1459 876 1492 904 ad
1508 876 1639 913 Ephesios
1654 879 1773 907 secundo
1789 880 1828 907 ¹3:
1850 881 1897 909 Ve-

1050 921 1133 949 niens
1154 921 1369 959 evanyelizavit
1387 931 1491 959 pacem
1511 923 1601 957 vobis,
1613 925 1665 961 qui
1679 925 1759 962 lonye
1780 925 1894 963 fuistis,

1049 971 1074 996 et
1091 976 1194 1005 pacem
1216 969 1254 997 iis
1275 970 1327 1006 qui
1336 978 1429 1007 prope
1443 974 1494 999 etc.
1510 988 1550 991 —
1565 971 1597 999 Ut
1612 972 1712 1000 doctor
1737 974 1897 1010 sapientiae

1049 1015 1083 1043 ad
1104 1015 1193 1043 danda
1214 1015 1379 1044 documenta
1400 1017 1509 1053 pietatis
1530 1021 1557 1046 et
1579 1018 1713 1053 iustitiae;
1735 1019 1804 1048 Osee
1825 1020 1897 1049 deci-

1049 1069 1094 1090 mo
1109 1062 1147 1089 ¹¹¹:
1170 1062 1265 1090 Veniet
1278 1063 1330 1100 qui
1343 1063 1451 1092 docebit
1465 1072 1516 1092 vos
1530 1064 1684 1094 iustitiam.
1700 1083 1738 1086 —
1749 1067 1783 1095 Ut
1795 1071 1897 1103 pastor

1050 1108 1170 1136 animae
1191 1109 1224 1137 ad
1246 1109 1387 1138 influenda
1401 1111 1498 1139 solatia
1513 1112 1657 1140 suavitatis
1673 1112 1811 1147 internae;
1827 1114 1898 1142 loan-

1048 1155 1091 1183 nis
1111 1155 1217 1184 decimo
1233 1156 1270 1184 ¹⁵:
1294 1157 1354 1194 1390
1368 1157 1446 1191 veni,
1469 1158 1605 1186 utvilam
1628 1158 1753 1188 habeant
1766 1163 1792 1188 et
1805 1160 1897 1189 abun-

1048 1201 1170 1230 dantius
1185 1201 1317 1231 habeant.
1334 1219 1370 1224 —
1387 1204 1419 1232 Ut
1434 1204 1589 1233 ordinator
1603 1206 1679 1234 vitae
1693 1206 1727 1234 ad
1741 1207 1898 1236 exhibenda

1049 1243 1180 1285 exempla
1201 1250 1353 1279 sanctitatis
1368 1254 1395 1279 et
1409 1251 1596 1286 innocentiae:
1618 1253 1745 1282 Matthaei
1766 1254 1897 1291 vigesimo

1049 1296 1138 1332 primo
1148 1296 1186 1324 ¹⁶:
1210 1297 1295 1331 Ecce,
1318 1306 1369 1326 rex
1391 1302 1460 1326 tuus
1480 1299 1558 1327 venit
1579 1299 1631 1327 tibi
1650 1304 1832 1334 mansuetus,
1854 1310 1896 1329 sc-

1048 1342 1118 1371 dens
1138 1352 1228 1380 super
1249 1344 1368 1373 asinam
1389 1348 1440 1373 etc.

1128 1390 1166 1418 lll.
1190 1391 1329 1427 Quantum
1351 1392 1383 1420 ad
1407 1393 1520 1421 tertium
1537 1396 1617 1428 nota,
1632 1394 1706 1431 quod
1721 1402 1820 1423 nomen
1836 1395 1895 1424 lesu

1047 1440 1088 1465 est
1121 1446 1225 1466 nomen
1250 1438 1303 1466 sub
1332 1438 1410 1467 caelo
1438 1439 1541 1468 datum
1569 1439 1752 1475 hominibus,
1781 1441 1812 1469 in
1840 1450 1895 1479 quo

1047 1487 1179 1520 oporteat
1216 1493 1269 1513 nos
1299 1485 1396 1513 salvos
1427 1485 1510 1522 lieri,
1542 1487 1614 1515 sicut
1644 1487 1746 1516 dicitur
1778 1488 1894 1517 Actuum

1047 1534 1148 1567 quarto
1165 1531 1195 1559 ¹⁷.
1219 1532 1250 1560 Et
1271 1532 1332 1560 ideo
1353 1536 1395 1561 est
1416 1533 1495 1561 nobis
1515 1541 1600 1570 super
1621 1534 1713 1562 omnia
1727 1535 1892 1569 amandum,

1047 1578 1235 1607 venerandum
1248 1582 1275 1607 et
1289 1578 1511 1608 desiderandum.
1525 1580 1618 1617 Ipsum
1632 1581 1705 1609 enim
1720 1589 1818 1610 nomen
1835 1582 1893 1610 lesu

1047 1628 1088 1653 est
1113 1628 1167 1653 tam
1192 1625 1358 1660 mirificum,
1380 1630 1435 1654 tam
1457 1627 1624 1663 gloriosum,
1647 1631 1701 1656 tam
1726 1628 1894 1665 gratiosum,

1047 1672 1121 1708 quod
1141 1672 1286 1709 seriptum
1307 1673 1381 1701 lucet
1395 1673 1452 1702 sive
1475 1674 1632 1711 resplendet
1647 1674 1685 1708 ¹¹³:
1703 1675 1808 1703 loannis
1823 1675 1895 1704 deci-

1046 1726 1091 1747 mo
1107 1727 1180 1747 nono
1191 1719 1223 1747 ¹⁹.
1240 1736 1276 1740 —-
1292 1720 1464 1749 Meditatum
1479 1725 1591 1749 ¹recreat
1606 1725 1633 1750 et
1647 1722 1779 1756 delectat;
1795 1723 1828 1751 ad
1843 1722 1894 1751 Ga—

1046 1765 1114 1794 latas
1129 1766 1227 1794 ultimo
1242 1766 1273 1794 2⁰.
1296 1784 1335 1787 —
1356 1766 1548 1796 Nominatum
1570 1768 1673 1806 diripit
1694 1772 1720 1797 et
1742 1769 1892 1804 confortat;

1045 1812 1078 1840 ad
1100 1812 1273 1841 Colossenses
1295 1814 1416 1842 secundo
1431 1814 1463 1842 2¹.
1487 1831 1524 1835 -
1546 1815 1717 1844 Invocatum
1733 1816 1847 1844 animat
1867 1820 1894 1845 et

1046 1859 1213 1894 inflammat;
1235 1860 1267 1888 ad
1290 1860 1426 1889 Hebraeos
1452 1864 1552 1898 quarto
1568 1862 1599 1890 22.
1624 1879 1660 1882 —-
1682 1863 1893 1892 Praeciz'eacum

1045 1906 1190 1943 clarificat
1202 1910 1229 1935 et
1240 1907 1375 1941 illustrat:
1389 1908 1524 1937 secundae
1538 1909 1572 1937 ad
1584 1909 1740 1938 Corinthios
1754 1911 1891 1947 quarto23,

1044 1969 1083 1973 —
1106 1953 1294 1990 Disputatum
1321 1954 1429 1983 solidat
1455 1958 1482 1984 et
1513 1956 1674 1990 confirmat;
1699 1957 1816 1985 Actuum
1846 1957 1893 1986 de-

1044 2000 1115 2028 cimo
1139 2000 1237 2037 quinto
1252 2000 1284 2029 2⁴¹.
1307 2018 1345 2022 —
1366 2002 1482 2031 Lectum
1497 2003 1623 2040 ampliat
1646 2006 1673 2032 et
1693 2004 1788 2032 dilatat
1796 2015 1803 2038 ;
1825 2006 1893 2041 Apo-

1044 2047 1161 2084 calypsis
1182 2048 1272 2084 primo
1287 2049 1318 2077 2⁵.
1342 2066 1379 2069 —
1402 2050 1553 2086 Depictum
1574 2050 1688 2079 intonat
1702 2054 1730 2080 et
1749 2051 1891 2085 inclamat;

1043 2094 1077 2122 ad
1094 2094 1230 2123 Hebraeos
1244 2095 1406 2124 duodecimo
1421 2097 1453 2124 ²⁶.
1469 2114 1508 2117 —
1523 2097 1715 2126 Ruminatum
1735 2097 1891 2135 suavificat

1106 2306 1125 2320 ²⁰
1144 2308 1207 2330 Vers.
1227 2308 1267 2329 riti:
1286 2307 1346 2331 Mihi
1361 2309 1441 2331 autem
1457 2307 1518 2331 absit
1535 2308 1639 2338 ⁸qloriari
1654 2309 1702 2331 nisi
1717 2308 1740 2331 in
1759 2315 1828 2332 cruce
1844 2310 1889 2332 Do-

1042 2346 1103 2369 mini
1118 2346 1196 2369 nostri
1212 2347 1265 2369 Iesu
1283 2346 1377 2370 Christi.

1107 2384 1125 2398 11
1144 2386 1208 2408 Vers.
1226 2386 1252 2408 3:
1266 2386 1293 2408 ln
1305 2392 1351 2415 quo
1363 2388 1421 2410 sunt
1431 2392 1512 2410 omnes
1524 2386 1632 2410 thesauri
1642 2387 1770 2416 sapientiae
1781 2388 1803 2409 et
1816 2387 1888 2410 scien-

1042 2424 1088 2447 tiae
1105 2424 1244 2448 absconditi.

1105 2462 1125 2476 11
1144 2464 1208 2486 Vers.
1227 2464 1268 2486 116:
1285 2464 1406 2488 Adeamus
1423 2471 1479 2488 cum
1495 2464 1584 2495 fiducia
1600 2464 1633 2487 ad
1648 2465 1762 2488 thronum
1784 2466 1888 2495 gratiae,

1041 2504 1068 2525 ut
1084 2502 1275 2525 misericordiam
1292 2508 1468 2532 consequamur
1485 2505 1507 2526 et
1522 2503 1628 2533 qratiam
1645 2503 1795 2527 inveniamus
1812 2507 1855 2527 etc.

1105 2540 1124 2554 ²³
1141 2542 1266 2569 Praecipue
1283 2548 1306 2563 v.
1324 2542 1351 2564 ὃς
1370 2541 1489 2570 Quoniam
1506 2543 1582 2570 Deus,
1603 2542 1646 2572 qui
1666 2542 1727 2565 diarii
1744 2542 1771 2566 de
1788 2542 1887 2566 tenebris

1042 2580 1118 2603 lucem
1135 2580 1305 2610 splendescere,
1326 2580 1375 2610 ipse
1393 2580 1474 2604 illuoeit
1490 2581 1515 2604 in
1532 2580 1643 2604 cordibus
1654 2581 1743 2605 nostr-is
1755 2581 1788 2605 ad
1802 2581 1889 2605 illumi-

1041 2619 1162 2642 nationem
1179 2619 1289 2642 scientiae
1306 2619 1423 2643 claritatis
1441 2620 1484 2643 Dei
1500 2619 1524 2642 in
1540 2620 1601 2649 facie
1618 2620 1706 2644 Christi
1722 2622 1782 2644 lesu.

1104 2655 1123 2669 ²¹
1140 2657 1206 2679 Vers.
1223 2658 1255 2679 1-1
1265 2658 1282 2685 1,
1296 2657 1335 2680 ubi
1347 2658 1503 2681 controversia
1515 2658 1544 2681 de
1556 2659 1691 2681 necessitate
1707 2659 1888 2682 circumcisionis

1040 2695 1117 2718 decisa
1132 2699 1166 2718 est
1177 2699 1199 2718 et
1211 2699 1320 2719 statutum
1333 2697 1464 2724 decretum,
1482 2698 1545 2726 quod
1554 2704 1599 2726 per
1611 2697 1717 2727 qratiam
1728 2698 1824 2721 Domini
1834 2699 1887 2721 Iesu

1041 2733 1130 2758 Christi
1145 2735 1264 2758 credimus
1280 2735 1379 2758 salvari.

1104 2772 1124 2785 ²⁵
1142 2774 1207 2796 Vers.
1225 2774 1250 2795 fl:
1267 2773 1422 2803 Apocalypsis
1434 2775 1487 2797 lesu.
1500 2774 1599 2802 Christi,
1615 2781 1685 2804 quam
1699 2774 1761 2798 dedit
1777 2774 1813 2797 illi
1823 2775 1885 2798 Deus

1036 2811 1121 2840 palam
1137 2811 1216 2841 facere
1233 2815 1275 2834 etc.
1293 2813 1318 2834 Et
1330 2819 1353 2835 v.
1363 2813 1389 2834 3:
1408 2813 1501 2841 Beatus,
1521 2813 1563 2842 qai
1574 2812 1629 2842 leqit
1640 2814 1660 2836 et
1671 2812 1738 2836 audit
1749 2813 1821 2836 verba
1828 2820 1884 2843 pro-

1038 2849 1130 2879 phetiae
1146 2850 1226 2873 huius.

1102 2888 1122 2901 ²⁴⁵
1139 2889 1182 2912 Ubi
1200 2890 1229 2911 de
1246 2890 1300 2912 novi
1318 2891 1444 2912 testamenti
1462 2890 1591 2913 excellentia
1609 2897 1679 2918 super
1697 2893 1763 2913 vetus
1789 2892 1873 2919 agitur.

1778 2985 1791 3006 7

1914 694 1959 713 Pare
1968 694 1989 713 ΙΙ.
1998 699 2041 713 cum

1914 717 1925 735 4
1936 718 2032 737 membris.

1913 1394 1958 1412 Pars
1963 1394 1992 1412 lll.
1998 1399 2039 1413 cum

1913 1417 1935 1436 12
1943 1417 2039 1437 memhris.
