2243 3348
20 1472 133 1493 Prodemus

37 1496 104 1515 divisio.

0 2083 1 2094 ³
11 2080 89 2100 Eiusdem
99 2086 130 2105 ap·

31 2104 108 2128 plicatio.

663 313 715 386 S.
777 313 1414 390 BONAVENTURAE

355 544 936 626 SERMONES
983 546 1135 625 DE
1185 547 1704 632 TEMPORE

790 982 949 1011 DOMINICA
971 982 1069 1011 PRIMA
1089 983 1272 1012 ADVENTUS.

491 1088 582 1117 51111Μο
604 1088 613 1116 Ι
628 1089 648 1116 ¹.

227 1182 282 1211 His
303 1185 401 1210 autem
423 1181 491 1218 fieri
519 1181 738 1218 incipientibuS,
760 1182 893 1218 respicite
914 1186 938 1210 et
959 1182 996 1211 le-

149 1232 213 1257 vate
233 1229 333 1266 capita
353 1232 468 1262 vestra,
490 1229 629 1266 quoniam
652 1228 872 1266 appropinquat
885 1229 995 1257 redem-

148 1276 210 1313 ptio
230 1279 338 1310 vestra,
359 1276 448 1304 Lucae
470 1275 601 1312 vigesimo
623 1276 714 1312 primo
725 1276 744 1303 2.

227 1322 387 1351 Prothema:
416 1323 534 1350 Parvus
554 1321 634 1359 fons,
656 1322 709 1360 qui
722 1323 811 1351 crevit
825 1322 857 1351 in
869 1322 996 1359 fluvium

148 1372 173 1398 et
193 1369 224 1398 in
246 1369 337 1397 lucem
359 1369 501 1407 solemque
522 1377 679 1397 conversus
700 1373 748 1397 est.

226 1416 317 1445 Verba
335 1415 455 1444 secundo
471 1415 610 1452 proposita
625 1415 728 1452 scripta
742 1419 807 1444 sunt
822 1416 847 1444 in
864 1416 963 1444 Esther
976 1416 995 1450 ³,

149 1462 178 1492 in
198 1462 301 1500 quibus
321 1462 475 1499 negotiator
496 1462 554 1491 sive
575 1462 748 1498 praedicator
762 1470 857 1491 sacrae
872 1463 996 1499 Scriptu-

149 1517 197 1539 rae
224 1509 395 1538 sufficienter
422 1509 605 1543 describitur,
632 1509 722 1546 qualis
752 1517 812 1538 esse
843 1509 941 1538 debeat
968 1510 995 1538 in

149 1555 270 1595 affectu,
292 1556 358 1593 quia
379 1555 499 1584 humilis
507 1567 517 1590 ;
538 1556 565 1584 in
585 1555 738 1593 profectu,
760 1557 826 1593 quia
847 1556 947 1590 utilis,·
967 1557 994 1585 in

149 1606 282 1640 aspecta,
298 1603 363 1639 quia
383 1602 496 1631 necitis.
520 1602 552 1631 Et
571 1602 674 1631 idcirco
705 1602 820 1631 affectus
841 1601 995 1631 humilitas

149 1649 271 1686 tangitur
293 1649 439 1686 primitus:
462 1649 582 1677 Parvus
606 1648 692 1686 fons‚·
713 1649 854 1685 profectus
882 1649 995 1678 utilitas

148 1699 277 1730 notatur,
299 1703 363 1724 cum
385 1695 530 1724 subditur:
553 1696 643 1724 crevit
663 1695 694 1724 in
714 1695 857 1732 fluvium;
872 1699 898 1724 et
919 1704 995 1733 aspe-

147 1745 208 1771 ctus
228 1742 382 1776 nobilitas,
398 1750 461 1771 cum
483 1742 601 1770 dicitur:
617 1742 649 1770 in
664 1742 756 1771 lucem
769 1742 912 1781 solemque
926 1751 993 1771 eon-

146 1798 249 1818 versus
269 1793 317 1818 cst.
340 1790 390 1818 Per
411 1789 534 1826 primum
557 1789 672 1818 affectus
687 1789 852 1818 humilitatis
867 1789 994 1818 redditur

146 1836 297 1874 qratiosus
318 1836 350 1864 in
364 1836 520 1865 intentione
526 1846 537 1869 ,·
551 1844 601 1872 per
616 1836 769 1865 secundum
784 1836 924 1873 profectus
939 1837 995 1865 uti-

148 1882 232 1912 litatis
253 1883 378 1911 redditur
399 1882 574 1920 fructuosus
598 1883 630 1911 in
654 1883 837 1920 operatione;
862 1891 912 1920 per
938 1886 994 1912 ter-

149 1930 219 1958 tium
239 1932 367 1966 aspectus
388 1930 539 1959 nobilitatis
560 1930 686 1959 redditur
707 1930 855 1967 speciosas
876 1931 907 1959 in
928 1939 991 1960 con-

147 1977 316 2005 versatione.

225 2023 293 2052 Cum
316 2023 401 2060 igitur
423 2026 518 2052 nostra
545 2024 581 2052 sit
608 2024 763 2053 communis
784 2024 899 2053 intentio
920 2024 994 2053 circa

146 2069 234 2107 ipsius
254 2078 349 2099 sacrae
370 2071 530 2107 Scripturae
560 2070 715 2107 indaginem
738 2070 872 2107 negotiari
894 2078 992 2099 3601111-

147 2116 214 2145 1111111
235 2116 309 2145 illam
341 2116 514 2145 influentiam
543 2117 678 2153 Spiritus,
701 2125 756 2154 qna
785 2117 854 2146 solet
876 2117 903 2145 in
924 2117 993 2146 alios

145 2171 174 2193 se
195 2163 361 2197 transferre;
383 2167 410 2192 et
429 2164 516 2201 ipsius
537 2164 706 2192 infundentis
727 2167 753 2192 et
768 2164 910 2193 influentis
932 2164 991 2201 Spi-

146 2209 218 2239 ritus
239 2210 324 2239 sancti
347 2211 463 2247 gratiam
480 2211 610 2247 primitus
624 2211 801 2244 invocemus,
823 2214 854 2239 ut
876 2211 923 2248 qui
946 2218 993 2239 su-

146 2265 195 2294 per
216 2258 336 2287 humiles
357 2258 510 2296 requiescit
531 2258 665 2287 affectioni
688 2261 800 2287 nostrae
818 2258 923 2287 tribuat
938 2257 992 2286 liu—

145 2304 314 2339 militatem,
336 2313 392 2342 qua
415 2305 564 2334 intentione
585 2305 666 2333 faciat
694 2313 744 2333 nos
774 2305 922 2342 gratiosos
930 2315 940 2339 ;
965 2308 993 2334 et

145 2351 192 2388 qui
224 2351 250 2379 in
284 2351 450 2380 habentibus
481 2360 534 2380 non
558 2352 673 2388 tepescit
697 2351 849 2388 operationi
880 2354 992 2380 nostrae

146 2397 251 2427 tribuat
271 2398 438 2432 utilitatem,
455 2406 527 2435 quae
540 2407 591 2427 nos
613 2398 638 2426 in
660 2398 820 2435 operatione
833 2398 914 2427 faciat
928 2397 992 2436 fru-

145 2447 276 2478 ctuosos,-
297 2448 324 2473 et
346 2445 471 2478 tandem,
487 2445 534 2482 qui
550 2445 686 2473 virtutum
707 2444 825 2473 floribus
844 2453 899 2473 non
914 2446 992 2473 mar-

145 2491 228 2520 cescit
242 2491 442 2520 conversationi
468 2494 579 2520 nostrae
593 2491 698 2520 tribuat
719 2490 904 2525 honestatem,
920 2499 992 2528 quae

145 2546 195 2567 nos
220 2539 327 2567 cunctis
358 2538 454 2567 reddat
475 2538 672 2575 aspicientibus
692 2539 851 2575 speciosos,
873 2541 905 2567 ut
933 2542 993 2567 tan-

1052 1088 1114 1117 dem
1137 1087 1261 1117 humiles
1282 1088 1309 1117 in
1331 1089 1489 1124 affectione,
1504 1089 1653 1127 fructuosi
1674 1092 1701 1120 in
1725 1093 1900 1129 operatione,

1052 1135 1176 1172 speciosi
1195 1135 1222 1163 in
1241 1136 1459 1170 conversatione,
1485 1137 1558 1165 circa
1582 1138 1668 1174 ipsam
1700 1147 1806 1168 sacram
1828 1141 1901 1169 Scri-

1052 1184 1164 1218 pturam
1194 1182 1252 1211 sive
1280 1182 1510 1219 praedicationem
1540 1184 1631 1213 taliter
1662 1189 1789 1214 nostrum
1820 1187 1901 1216 116311-

1052 1228 1098 1257 det
1118 1228 1276 1265 ingenium,
1291 1229 1365 1266 quod
1387 1229 1422 1257 sit
1443 1229 1476 1258 ad
1496 1230 1605 1259 laudem
1626 1235 1653 1259 et
1676 1232 1792 1268 gloriam
1813 1233 1901 1262 omni-

1052 1275 1172 1312 potentis
1193 1275 1252 1309 Dei,
1273 1276 1361 1304 Patris
1382 1279 1409 1304 et
1429 1276 1486 1304 Filii
1509 1279 1536 1305 et
1555 1277 1674 1313 Spiritus
1688 1279 1774 1307 sancti
1795 1283 1823 1308 et
1843 1281 1900 1317 glo-

1052 1322 1142 1351 riosae
1164 1322 1284 1359 Virginis
1305 1323 1406 1351 Mariae
1421 1327 1447 1351 et
1465 1323 1550 1352 totius
1572 1324 1706 1353 Ecclesiae
1725 1327 1899 1356 commodum

1052 1371 1270 1405 nostrarumque
1297 1369 1456 1398 animarum
1487 1373 1541 1398 tam
1574 1371 1678 1407 gratiae
1704 1372 1731 1400 in
1762 1374 1899 1409 praesenti

1053 1423 1136 1452 quam
1159 1416 1262 1452 gloriae
1284 1416 1311 1444 in
1332 1416 1438 1444 futuro.
1460 1416 1552 1445 Amen.

1132 1462 1186 1490 His
1208 1466 1306 1490 autem
1326 1462 1394 1499 sieri
1414 1463 1619 1500 incipientibus
1640 1466 1691 1493 etc.
1714 1465 1850 1501 Quoniam
1872 1466 1899 1494 in

1054 1509 1199 1545 Evangelio
1220 1509 1355 1538 hodierno
1383 1513 1527 1546 ponuntur
1555 1511 1696 1548 praesagia
1723 1512 1835 1541 secundi
1856 1513 1899 1541 ad-

1052 1558 1152 1584 ventus
1173 1555 1290 1590 Christi3
1313 1555 1374 1584 ideo
1396 1559 1483 1584 totum
1505 1564 1636 1593 praesens
1657 1558 1833 1595 Evangelium
1859 1566 1899 1588 re-

1051 1602 1142 1630 fertur
1173 1602 1207 1630 ad
1238 1605 1381 1639 aspectum
1414 1606 1440 1631 et
1468 1607 1551 1640 caput
1572 1604 1717 1633 levandum
1739 1605 1772 1633 ad
1793 1606 1897 1643 siyna,

1052 1657 1123 1686 quae
1144 1652 1231 1677 erunt
1252 1649 1283 1677 in
1303 1649 1361 1678 sole
1381 1653 1406 1678 et
1427 1650 1500 1679 luna
1521 1653 1547 1679 ct
1565 1651 1653 1680 stellis
1665 1652 1676 1668 4
1691 1655 1718 1680 et
1733 1653 1832 1681 ceteris
1846 1653 1898 1682 ele-

1051 1695 1159 1724 mentis.
1183 1696 1234 1724 Sed
1256 1696 1322 1732 quia
1343 1704 1380 1725 ex
1394 1700 1508 1733 aspectu
1523 1698 1639 1726 istorum
1655 1698 1797 1735 signorum
1817 1700 1897 1728 multi

1051 1742 1287 1780 incircumspecti
1307 1751 1344 1772 ex
1364 1743 1473 1773 defectu
1494 1745 1619 1779 notitiae,
1636 1745 1748 1773 seducti
1762 1754 1857 1775 errore
1871 1750 1898 1776 et

1051 1790 1187 1818 concussi
1207 1793 1315 1819 terrore
1334 1794 1460 1819 avertent
1475 1799 1504 1820 se
1518 1800 1534 1819 a
1548 1791 1611 1820 fidei
1626 1792 1756 1826 veritate;
1772 1793 1833 1821 ideo
1849 1793 1899 1822 Do-

1051 1836 1144 1865 minus
1164 1836 1197 1865 ad
1219 1837 1404 1866 exhibendam
1427 1838 1561 1867 cautelam
1584 1839 1840 1875 circumspectionis
1870 1843 1898 1869 et

1050 1883 1084 1911 ad
1106 1883 1301 1912 removendam
1332 1884 1467 1913 fallaciam
1495 1885 1663 1922 deceptionis
1683 1888 1766 1922 atque
1796 1886 1829 1914 ad
1851 1886 1896 1915 611-

1050 1929 1208 1958 minandam
1229 1930 1440 1959 inconstantiam
1473 1932 1579 1960 timoris
1600 1932 1628 1960 111
1650 1932 1736 1961 verbo
1757 1933 1896 1969 proposito

1051 1976 1104 2005 tria
1124 1976 1203 2005 facit:
1226 1985 1288 2005 nam
1310 1977 1401 2014 primo
1419 1978 1566 2015 praedicit
1579 1977 1718 2015 futuram
1733 1979 1897 2007 tribulatio-

1050 2032 1131 2057 nem,
1154 2027 1186 2052 ut
1206 2023 1395 2058 instruamur,
1418 2025 1539 2053 secundo
1560 2025 1665 2054 eoecitat
1678 2026 1719 2054 acl
1737 2026 1895 2062 providam

1050 2070 1328 2104 considerationem,
1362 2079 1396 2100 116
1427 2071 1609 2105 seducamur3
1641 2073 1723 2101 tertio
1751 2072 1897 2109 promittit

1050 2117 1249 2145 omnimodam
1277 2118 1518 2152 consolationem,
1541 2126 1575 2147 ne
1607 2122 1772 2147 terreamur.
1806 2120 1837 2147 Et
1857 2119 1895 2148 310

1050 2164 1140 2193 reddit
1161 2172 1211 2193 1103
1232 2165 1337 2193 dociles
1358 2173 1395 2194 ex
1417 2165 1599 2194 instructione
1613 2166 1724 2194 futurae
1739 2166 1894 2194 tribulatio—

1049 2211 1107 2245 nis;
1130 2211 1354 2248 circumspectos
1374 2220 1411 2241 ex
1425 2212 1575 2241 attentione
1597 2212 1726 2249 providae
1741 2212 1895 2241 considera-

1049 2258 1146 2292 tionis;
1168 2258 1313 2287 benevolos
1328 2267 1363 2287 ex
1382 2259 1563 2296 promissione
1584 2259 1755 2288 omnimodae
1776 2259 1895 2288 consola-

1048 2305 1138 2333 tionis.
1155 2321 1192 2325 —
1208 2305 1298 2334 Primo
1313 2314 1380 2342 ergo
1400 2306 1549 2343 praedicit
1567 2305 1706 2343 futuram
1730 2305 1894 2334 tribulatio—

1048 2360 1124 2384 nem,
1136 2354 1168 2379 111
1182 2351 1372 2386 instruamur,
1388 2360 1452 2381 cum
1466 2353 1547 2381 dicit:
1562 2352 1617 2381 His
1631 2356 1727 2380 autem
1742 2352 1808 2389 fieri
1822 2352 1894 2381 inci-

1045 2398 1211 2435 pientibus,·
1232 2399 1355 2427 secundo
1376 2399 1482 2427 excitat
1503 2400 1543 2427 art
1556 2399 1711 2436 providam
1726 2399 1894 2428 considera-

1049 2445 1170 2479 tionem,
1202 2452 1237 2473 ne
1268 2445 1451 2480 seducamur,
1474 2454 1536 2474 cum
1569 2446 1676 2474 subdit:
1710 2445 1848 2482 Respicite
1868 2449 1894 2474 et

1049 2492 1137 2520 levate
1158 2491 1259 2528 capita
1278 2495 1394 2526 vestra,
1409 2493 1436 2521 id
1451 2495 1492 2521 est
1513 2495 1649 2526 mentem;
1666 2492 1806 2528 quoniam,
1822 2492 1893 2520 sicut

1049 2542 1132 2575 caput
1152 2539 1322 2575 praeeminet
1336 2539 1435 2568 ceteris
1450 2539 1580 2568 membris
1595 2539 1734 2575 corporis,
1749 2539 1787 2567 sic
1806 2546 1891 2581 mens5

207 2701 214 2714 ¹
233 2702 329 2724 Genuini
339 2702 366 2725 de
380 2702 493 2732 Tempore
504 2708 630 2729 sermones,
642 2703 744 2732 quisunt
755 2703 778 2726 in
788 2704 823 2726 ed.
835 2704 951 2731 Vaticana,
961 2703 991 2726 ab

146 2747 172 2763 ea
183 2741 254 2763 sumti
270 2744 323 2763 sunt
334 2747 360 2763 ex
378 2741 477 2764 editione
489 2742 611 2764 Basileensi
624 2748 659 2764 an.
673 2743 747 2770 4502,
759 2748 811 2765 cum
824 2749 870 2771 qua
883 2743 929 2765 tere
941 2749 991 2771 per-

147 2781 204 2802 fecte
213 2780 359 2802 conveniunt.
371 2780 429 2803 Cum
441 2781 534 2803 nomine
543 2781 718 2803 Bonaventurae
730 2782 751 2803 hi
762 2781 875 2804 habentur
888 2781 911 2803 in
923 2782 991 2804 codd.

148 2818 164 2842 C
177 2818 324 2848 (Florentino)
336 2820 355 2842 D
367 2819 567 2849 (Brunopolitano)
581 2822 597 2843 E
611 2820 762 2850 (Erlangensi)
774 2821 790 2843 F
803 2820 991 2850 (Bamhergensi)

148 2858 213 2887 quasi
231 2858 343 2881 infinitum
361 2865 483 2881 numerum
510 2860 631 2882 lectionum
658 2860 797 2882 variantium
819 2859 991 2887 praebentibus.

147 2909 176 2914 —
194 2898 295 2920 Primum
308 2904 439 2920 sermonem
452 2898 467 2920 F
485 2898 549 2926 ponit
561 2899 583 2920 in
596 2899 662 2921 Dom.
674 2899 697 2920 ll.
709 2898 840 2927 Adventus,
852 2899 893 2921 sed
910 2900 926 2921 E
938 2905 991 2921 eum

148 2936 237 2959 omittit.
255 2937 397 2964 Inspeximus
406 2937 474 2959 etiam
484 2938 552 2960 codd.
562 2937 701 2960 Tudertinos
712 2938 730 2960 G
741 2938 758 2959 H
771 2938 837 2961 valde
855 2941 991 2961 contractos.

1017 2709 1022 2965 l

1049 2704 1110 2726 Idem
1128 2707 1199 2726 exstat
1216 2704 1284 2726 etiam
1302 2704 1324 2726 in
1342 2704 1410 2726 codd.
1423 2704 1429 2725 1
1442 2702 1615 2732 (Aldovadensi)
1629 2706 1650 2725 et
1662 2703 1677 2724 L
1695 2701 1891 2731 (monasteriensi).

1048 2744 1081 2766 De
1098 2744 1133 2765 his
1150 2746 1172 2766 61
1189 2744 1218 2766 116
1235 2743 1319 2771 modo,
1336 2749 1383 2772 quo
1401 2745 1487 2765 textum
1500 2742 1649 2768 correximus,
1662 2741 1716 2763 vide
1731 2746 1800 2768 snpra
1818 2740 1891 2762 Prole-

1049 2788 1157 2811 gomena.
1536 2779 1545 2792 ²³
1563 2780 1628 2803 Vers.
1647 2780 1682 2801 28.

1111 2821 1120 2834 ³
1137 2822 1191 2850 Cap.
1210 2822 1252 2848 10,
1270 2822 1291 2843 6.
1308 2833 1338 2837 ——
1356 2821 1403 2843 Hoc
1420 2821 1539 2848 prothema
1558 2822 1579 2841 et
1596 2818 1694 2846 plurima
1715 2818 1758 2839 alia
1780 2823 1840 2846 quae
1856 2823 1890 2839 se-

1048 2864 1151 2890 quuntur
1168 2862 1313 2889 prothemata
1335 2864 1409 2882 summ
1428 2862 1481 2881 sunt
1497 2865 1523 2881 ex
1539 2858 1587 2880 solo
1605 2858 1657 2880 eod.
1674 2856 1801 2879 Florentino
1818 2856 1842 2879 C.
1859 2869 1890 2873 —

1048 2899 1081 2921 De
1098 2900 1242 2927 prothemate
1259 2899 1300 2921 cfr.
1317 2904 1387 2926 supra
1405 2903 1459 2925 pag.
1477 2897 1490 2919 6
1508 2897 1549 2918 col.
1571 2897 1594 2918 ll.

1111 2937 1119 2952 ⁴
1138 2939 1192 2960 Luc.
1209 2938 1251 2964 21,
1270 2937 1307 2959 25.

1916 1465 1988 1484 Sermo.

1914 1977 1984 1996 Divisio
1990 1977 2042 2001 prin-

1925 2001 1996 2025 cipalis.
