2243 3348
23 670 74 694 Pizati
86 670 122 689 dno

39 694 89 713 mala.

23 1561 27 1575 i
39 1556 114 1575 descen-

24 1585 46 1598 ηε
57 1579 117 1603 Ange·

16 1607 65 1621 nrum
77 1607 105 1621 se-

16 1626 89 1645 cunda.

743 165 785 193 DE
807 165 939 193 SANCTIS
960 164 1103 193 ANGELlS.
1127 163 1236 193 SERMO
1258 165 1274 192 l.
1827 168 1880 194 617

138 244 273 282 quomodo
294 246 335 272 est
357 243 492 271 munditia
513 246 539 271 et
561 251 692 280 quorum,
707 243 772 280 quia
793 242 978 279 plorantium;

137 294 163 320 et
184 289 338 327 quomodo?
360 290 410 318 Per
432 289 537 317 viscera
559 289 653 326 piscis
681 290 840 317 exenterati
846 299 856 322 ;
876 288 979 326 fumus

137 336 233 365 iecoris
252 335 342 372 positi
360 343 449 372 super
470 335 609 363 carbones
637 335 714 372 fugat
734 335 927 369 daemonium,
955 338 979 363 et

137 382 175 420 fet
190 384 198 399 ¹
221 382 281 410 eius
302 382 433 410 clarificat
455 382 561 415 visum,
584 382 610 409 in
632 390 688 418 quo
709 381 889 418 significatur,
905 381 979 418 quod

136 428 167 457 ad
192 429 256 462 hoc,
278 428 351 464 quod
373 435 503 456 sanemur
525 435 574 464 per
595 428 777 456 ministerium
800 428 978 464 Angelorum,

135 474 288 504 necessaria
308 477 350 503 est
370 474 448 503 nobis
463 474 612 511 recognitio
630 474 804 503 miseriarum
819 477 978 503 nostrarum

135 525 162 550 et
182 521 259 550 dolor
280 521 313 549 de
335 521 453 557 peccatis
474 524 501 549 et
529 529 591 549 cum
614 521 657 549 his
685 521 818 549 memoria
846 521 979 557 passionis

135 568 251 601 Christi3
273 576 375 604 corpus
396 568 456 596 eius
471 568 491 596 si
507 568 616 596 fumans
631 576 716 604 ponas
737 576 821 604 super
836 568 978 601 carbones,

134 615 227 644 fumus
248 614 308 643 eius
329 615 453 643 eaetricat
474 623 556 643 omne
575 623 667 651 yemis
689 615 919 643 daemoniorum.
941 630 977 635 ——

136 662 193 690 Vile
208 665 247 691 est
272 669 331 690 esse
346 670 463 690 caecum
480 665 507 690 et
528 662 580 690 sub
594 661 730 690 servitute
751 661 867 689 diaboti.
885 661 911 689 ln
932 661 977 689 tali

134 711 207 737 statu
229 711 270 737 est
291 711 427 745 peccator,
443 708 507 745 quia
522 708 640 745 perdidit
662 708 750 736 lucem
766 708 936 744 spiritualem
951 710 978 736 et

134 755 274 784 subiectus
295 759 336 784 est
357 755 490 783 daemoni.
514 755 566 783 Ista
586 755 641 783 duo
663 755 734 782 mala
758 754 912 791 significant
933 762 977 782 ca-

134 802 281 831 lamitatem
303 802 391 830 omnis
412 802 530 838 peccati,
553 802 635 830 debes
656 801 785 838 cogitare,
807 801 880 837 quod
902 800 978 829 Chri-

133 851 192 877 stus
213 849 367 877 crucifixus
388 852 429 877 est
450 856 485 877 ex
508 848 621 877 caritate
635 850 747 876 causata
767 850 880 883 propter
902 855 976 875 amo-

134 903 191 924 rem
213 895 309 924 salutis
330 899 409 929 tuae,
431 895 497 932 quia
518 895 596 923 aliter
612 902 665 922 non
681 894 770 930 potuit
787 893 894 930 expiari
915 901 976 930 pec-

132 945 232 970 catum.
255 942 343 970 Debes
363 942 396 970 de
418 941 535 978 peccatis
556 941 611 969 tuis
631 940 732 968 dolere.
748 940 865 974 Fratres,
887 939 976 968 videte

131 988 293 1024 mysterium
315 988 411 1016 salutis
440 990 557 1015 nostrae.
583 987 674 1024 Angeli
704 995 758 1015 non
783 990 898 1023 possunt
926 994 976 1015 nos

132 1042 246 1068 curare,
268 1035 318 1063 nisi
344 1034 460 1063 habeant
489 1034 634 1070 collyrium
661 1034 761 1070 partim
789 1036 931 1069 acceptum
960 1041 976 1061 a

131 1081 222 1115 nobis,
241 1081 343 1110 scilicet
364 1084 499 1118 quantum
515 1080 548 1109 ad
570 1080 783 1117 recognitionem
800 1080 973 1108 miseriarum

131 1131 290 1157 nostrarum
312 1132 339 1157 et
360 1131 494 1164 quantum
523 1127 556 1155 ad
580 1127 739 1155 memoriam
771 1127 919 1164 passionis,
948 1130 975 1155 et

131 1175 229 1212 partim
254 1178 396 1211 acceptum
419 1182 433 1202 a
454 1174 547 1211 pisce,
570 1174 596 1202 id
617 1177 658 1202 est
679 1182 694 1202 a
722 1174 835 1202 caritate
863 1173 973 1202 Christi.

130 1222 265 1258 Quamdiu
282 1222 414 1250 habemus
435 1224 544 1257 tempus
565 1220 760 1257 poenitentiae,
776 1220 975 1249 satisfaciamus

131 1276 181 1305 pro
213 1276 292 1305 posse
313 1272 424 1302 nostro,
445 1275 499 1295 non
532 1267 692 1295 studeamus
712 1267 858 1303 acquirere
890 1274 975 1295 novas

130 1315 311 1344 infirmitates.
333 1314 421 1351 Aliqui
450 1314 560 1342 dicunt:
591 1313 741 1341 Dimittatis
770 1321 813 1341 me
844 1321 974 1350 peccare,

130 1365 223 1399 postea
244 1361 353 1390 intrabo
381 1361 562 1398 Religionem;
591 1360 638 1389 sed
661 1360 754 1388 nullus
781 1360 834 1389 sub
862 1368 909 1397 spe
932 1368 974 1389 re—

130 1408 244 1445 cipiendi
269 1408 428 1437 medicinam
451 1408 533 1436 vellet
554 1407 739 1444 multiplicare
753 1415 838 1435 novas
859 1407 975 1435 infirmi-

131 1458 207 1484 tates.

208 1502 332 1531 Secundo
352 1502 522 1530 descendunt
542 1501 633 1539 Angeli
655 1501 688 1529 ad
709 1509 762 1529 nos
782 1500 975 1529 corroboran-

130 1549 199 1577 dum
221 1549 252 1577 in
264 1557 386 1586 papum
407 1549 480 1577 unde
501 1548 529 1576 in
552 1549 623 1576 Luca
638 1548 664 1575 2:
680 1548 832 1584 Apparuit
847 1547 975 1585 Anyelus

129 1595 300 1633 confortans
314 1604 398 1629 eum,⁸
418 1599 443 1624 et
452 1595 551 1633 factus
566 1595 597 1623 in
612 1594 731 1632 agonia,
743 1594 893 1631 prolixius
910 1603 975 1623 erct-

129 1642 195 1676 bat;
209 1651 263 1671 non
283 1642 421 1679 indigebat
436 1642 642 1675 confortatione,
657 1641 704 1670 sed
719 1641 892 1670 referebatur
907 1642 973 1670 illud

129 1690 161 1718 ad
176 1697 278 1726 corpus
292 1689 392 1718 Christi
409 1689 570 1726 mysticum;
587 1689 658 1718 sicut
672 1689 783 1723 dicitur,
799 1689 873 1726 quod
894 1697 974 1726 appa-

129 1737 186 1765 ruit
206 1736 324 1773 Angelus
345 1736 454 1765 Christo
476 1736 598 1770 sudanti,
621 1736 657 1764 ita
685 1739 799 1773 apparet
819 1736 974 1765 Christiano

129 1783 267 1820 indigenti.
285 1783 357 1812 Istud
374 1783 535 1819 mysterium
552 1783 723 1820 significatur
734 1783 812 1812 nobis
828 1783 853 1811 in
867 1783 973 1817 Genesi,

129 1831 176 1859 ubi
198 1830 315 1859 dicitur:
339 1830 419 1858 Abiit
442 1830 525 1858 Iacob
547 1830 618 1858 viam
637 1838 729 1864 suam,
750 1829 928 1868 ficerimcque
948 1830 975 1858 ei

129 1876 244 1905 obviam
266 1876 371 1914 Anyeli
391 1876 457 1910 Dei,
479 1879 503 1904 et
525 1876 681 1914 appellavit
701 1885 804 1905 nomen
826 1876 881 1905 loci
894 1876 974 1905 illius

129 1922 320 1957 illctbanctz'm,
342 1923 414 1960 quod
437 1923 638 1960 interpretatur
653 1926 754 1952 eastra
779 1923 846 1956 Dei;
867 1923 919 1952 hoc
933 1923 973 1951 di-

128 1970 201 1998 citur
223 1970 272 2004 ibi,
294 1970 368 2007 quod
384 1970 466 1998 homo
487 1969 658 1998 luctabatur
672 1978 738 1998 cum
760 1969 868 2006 Anyelo
883 1978 974 2008 usque

129 2025 229 2051 mane,
253 2021 277 2045 et
297 2025 401 2045 nomen
415 2017 474 2045 eius
489 2020 548 2045 erat
563 2016 666 2051 lsrael,
681 2016 755 2054 quod
774 2016 973 2053 interpretatur

130 2065 175 2093 vir
196 2065 294 2093 videns
311 2064 419 2097 Demim
441 2064 516 2100 (hoc)
532 2064 714 2100 Hieronymus
734 2063 848 2100 corrigit
862 2066 889 2092 et
909 2063 974 2092 dicit

128 2111 174 2139 vir
188 2110 276 2148 fortis
296 2119 363 2139 eum
387 2111 452 2144 Deo,
473 2114 501 2139 et
522 2110 587 2139 huic
608 2110 755 2139 concordat
777 2111 880 2144 littera,
902 2118 973 2147 quae

128 2158 268 2195 sequitur:
293 2158 449 2193 Quoniam,
470 2157 497 2185 si
517 2161 620 2186 contra
647 2158 736 2185 Deum
757 2156 844 2194 fortis
871 2156 973 2194 fuisti,

128 2208 236 2242 quanto
257 2205 354 2241 mayis
376 2207 478 2232 contra.
496 2202 625 2232 homines
643 2204 842 2241 praevalebis!
863 2204 900 2232 Ad
922 2204 973 2232 hoc

128 2254 229 2285 autem,
244 2251 318 2288 quod
334 2251 500 2288 praevaleas,
520 2251 674 2288 requiritur
689 2251 829 2287 dispositio
844 2259 879 2279 ex
895 2254 973 2287 parte

128 2298 268 2334 patientis,
283 2298 348 2335 quia
369 2300 477 2334 oportet
498 2297 608 2326 luctari
628 2305 692 2326 cum
707 2297 807 2334 Angelo
828 2300 854 2326 et
869 2297 973 2325 confor-

128 2344 188 2372 tari.
211 2344 317 2373 Dicitur
332 2345 353 2378 ⁸,
375 2344 448 2381 quod
470 2344 555 2373 Jacob
578 2344 716 2372 transivit
737 2344 847 2372 vadum
868 2344 972 2377 Iaboc;

128 2391 214 2420 Ictboe
235 2392 434 2428 interpretatur
456 2394 565 2420 torrens
586 2391 724 2428 pulveris,
747 2399 796 2427 per
821 2399 903 2428 quem
926 2391 972 2419 de-

128 2438 252 2475 signatur
284 2438 452 2467 mutabilitas
479 2438 681 2474 temporalium.
711 2438 826 2475 Oportet
854 2438 972 2466 transire

129 2485 228 2513 vadum
251 2485 339 2519 istud,
362 2485 387 2513 id
409 2488 450 2514 est
470 2493 591 2514 amorem
614 2485 823 2522 temporalium;
846 2485 892 2522 qui
913 2485 972 2513 vult

128 2532 246 2560 transire
260 2532 376 2560 fluvium
398 2532 484 2569 magis
505 2532 576 2561 levat
597 2540 700 2568 pannos
719 2540 792 2560 suos.
815 2532 861 2560 Vis
883 2535 971 2560 trans-

129 2578 169 2607 ire
190 2578 289 2606 vadum
313 2578 526 2614 temporalium?
547 2578 603 2607 Non
626 2579 773 2607 contrahas
794 2578 820 2606 in
846 2578 885 2607 eis
913 2586 971 2607 sor-

128 2625 193 2658 des;
215 2625 253 2653 sic
274 2625 328 2653 eris
356 2624 483 2658 idoneus,
505 2628 536 2653 ut
558 2628 583 2653 te
604 2625 758 2653 confortent
782 2625 883 2661 Augen,
905 2625 971 2661 quia

129 2679 182 2699 non
205 2674 246 2699 est
267 2671 310 2698 via
325 2670 449 2699 vincendi
465 2679 514 2707 per
529 2674 639 2699 terrena
659 2671 801 2699 desideria.
818 2671 892 2699 Unde
907 2672 971 2708 Apo-

1036 242 1123 270 stolus
1136 242 1244 270 Petrus:
1260 241 1380 270 Obsecro
1394 251 1442 270 vos
1457 242 1601 271 abstinere
1615 251 1665 270 vos
1677 251 1696 271 a
1711 243 1882 271 carnatibus

1036 288 1195 316 desideriis.
1219 288 1270 317 lsta
1290 288 1356 317 dant
1377 289 1455 317 nobis
1469 289 1572 317 bellum
1594 289 1753 317 intestinum
1769 292 1796 318 et
1817 290 1881 318 sub-

1036 338 1165 371 mergunt
1187 335 1212 363 in
1235 335 1312 363 vado.
1332 335 1439 364 Dicitur
1460 335 1494 363 ab
1515 336 1663 373 aliquibus,
1685 336 1757 373 qnod
1779 344 1879 365 aurum

1035 381 1237 418 pulverizatum
1252 382 1386 418 optimum
1409 385 1457 410 est.
1475 382 1611 410 Debemus
1633 385 1808 411 contemnere
1823 383 1882 420 pul-

1036 436 1129 457 verem
1153 428 1356 465 temporalium,
1372 428 1393 456 si
1410 429 1537 457 volumus
1552 429 1586 457 ab
1601 429 1708 466 Angelis
1722 430 1879 458 confortari.

1114 475 1206 503 Tertio
1227 475 1397 504 descendunt
1412 476 1502 512 Angeli
1525 475 1558 504 ad
1580 476 1767 513 dirigendum
1781 485 1833 505 ποδ-
1849 477 1880 505 in

1035 521 1103 554 vm,-
1118 521 1191 550 unde
1205 521 1232 549 in
1244 522 1375 550 Malachia
1386 522 1413 549 ⁴:
1431 523 1509 556 Ecce,
1523 522 1602 551 mitto
1619 523 1760 560 Anyetum
1773 532 1879 556 metim,

1035 568 1087 606 qui
1104 569 1263 605 praecedat
1284 572 1308 596 te
1328 572 1354 597 et
1375 569 1519 597 custodiat
1544 570 1575 598 in
1595 570 1645 598 via
1666 573 1690 597 et
1711 570 1879 599 introducat

1036 615 1066 643 in
1081 615 1190 649 locum,
1205 624 1286 653 quem
1300 616 1412 652 paravi
1428 616 1490 649 tibi;
1513 617 1655 653 sequitur:
1674 617 1800 646 Observa
1814 626 1877 646 etim

1035 664 1060 689 ec
1080 662 1156 690 audi
1175 670 1269 690 vocem
1291 662 1371 696 eius;
1392 671 1450 690 non
1471 663 1602 697 dimittet,
1618 672 1683 692 cum
1705 665 1878 701 peccaveris.

1035 708 1111 736 Sicut
1131 708 1202 736 enim
1226 709 1317 745 Angeli
1340 709 1483 745 Raphaelis
1505 713 1545 738 est
1573 718 1672 739 curare
1699 719 1715 738 a
1736 711 1832 747 culpa,
1854 715 1880 740 et

1034 754 1167 782 Gabrielis
1188 758 1229 783 est
1250 755 1406 783 confortare
1438 755 1463 783 in
1487 764 1587 792 pugna,
1614 757 1651 785 ita
1681 757 1818 786 Michaelis
1839 762 1879 786 est

1034 801 1188 829 conducere
1210 801 1236 829 in
1261 801 1340 829 viam.
1357 802 1431 830 Unde
1451 802 1582 830 scribitur
1605 803 1631 831 in
1654 804 1742 832 Iudith
1759 804 1784 832 ⁵:
1810 804 1880 833 Vivit

1033 847 1094 883 ipse
1118 847 1268 880 Dominus,
1286 848 1425 885 quoniam
1441 849 1596 877 custodivit
1615 858 1660 877 me
1676 850 1803 887 Anyelus
1817 851 1880 879 eius

1033 897 1058 921 et
1079 892 1146 921 ltine
1176 897 1288 922 euntem
1320 898 1345 922 ct
1367 894 1407 922 ibi
1428 899 1653 924 commorantem
1685 900 1710 924 et
1737 897 1803 925 imle
1824 896 1880 925 ltuc

1032 943 1225 968 revertentem.
1259 940 1357 969 ludim
1388 941 1523 977 significat
1552 942 1713 977 Ecclesiam;
1744 951 1879 980 synagoga

1033 987 1123 1023 primo
1144 987 1196 1015 fuit
1216 987 1251 1015 ab
1272 988 1379 1024 Angelis
1394 988 1545 1022 custodita,
1567 989 1647 1017 modo
1662 990 1816 1018 custoditur
1833 990 1879 1019 Ec-

1032 1034 1121 1062 clesia.
1144 1034 1195 1062 Sed
1217 1034 1238 1062 si
1261 1035 1387 1071 sequeris
1408 1035 1478 1063 viam
1494 1035 1672 1069 daemonum,
1694 1036 1832 1065 dimittent
1854 1040 1879 1065 te

1032 1081 1132 1117 Angeli.
1156 1081 1230 1109 Unde
1252 1081 1362 1118 quando
1383 1082 1451 1118 Magi
1474 1082 1549 1110 ibant
1570 1083 1604 1111 ad
1626 1083 1767 1118 Herodem,
1789 1084 1879 1112 dimit—

1032 1127 1106 1155 tebat
1126 1135 1173 1156 eos
1201 1128 1294 1161 stella,
1326 1132 1353 1156 et
1374 1129 1484 1165 quando
1507 1129 1617 1157 iverunt
1645 1130 1679 1158 ad
1702 1130 1878 1164 Bethlehem,

1032 1177 1097 1203 tunc
1119 1174 1300 1211 praecedebat
1321 1183 1375 1203 eos.
1391 1175 1416 1203 Si
1440 1175 1515 1204 vadis
1530 1176 1564 1204 ad
1584 1177 1709 1213 lupanar,
1726 1177 1768 1205 vel
1783 1177 1816 1205 ad
1839 1178 1879 1206 in—

1032 1221 1185 1250 vadendum
1208 1221 1312 1250 socium
1335 1226 1428 1255 tuum,
1451 1225 1517 1250 tunc
1539 1231 1592 1251 non
1615 1223 1759 1259 praecedet
1782 1227 1807 1252 te
1828 1225 1878 1252 An-

1031 1268 1125 1304 gelus,
1147 1268 1193 1296 sed
1215 1268 1374 1303 daemones,
1393 1269 1439 1306 qui
1456 1269 1555 1298 facient
1570 1278 1695 1306 magnam
1717 1271 1879 1299 exsultatio-

1032 1322 1103 1343 nem.
1126 1332 1164 1335 -—
1185 1315 1283 1344 Beatus
1304 1315 1438 1344 Martinus
1460 1316 1556 1344 habuit
1580 1317 1815 1351 archidiaconum,
1831 1326 1877 1346 no-

1032 1361 1104 1390 mine
1126 1362 1250 1390 Brixium
1266 1362 1286 1395 Β,
1308 1362 1355 1399 qui
1377 1363 1508 1391 successit
1529 1363 1553 1391 ei
1575 1363 1601 1391 in
1624 1364 1877 1401 archiepiscopum3

1032 1408 1210 1445 reprehendit
1231 1417 1293 1437 eum
1316 1409 1414 1438 beatus
1428 1410 1577 1444 Martinus,
1600 1410 1644 1439 ille
1660 1411 1816 1448 indignatus
1831 1412 1879 1440 ivit

1031 1454 1065 1483 ad
1087 1463 1170 1483 unam
1187 1455 1292 1483 leucam
1307 1455 1341 1484 de
1362 1456 1472 1484 civitate
1487 1457 1653 1491 Turonensi‚
1676 1458 1721 1485 ubi
1745 1461 1804 1486 erat
1819 1458 1879 1487 bea-

1033 1505 1077 1530 tus
1099 1502 1232 1530 Martinus
1253 1505 1280 1530 et
1300 1502 1430 1536 faciebat,
1452 1503 1589 1531 aedificari
1615 1512 1698 1532 unam
1720 1505 1877 1535 ecclesiam:

1031 1551 1058 1576 et
1081 1548 1153 1576 venit
1174 1548 1232 1583 ille,
1248 1552 1279 1577 ut
1293 1549 1397 1577 diceret
1413 1549 1490 1578 beato
1505 1550 1621 1578 Martino
1642 1551 1836 1584 contumelias;
1852 1555 1877 1580 el

1032 1598 1242 1632 praecesserunt
1276 1604 1339 1624 eum
1372 1596 1485 1630 diaboli,
1517 1597 1564 1633 qui
1596 1597 1720 1626 fecerunt
1752 1606 1876 1635 magnam

1031 1642 1244 1670 exsultationem
1266 1645 1293 1671 et
1314 1642 1480 1671 hilaritatem
1505 1646 1568 1671 ante
1589 1644 1684 1672 cellam
1707 1644 1777 1673 beati
1808 1645 1877 1673 Mar—

1034 1688 1089 1716 tini.
1112 1688 1191 1717 Venit
1213 1688 1325 1717 Brixius
1346 1692 1373 1717 et
1393 1689 1517 1726 implevit
1538 1698 1568 1718 os
1599 1698 1681 1719 snum
1705 1691 1877 1720 contumeliis

1031 1738 1058 1763 et
1080 1735 1187 1763 iniuriis
1208 1739 1303 1764 contra
1325 1736 1435 1764 beatum
1458 1737 1615 1765 Martinum.
1631 1738 1663 1765 Et
1683 1738 1755 1766 dixit
1775 1738 1798 1766 ei
1814 1738 1876 1766 bea-

1031 1784 1076 1810 tus
1097 1782 1246 1810 Martinus:
1273 1793 1286 1807 «
1302 1783 1384 1816 Scias,
1407 1786 1433 1811 te
1454 1783 1480 1811 in
1503 1787 1643 1819 posterum
1666 1785 1767 1813 multas
1788 1785 1877 1813 tribu-

1031 1828 1145 1857 lationes
1160 1837 1308 1865 passurum
1324 1840 1357 1863 »3
1380 1832 1407 1858 et
1422 1829 1459 1858 sic
1474 1830 1541 1864 suit,
1563 1831 1635 1867 quod
1652 1831 1809 1868 impositum
1825 1832 1877 1860 fuit

1031 1876 1053 1904 ei
1073 1875 1240 1904 adulterium
1257 1876 1366 1910 iniuste,
1381 1879 1409 1905 et
1424 1885 1472 1913 per
1487 1878 1659 1914 septennium
1676 1879 1811 1915 expulsus
1826 1879 1877 1907 fuit

1030 1922 1065 1951 ab
1085 1923 1324 1959 archiepiscopatu
1346 1931 1412 1956 suo;
1435 1931 1498 1952 cum
1520 1924 1631 1958 rediret,
1654 1925 1736 1953 irruit
1758 1925 1784 1953 in
1813 1933 1875 1954 eum

1031 1969 1145 2005 spiritns
1159 1970 1378 2006 compunctionis
1392 1973 1418 1999 et
1434 1978 1563 1999 reversus
1578 1974 1619 1999 est
1632 1971 1664 1999 ad
1682 1971 1791 2000 beatum
1807 1973 1876 2000 Mar-

1031 2016 1129 2050 tinum,
1150 2019 1182 2044 ut
1203 2020 1308 2053 peteret
1319 2017 1353 2045 ab
1367 2025 1399 2046 eo
1415 2018 1530 2051 veniam,
1546 2022 1573 2046 et
1588 2022 1798 2054 praecesserunt
1813 2027 1875 2047 eum

1030 2062 1177 2091 daemones
1200 2066 1265 2091 tunc
1287 2064 1379 2092 tristes
1401 2067 1427 2092 et
1448 2072 1477 2092 se
1499 2065 1693 2101 percutientes.
1717 2065 1754 2093 lta
1773 2065 1798 2093 in
1822 2066 1875 2102 spi-

1032 2110 1087 2138 ritu
1107 2109 1255 2146 (elationis)
1278 2110 1446 2146 praecedunt
1468 2114 1493 2139 te
1514 2111 1661 2140 daemones
1682 2119 1744 2140 cum
1767 2112 1875 2149 gaudio,

1031 2159 1056 2186 et
1078 2157 1105 2185 in
1127 2157 1226 2193 spiritu
1255 2157 1473 2194 compunctionis
1489 2158 1657 2194 praecedunt
1673 2161 1697 2187 te
1714 2159 1803 2195 Angeli
1829 2159 1875 2187 Do-

1032 2204 1105 2232 mini.
1129 2204 1153 2232 Si
1177 2204 1256 2232 vadat
1277 2204 1377 2240 aliquis
1397 2204 1430 2232 ad
1452 2205 1608 2241 oppositum
1631 2205 1681 2233 sibi
1708 2206 1810 2233 bellum
1834 2207 1874 2234 vel

1030 2251 1195 2285 exercitum,
1218 2251 1344 2287 nunquid
1365 2251 1526 2280 occidetur?
1541 2251 1628 2280 Habes
1642 2252 1811 2286 Michaelem,
1827 2253 1873 2289 qui

1030 2301 1056 2326 te
1077 2297 1168 2326 ducat.
1185 2298 1313 2334 Sequeris
1335 2298 1537 2334 suggestionem
1553 2298 1663 2332 diaboli,
1685 2299 1783 2327 melius
1805 2304 1875 2328 esset

1030 2345 1070 2373 ire
1091 2345 1124 2373 ad
1146 2344 1262 2373 verbum
1278 2344 1412 2373 divinum.
1435 2345 1521 2381 Aliqui
1546 2345 1648 2373 babent
1663 2346 1774 2374 modum
1790 2347 1874 2383 Ange—

1029 2391 1129 2424 lorum,
1151 2391 1257 2419 ducunt
1279 2391 1391 2420 iuvenes
1412 2391 1445 2419 ad
1467 2391 1574 2420 Missam
1591 2395 1617 2420 et
1638 2392 1671 2420 ad
1693 2400 1835 2421 sermones
1849 2397 1875 2421 et

1028 2438 1060 2466 ad
1083 2437 1230 2466 videndum
1254 2438 1379 2466 homines
1404 2438 1532 2466 valentes.
1555 2438 1603 2466 Alii
1632 2438 1732 2467 habent
1763 2439 1873 2467 modum

1028 2484 1208 2518 daemonum,
1230 2485 1336 2513 ducunt
1357 2485 1470 2513 iuvenes
1498 2485 1531 2513 ad
1561 2486 1617 2514 loca
1644 2486 1722 2514 mala.
1749 2486 1805 2514 Non
1835 2486 1873 2514 in-

1029 2534 1179 2559 struuntur
1200 2531 1366 2568 quandoque
1387 2532 1500 2560 iuvenes
1523 2540 1571 2568 per
1592 2532 1748 2567 daemones,
1770 2533 1796 2560 in
1820 2541 1875 2570 quo

1029 2578 1207 2606 instruuntur
1229 2586 1278 2614 per
1300 2579 1425 2607 homines
1453 2581 1480 2607 et
1501 2586 1549 2615 per
1579 2579 1678 2607 malam
1706 2580 1872 2608 societatem.

1029 2625 1099 2653 Bene
1122 2625 1212 2659 vobis,
1236 2625 1256 2653 si
1278 2625 1423 2662 sequimini
1446 2626 1547 2659 bonos;
1570 2625 1615 2654 sed
1638 2625 1671 2654 de
1692 2626 1745 2654 illis
1766 2626 1813 2663 qui
1833 2634 1873 2654 se-

1028 2674 1154 2708 quuntur
1176 2672 1275 2705 malos,
1297 2672 1362 2700 dicit
1391 2672 1513 2700 Psalmus
1529 2672 1554 2700 ⁷:
1580 2672 1646 2700 Fiat
1674 2673 1724 2700 via
1756 2673 1871 2700 illorum

192 2798 199 2811 ¹
220 2799 278 2821 Tob.
295 2800 320 2826 6,
340 2799 361 2820 S.
379 2805 427 2827 seq.

193 2837 201 2849 ²
219 2837 273 2864 Cap.
292 2838 328 2863 22,
348 2837 389 2864 433
406 2840 532 2865 sequuntur
549 2838 604 2859 Gen.
623 2839 664 2866 32,
686 2839 703 2861 l.
724 2845 771 2868 seq.
789 2844 811 2862 et
828 2840 880 2862 dein
899 2847 919 2862 V.
933 2840 971 2862 24.

130 2880 151 2898 et
169 2877 205 2898 28.
220 2888 247 2891 —
261 2876 292 2897 De
304 2876 414 2898 sententia
427 2876 518 2898 Hieron.
530 2876 584 2898 vide
596 2877 699 2899 eiusdem
712 2877 749 2899 lib.
762 2878 865 2901 Hebraie.
879 2880 970 2907 Quaest-

130 2915 152 2936 iu
170 2915 226 2936 Gen.
244 2914 281 2940 32,
299 2914 335 2935 28.

193 2951 201 2964 ³
219 2953 275 2974 Gen.
296 2953 332 2979 32,
350 2953 391 2979 2⁵2,
409 2952 511 2981 sequitur
530 2953 543 2974 l.
561 2954 619 2976 petr.
636 2955 657 2981 ⁴2,
679 2955 711 2976 11.

224 2999 248 3022 S.
269 2999 357 3022 Bonae.
374 3012 404 3015 —-
422 2999 490 3021 Tom.
506 3000 545 3022 lX.

1091 2801 1099 2812 ⁴
1117 2801 1172 2829 Cap.
1192 2802 1213 2827 3,
1234 2802 1252 2822 1.
1269 2804 1290 2823 et
1308 2802 1377 2823 Exod.
1395 2802 1432 2827 23,
1450 2802 1486 2823 ΞΟ,
1504 2807 1552 2829 seq.

1091 2839 1099 2850 ⁵
1117 2839 1171 2867 Cup.
1194 2840 1227 2866 137
1245 2840 1287 2866 20;
1305 2840 1389 2862 deinde
1407 2840 1527 2867 respicitur
1545 2840 1621 2861 natm.
1642 2840 1663 2866 Ξ,
1683 2840 1704 2860 2.
1723 2840 1743 2861 9.
1762 2845 1810 2867 seq.

1089 2877 1099 2889 ὅ
1116 2877 1161 2900 Csr.
1179 2878 1267 2904 Surius,
1286 2878 1368 2900 Hister.
1389 2878 1463 2900 Sancl.
1481 2878 1518 2900 die
1540 2878 1564 2899 13
1583 2878 1638 2899 Nm:
1658 2878 1679 2899 in
1698 2878 1742 2899 vito
1762 2878 1783 2900 S.
1797 2878 1871 2900 Brictii

1028 2917 1098 2944 episc.
1118 2917 1202 2938 Turou.

1091 2955 1098 2967 ⁷
1117 2956 1197 2977 Psalm.
1216 2955 1252 2983 34,
1270 2956 1296 2982 63
1314 2958 1442 2983 vsequuntur
1460 2956 1509 2977 Mal.
1530 2957 1550 2982 2,
1567 2955 1590 2977 7.
1608 2959 1629 2977 et
1646 2956 1668 2977 ll.
1687 2955 1739 2978 Cor.
1761 2956 1794 2983 li,
1812 2956 1848 2977 rlsi.

1748 3002 1777 3024 78

1904 483 1931 502 De
1944 488 2009 502 eorum

1894 506 2016 526 descensione

1925 531 1987 549 tertia.

1895 1325 2010 1349 Exemplum.
