2243 3348
1 947 3 959 t

12 1007 124 1028 Subdivisio.

7 1405 71 1425 steneli
87 1405 126 1429 pri-

8 1434 55 1457 »n'xae-
67 1430 126 1448 tenta-

9 1455 56 1472 tuom
59 1466 63 1471 .

0 1885 3 1912 ’π
11 1897 125 1918 Notandum.

2 2521 5 2528 ,
14 2508 71 2527 Arma
83 2508 126 2527 duo.

9 1382 63 1401 tocius
79 1381 127 1401 resi-

621 174 779 203 DOMlNlCA
802 175 899 203 PRIMA
920 175 952 203 ΙΝ
973 175 1234 211 QUADRAGESIMA.
1257 178 1366 206 SERMO
1388 179 1416 206 ll.

144 254 171 282 in
194 261 259 290 pace
280 257 307 282 et
328 253 498 282 iucunditate
519 260 582 281 cum
605 253 713 289 Angelis
729 252 774 281 Dei
794 252 915 289 gaudere
930 260 990 289 per-

142 301 241 335 mittit;
263 300 337 329 unde
360 301 385 328 in
408 300 543 328 Canonica
564 299 689 328 lacobi1:
712 299 843 328 Resistitc
864 299 989 333 diabolo,

143 351 168 376 et
187 346 281 385 fugiet
301 356 320 376 a
341 347 428 376 vobis.
461 347 492 375 Et
520 346 669 382 Gregorius
690 345 770 374 dicit:
795 356 808 371 «
823 345 925 374 Debilis
949 349 990 374 est

143 390 243 429 hostis,
272 395 394 431 quinon
426 393 510 422 vincit
538 393 588 422 nisi
612 393 747 421 volentem
765 405 791 420 n.
820 392 893 421 Viles
925 395 990 421 sunt

143 441 191 478 qui
213 441 303 470 statim
336 440 531 469 succumbunt.
554 439 641 476 Aliqui
672 447 753 468 canes
774 442 854 473 sunt,
877 439 924 476 qui
946 439 990 467 fu-

143 488 232 525 giunl,
253 487 363 525 quando
392 486 530 516 resistitur
552 486 607 520 eis,
629 486 675 515 sed
705 486 815 523 quando
844 486 926 514 homo
947 486 990 514 su-

143 535 197 572 git,
219 538 285 563 tunc
307 535 493 571 insequuntur
515 541 595 567 eum;
618 533 656 562 sic
689 534 738 562 iste
760 533 909 562 vilissimus
935 533 990 570 spi-

143 582 214 610 ritus
245 581 359 609 modum
388 581 471 609 habet
497 580 558 609 vilis
579 580 670 614 canis,
692 580 758 617 quia
788 580 879 608 statim
903 579 989 617 fugit,

143 628 253 665 quando
275 628 414 656 resistitur
436 627 469 656 ei.

222 675 273 704 Sed
294 674 431 711 quomodo
445 674 578 703 debemus
593 674 722 703 resistere
736 674 863 702 diabolo?
878 674 991 711 Inspice

144 726 169 751 et
188 721 238 759 fac
259 721 420 750 secundum
441 721 600 758 exemplar,
622 721 700 759 quod
720 720 773 749 tihi
792 723 988 749 monstratum

143 773 184 798 est
204 769 235 797 in
257 772 349 797 monte
360 769 379 796 2.
404 768 560 805 Confictite,
582 768 672 805 inquit
693 768 836 801 Christus,
858 776 908 804 eqo
933 767 992 796 vici

143 816 296 844 munaum.
319 815 344 844 Si
367 818 477 852 oportet
497 815 604 848 dicere,
627 815 765 851 quomodo
780 815 919 843 resistitur
933 814 990 843 dia-

143 862 222 896 bolo,
244 864 353 898 oportet
380 861 470 898 primo
498 861 603 890 discere
634 869 741 898 pugnas
762 861 871 889 diaboli.
893 861 991 889 Nullus

143 910 199 942 est,
221 908 288 944 quin
311 907 411 936 habeat
432 915 557 944 pugnare
585 915 648 935 cum
677 907 800 941 diabolo;
823 907 870 935 sed
892 907 912 935 si
935 915 990 935 non

142 955 225 984 habet
246 954 410 983 industriam
432 954 588 991 pugnandi,
610 954 636 981 in
665 962 764 991 magno
794 954 918 990 periculo
940 957 989 982 est.

143 1001 257 1038 Triplex
278 1003 370 1029 autem
393 1004 434 1029 est
456 1001 554 1029 modus
574 1001 713 1037 pugnandi
735 1008 799 1029 cum
821 1001 929 1029 diabolo
951 1009 991 1029 se-

144 1048 264 1077 cundum
287 1048 439 1076 triformem
462 1048 522 1076 eius
554 1048 744 1076 tentationem:
767 1048 900 1076 debemus
922 1048 990 1076 resi-

143 1098 216 1124 stere
237 1095 344 1123 diabolo
366 1095 455 1131 primo
477 1095 503 1123 in
525 1094 652 1123 viriliter
683 1094 848 1123 abdicando
880 1094 991 1124 delicias

143 1141 328 1178 corporalium
350 1149 498 1175 sensuum;
521 1141 657 1175 secundo,
673 1142 700 1170 in
722 1142 869 1178 sacacium·
885 1142 988 1170 culver-

144 1188 225 1217 teudo
247 1188 384 1217 versutias
414 1188 620 1225 spiritualium
650 1189 851 1226 nequitiarum
860 1199 869 1221 ;
892 1189 989 1223 tertio,

143 1235 170 1263 in
189 1235 420 1272 magnanimiter
434 1235 621 1272 aspernando
636 1235 792 1264 affluentias
807 1235 988 1263 mundialium

143 1281 314 1310 facultatum.

222 1329 342 1357 Primum
365 1329 477 1357 modum
494 1329 637 1358 resistendi
652 1329 760 1357 diabolo
782 1329 915 1365 exprimit
930 1329 988 1357 dux

142 1375 283 1405 exercitus
304 1375 445 1404 christiani
466 1378 527 1413 post
542 1375 698 1409 Christum,
711 1376 808 1404 beatus
823 1376 935 1410 Petrus,
950 1376 990 1404 di-

142 1423 244 1452 censss:
271 1422 370 1451 Sobrii
389 1426 471 1451 estote
492 1427 517 1451 ct
540 1423 671 1460 niyitate,
697 1423 769 1461 quia
794 1423 989 1451 adversarius

142 1472 232 1498 vester
253 1469 387 1498 diabotus
410 1473 552 1507 tanqua-m
574 1470 614 1497 leo
630 1470 751 1507 rugiens
766 1470 886 1503 circuit,
902 1478 990 1507 quete—

142 1525 210 1544 rens
224 1525 307 1554 quem
328 1517 459 1549 devorem
481 1517 531 1545 cui
551 1517 673 1545 resistite
693 1515 784 1553 fortes
806 1517 837 1545 iu
861 1516 925 1553 fide.
952 1534 990 1537 —

144 1563 242 1592 Sobrii
250 1567 343 1597 estote,
356 1572 405 1600 per
421 1564 621 1592 restrictionem
638 1564 823 1601 corporalium
840 1572 989 1598 sensuum;

142 1613 167 1638 et
186 1610 314 1648 viyitate,
330 1618 379 1647 per
400 1610 625 1639 exercitationem
641 1611 827 1647 spiritualium
843 1611 988 1639 virtutum.

142 1657 206 1686 Vel:
229 1657 327 1686 Sobrii
346 1660 445 1691 estote,
468 1665 517 1694 per
546 1657 637 1686 carnis
666 1658 942 1692 mortificationem43
965 1661 991 1686 et

142 1704 269 1742 vigyilate,
291 1712 340 1741 per
362 1704 493 1733 orationis
522 1705 713 1738 devotionem,
735 1705 800 1741 quia
821 1705 873 1734 ltoc
896 1713 990 1742 gyenus

143 1751 366 1780 daemoniorum
387 1760 445 1779 uon
470 1751 587 1780 eiicitur
614 1751 675 1780 uisi
700 1761 754 1789 per
776 1752 937 1781 orationem
965 1756 990 1780 et

142 1798 295 1827 ieiunium.
319 1798 447 1827 lnimicus
468 1798 583 1827 humani
616 1799 725 1836 generis
746 1802 795 1827 aut
819 1799 918 1828 nititur
940 1799 990 1827 ho-

143 1845 244 1873 minem
266 1845 358 1874 levare
380 1845 407 1873 in
430 1845 604 1882 superbiam,
626 1849 674 1874 aut
695 1846 843 1875 incurvare
870 1846 904 1875 ad
925 1854 990 1874 con-

143 1892 340 1929 cupiscentiam
361 1895 546 1921 terrenorum.
570 1893 692 1922 Primum
718 1902 805 1930 genus
833 1893 990 1922 daemonio-

143 1947 206 1968 rum
235 1939 356 1968 vincitur
384 1947 433 1976 per
464 1940 633 1974 orationem,
662 1940 814 1969 secundum
844 1949 910 1970 vero
940 1948 990 1977 per

142 1986 287 2015 ieiunium.
311 1987 439 2021 Circuit,
461 1996 605 2025 quaerens
626 1996 710 2026 quem.
734 1988 865 2021 devorem
884 1988 991 2016 circuit

143 2033 232 2067 enim,
255 2037 285 2062 ut
306 2034 391 2062 intret
411 2042 461 2070 per
483 2037 576 2071 portas
597 2042 744 2069 sensuum3
766 2035 839 2064 unde
854 2035 919 2064 dicit
937 2036 990 2063 Au-

142 2080 270 2117 gustinus
282 2081 305 2109 ⁵:
327 2092 340 2106 «
351 2081 401 2117 Qui
418 2081 567 2117 (diabolus)
583 2081 718 2110 immiscet
732 2090 761 2111 se
775 2082 931 2119 saporibus,
946 2090 991 2111 ac-

144 2127 298 2156 commodat
318 2135 347 2156 se
368 2128 441 2157 sonis
458 2139 482 2156 ».
506 2128 559 2157 Hoc
580 2128 661 2157 modo
675 2129 780 2165 primos
794 2133 923 2166 parentes
944 2129 991 2158 de-

143 2175 223 2211 cepit.
238 2174 351 2203 lmmisit
366 2175 524 2204 susurrium
540 2183 589 2212 per
604 2184 695 2210 aures,
710 2176 824 2205 dicendo
836 2177 863 2204 ⁶:
879 2176 991 2214 Nequa-

143 2230 231 2259 quam
260 2222 444 2254 morienzini,·
468 2226 495 2251 et
516 2226 583 2251 tunc
612 2223 725 2251 intravit
752 2227 860 2260 portam
890 2232 989 2258 unam;

143 2270 237 2304 postea
251 2268 370 2297 ostendit
384 2269 408 2297 ei
423 2269 562 2303 fructum,
584 2273 611 2298 et
633 2270 735 2307 tetigit,
758 2273 785 2299 et
806 2270 901 2304 credo,
917 2271 990 2307 quod

143 2315 282 2349 odoravit3
299 2324 361 2344 nam
377 2316 501 2345 homines
516 2316 604 2345 solent
622 2317 731 2346 fructus
752 2325 837 2346 novos
858 2318 989 2352 odorare,

144 2365 170 2391 et
192 2365 258 2391 tunc
280 2363 380 2399 incepit
400 2363 519 2399 amplius
541 2363 660 2398 intrare3
683 2367 710 2392 et
735 2367 829 2401 postea
854 2365 990 2401 gustavit,

144 2412 171 2438 et
192 2412 258 2437 tuuc
280 2409 399 2446 perfecte
420 2410 541 2439 intravit.
565 2411 614 2439 Per
630 2411 695 2439 istas
709 2414 803 2448 portas
821 2412 919 2440 nititur
934 2412 991 2440 dia-
1019 2426 1020 2430 =

144 2455 224 2484 holus
245 2464 333 2492 genus
354 2456 507 2485 humanum
530 2457 677 2493 captivare.
695 2473 731 2478 —
747 2458 832 2486 Dicit:
850 2458 906 2486 Cui
920 2459 991 2486 resi—

144 2502 208 2531 stite
221 2501 311 2539 fortes
332 2503 363 2531 in
377 2503 441 2539 siste.
458 2504 517 2532 Duo
537 2507 601 2532 sunt
616 2512 693 2533 arma
707 2505 856 2533 fortissima
871 2505 904 2533 ad
924 2505 991 2534 resi-

145 2549 272 2578 stendum
293 2550 401 2578 diabolo
422 2553 449 2578 et
470 2551 699 2587 concupiscentiis
714 2551 786 2585 eius,
803 2551 906 2580 scilicet
927 2560 990 2580 con-

208 2738 215 2750 ¹
234 2739 288 2766 Cap.
308 2739 333 2767 4,
355 2740 377 2761 7.
402 2753 431 2755 —
455 2741 559 2769 Sequens
585 2741 648 2763 loeus
674 2742 777 2770 Gregorii
803 2746 837 2765 est
862 2743 890 2764 Υ.
915 2743 991 2766 Moral.

145 2784 163 2799 c.
183 2778 219 2799 22.
237 2784 259 2799 n.
277 2778 319 2800 43:
336 2778 450 2807 Antiquus
467 2779 551 2807 hostis,
569 2780 626 2802 sieut
643 2783 720 2803 contra
739 2782 906 2804 consentientes
928 2782 991 2805 sortis

145 2819 189 2844 est,
206 2817 235 2838 ita
253 2819 331 2839 eontra
348 2818 479 2840 resistentes
497 2818 585 2841 debilis.
604 2818 649 2841 Csr.
673 2820 742 2842 etiam
761 2821 855 2848 Bonav.,
873 2824 928 2843 tom.
956 2822 989 2843 lll.

144 2861 199 2883 pag.
216 2855 269 2882 656,
286 2858 339 2877 nota
358 2855 378 2877 4.

208 2893 216 2906 ²
234 2895 302 2917 Exod.
321 2894 363 2922 25,
382 2895 423 2922 403
440 2896 544 2924 sequitur
562 2897 622 2919 ioan.
644 2897 682 2924 16,
701 2898 738 2920 33.
755 2901 777 2921 et
799 2899 851 2921 dein
869 2900 990 2928 respicitur

146 2934 202 2961 Epli.
219 2934 247 2960 6,
266 2934 302 2955 12.

208 2971 217 2984 ³
235 2972 304 3000 Epist.
321 2973 335 2994 1.
354 2973 411 2994 Pelr.
429 2973 455 3000 ὃ,
474 2974 494 2995 S.
512 2980 560 3002 seq,

240 3019 264 3043 S.
284 3019 374 3043 Bonan.
392 3033 422 3035 —
440 3020 507 3042 Toni.
524 3021 563 3043 lX.

1833 188 1888 215 209

1047 252 1176 282 sideratio
1205 254 1360 283 amissionis
1387 256 1489 292 gloriae
1511 258 1636 287 caelestis
1657 263 1683 287 et
1711 261 1891 291 consideratio

1047 299 1229 329 damnationis
1256 304 1283 329 et
1314 302 1384 338 ignis
1415 303 1583 339 gehennalis.
1612 305 1695 333 Audi:
1724 306 1817 341 cibus,
1843 309 1891 344 qui

1047 349 1154 374 tantum
1178 351 1298 382 constat,
1314 349 1387 385 quod
1404 357 1453 385 pro
1468 358 1500 378 eo
1515 350 1598 379 homo
1613 352 1770 387 paradisum
1785 355 1892 383 amittat

1047 396 1074 420 et
1096 400 1196 428 poenas
1218 394 1315 422 inferni
1337 395 1477 429 incurrat,
1499 405 1553 425 non
1575 401 1615 426 est
1638 398 1726 427 bonus
1748 400 1781 427 ad
1803 408 1891 429 come-

1047 438 1176 467 dendum.
1192 440 1284 476 Quare
1298 442 1413 477 gustasti
1436 450 1515 477 eum,
1532 447 1562 472 tu
1577 444 1675 479 Adam,
1697 453 1746 481 per
1762 454 1843 483 quem
1860 450 1890 475 tu

1047 489 1074 514 et
1096 489 1151 514 tota
1166 487 1312 523 posteritas
1333 491 1382 516 tua
1403 490 1561 525 paradisum
1582 491 1695 520 amisisti
1711 495 1738 520 et
1752 493 1890 522 afflictioni

1047 534 1074 560 et
1099 532 1265 561 damnationi
1289 537 1439 570 perpetuae
1460 535 1601 564 subiectus
1632 545 1721 572 esses,
1745 539 1793 567 nisi
1820 542 1891 568 esset

1047 578 1236 607 misericordia
1256 580 1325 608 Dei?
1340 580 1410 609 Dicit
1425 582 1524 618 igitur:
1541 584 1663 612 resistite
1677 584 1767 621 fortes
1783 587 1812 614 iu
1826 586 1889 622 side.

1126 626 1212 654 Huius
1227 627 1386 663 exemplum
1409 628 1499 657 nobile
1520 630 1655 659 habemus
1673 632 1699 659 in
1723 633 1811 668 prima
1834 636 1891 661 ten-

1047 672 1149 701 tatione
1164 672 1279 707 Christi,
1294 673 1321 701 in
1341 674 1451 703 ieiunio.
1468 676 1574 705 Dicitur
1593 677 1619 705 in
1635 678 1801 707 Malthaeo⁷z
1820 680 1892 709 Cum

1047 719 1204 748 iciunassct
1236 720 1310 748 Iesus
1341 722 1544 759 quadrayiuta
1575 723 1675 752 (liebus
1706 729 1729 753 ct
1761 728 1892 764 quadra-

1045 765 1130 803 ginta
1151 766 1300 800 noctibus,
1321 772 1420 804 postea
1445 769 1556 797 esuriit.
1584 771 1618 798 Et
1639 772 1774 800 accedeus
1804 778 1893 802 teuta-

1048 817 1093 841 τον
1114 813 1189 841 ttz'acit
1210 813 1252 842 ei:
1268 813 1301 842 St
1325 814 1420 842 Filius
1444 815 1495 843 Det
1508 825 1553 849 es,
1575 816 1638 850 dic,
1660 822 1692 846 ut
1714 818 1823 855 lapides
1845 820 1895 848 isti

1044 868 1137 896 panes
1156 860 1239 896 fiant.
1270 860 1300 888 Et
1321 861 1393 889 dixit
1415 862 1504 890 lesus:
1527 862 1677 900 Scriptum
1697 868 1753 893 est:
1778 865 1841 894 Nou
1862 867 1893 895 in

1047 906 1106 935 solo
1125 915 1203 943 pauc
1233 907 1304 935 m’vtt
1335 906 1436 942 homo,
1458 909 1507 937 scd
1539 909 1569 937 in
1595 911 1675 939 omni
1694 911 1794 945 verbo,
1817 913 1894 950 quos(

1044 953 1176 990 procedit
1196 954 1231 982 tte
1252 962 1301 982 ore
1325 954 1382 982 Dei.
1407 955 1532 990 Intende,
1555 956 1618 993 quis
1642 957 1695 985 fuit
1717 958 1816 987 modus
1837 959 1894 995 pri—

1048 1008 1109 1029 mae
1130 1001 1311 1034 tentationis,
1333 1004 1360 1029 et
1388 1001 1499 1031 intende
1521 1003 1547 1031 in
1576 1003 1661 1032 verbo
1690 1004 1807 1039 Christi,
1829 1007 1892 1043 quis

1047 1046 1099 1074 suit
1121 1047 1218 1075 modus
1251 1048 1411 1076 resistendi.
1436 1048 1564 1078 inimicus
1592 1050 1706 1078 humaui
1729 1052 1837 1088 generis
1858 1060 1894 1080 ex

1048 1093 1093 1121 illa
1114 1097 1193 1130 purte
1221 1094 1302 1123 offert
1330 1102 1374 1129 se,
1396 1103 1432 1123 ex
1464 1104 1520 1132 qua
1546 1096 1619 1125 videt
1647 1097 1785 1126 hominem
1808 1099 1894 1135 magis

1047 1141 1242 1177 superabilem.
1265 1142 1379 1178 Quando
1401 1143 1492 1171 anima
1507 1144 1596 1180 primo
1611 1145 1757 1174 coniuncta
1778 1149 1819 1174 est
1834 1154 1894 1174 cor-

1048 1187 1124 1224 pori,
1146 1188 1182 1216 ita
1204 1188 1308 1217 intenta
1336 1192 1377 1217 est
1405 1189 1532 1218 sensibus
1554 1191 1694 1227 corporis,
1721 1192 1794 1228 quod
1816 1193 1893 1229 quasi

1048 1237 1103 1263 tota
1125 1235 1240 1264 intentio
1262 1244 1312 1264 sua
1334 1239 1462 1265 versatur
1484 1237 1558 1266 circa
1580 1238 1646 1271 hoc;
1669 1241 1696 1267 et
1718 1238 1778 1267 ideo
1793 1248 1895 1276 paucas

1047 1285 1160 1310 exercet
1175 1282 1349 1318 operationes
1364 1283 1576 1318 intellectuales;
1593 1287 1620 1313 et
1634 1285 1694 1314 ideo
1710 1286 1826 1315 infantes
1841 1287 1894 1315 cito

1048 1329 1196 1365 capiuntur
1218 1329 1291 1357 circa
1313 1330 1418 1366 species
1443 1330 1626 1360 delectabiles.
1649 1332 1725 1361 Unde
1746 1333 1893 1361 scribitur:

1054 1376 1182 1404 videntes
1212 1375 1269 1412 filii
1305 1376 1357 1405 Dei
1389 1377 1469 1413 filias
1500 1376 1668 1412 leontinum,
1698 1380 1775 1417 quoti
1803 1383 1894 1408 essent

1044 1422 1177 1459 pulcrae,
1200 1428 1374 1460 acceperunt
1394 1423 1453 1452 stbt
1474 1433 1594 1458 uxores,
1609 1426 1726 1462 quilibet
1748 1435 1823 1464 quas
1844 1426 1894 1455 ele-

1045 1473 1138 1506 gyerat.
1164 1470 1193 1498 Et
1213 1470 1279 1498 dicit
1307 1471 1476 1507 Augustinus
1488 1471 1508 1505 ⁸,
1535 1472 1634 1508 «quod
1656 1473 1682 1500 in
1709 1473 1845 1510 principio
1867 1474 1894 1502 in

1048 1525 1134 1553 puero
1156 1517 1255 1546 iuvene
1276 1517 1368 1546 anima
1389 1518 1426 1546 ita
1447 1519 1551 1547 intenta
1582 1523 1623 1548 est
1644 1519 1717 1548 circa
1739 1521 1893 1555 sensibilia,

1047 1564 1136 1601 quod,
1158 1565 1179 1593 si
1202 1568 1353 1601 poneretur
1376 1566 1489 1594 lucerna
1504 1574 1519 1594 a
1535 1567 1620 1595 latere
1635 1567 1713 1603 pueri
1731 1575 1765 1596 ex
1781 1568 1894 1605 obliquo

1047 1611 1127 1639 iuxta
1148 1619 1282 1648 puerum,
1308 1620 1377 1648 puer
1399 1613 1557 1642 efficeretur
1585 1614 1694 1648 strabo,
1717 1615 1783 1651 quia
1803 1615 1894 1643 anima

1047 1658 1271 1687 transversaliter
1295 1659 1418 1687 tenderet
1447 1659 1472 1687 in
1503 1660 1608 1695 lucem,
1629 1664 1657 1689 et
1682 1669 1717 1690 ex
1746 1662 1798 1690 hoc
1821 1662 1894 1690 oculi

1046 1705 1203 1742 acciperent
1224 1705 1410 1734 inordinatum
1433 1706 1516 1735 situm
1533 1707 1559 1735 in
1575 1708 1663 1744 capite
1678 1719 1704 1736 n.
1721 1708 1781 1737 Ideo
1797 1716 1895 1737 cavere

1046 1751 1146 1780 debent
1168 1752 1218 1781 sibi
1241 1752 1370 1787 iuvenes,
1393 1761 1428 1781 ne
1449 1753 1603 1783 inordinate
1624 1755 1778 1791 capiantur.
1805 1755 1895 1783 Prima

1048 1799 1161 1828 tentatio
1187 1799 1287 1828 diaboli
1319 1800 1371 1829 fnit
1402 1808 1451 1837 per
1483 1802 1764 1838 repraesentationem
1796 1802 1894 1831 obiecti

1047 1847 1199 1883 corporalis
1220 1847 1388 1877 delectabilis
1403 1848 1555 1876 secundum
1571 1856 1697 1882 carnem,
1713 1848 1823 1885 quando
1838 1848 1895 1877 dia-

1047 1893 1127 1922 bolus
1148 1894 1234 1923 dixit:
1258 1895 1291 1923 Si
1311 1895 1407 1923 Filius
1439 1895 1489 1923 Dei
1509 1903 1554 1928 cs,
1576 1895 1636 1929 (lic,
1658 1899 1691 1924 ut
1713 1896 1825 1932 lapides
1846 1896 1896 1924 isti

1044 1949 1138 1978 panes
1168 1941 1251 1978 fiant.
1284 1942 1376 1978 Quare
1405 1951 1459 1970 non
1490 1942 1590 1971 obtulit
1612 1943 1781 1971 mulierem?
1806 1943 1894 1977 Certe,

1048 1988 1158 2025 qnando
1180 1989 1262 2023 vidit,
1284 1989 1359 2026 quod
1380 1989 1508 2018 Christus
1532 1989 1649 2018 habebat
1669 1989 1785 2023 famem,
1808 1993 1834 2018 et
1850 1998 1895 2018 ve-

1048 2036 1186 2064 hementia
1207 2036 1346 2073 appetitus
1371 2039 1454 2073 auget
1485 2037 1692 2065 delectationem
1726 2040 1753 2065 et
1784 2037 1896 2065 inclinat

1048 2083 1166 2111 animam
1188 2083 1221 2111 ad
1242 2083 1311 2111 illud
1332 2083 1405 2120 quod
1427 2084 1582 2120 appetitur3
1606 2083 1678 2118 ideo,
1701 2084 1766 2121 quia
1788 2084 1896 2112 videbat

1048 2130 1188 2163 diabolus,
1204 2130 1277 2167 quod
1294 2130 1442 2167 ludigentia
1456 2133 1573 2158 naturae
1587 2130 1730 2159 ferebatur
1745 2130 1777 2158 ad
1793 2130 1895 2164 cibum,

1048 2179 1075 2205 et
1096 2176 1169 2213 quod
1192 2180 1292 2205 natura
1314 2177 1446 2214 requirit,
1462 2180 1493 2205 ut
1508 2177 1590 2205 homo
1612 2177 1751 2211 comedat,
1773 2180 1800 2206 et
1821 2177 1895 2213 quod

1048 2224 1203 2252 inordinata
1224 2226 1296 2252 esset
1317 2224 1461 2252 delectatio
1483 2224 1509 2252 in
1539 2224 1600 2253 cibo
1627 2232 1690 2252 cum
1715 2224 1801 2257 fame;
1824 2224 1895 2252 dixit

1048 2271 1174 2300 diabolus
1195 2271 1229 2300 ad
1258 2271 1415 2300 Christum:
1441 2272 1510 2305 Dic,
1532 2275 1564 2299 ut
1590 2271 1700 2308 lapides
1729 2272 1778 2300 isti
1803 2280 1895 2308 purnes

1047 2317 1129 2354 fiant.
1144 2334 1180 2337 —
1195 2318 1300 2346 Cautus
1311 2321 1371 2346 erat
1389 2318 1527 2351 diabolus,
1544 2318 1590 2346 sed
1606 2318 1757 2346 cautiorem
1774 2318 1893 2351 invenit,

1048 2365 1151 2393 scilicet
1172 2365 1329 2399 Christum,
1346 2365 1392 2402 qui
1409 2365 1480 2393 dixit
1502 2366 1541 2394 ei:
1558 2365 1622 2393 Nou
1637 2365 1668 2393 iu
1682 2365 1741 2393 solo
1761 2374 1838 2401 pauc
1854 2365 1894 2392 ei-

1050 2412 1087 2440 vit
1109 2411 1192 2440 ltonzo
1214 2415 1264 2440 etc.
1288 2412 1319 2440 Et
1340 2413 1411 2441 sicut
1434 2412 1531 2440 modus
1553 2412 1603 2441 iste.
1630 2412 1749 2440 tentandi
1772 2412 1824 2440 fuit
1845 2420 1894 2448 per

1049 2459 1329 2495 repraesentationem
1356 2460 1454 2488 obiecti
1484 2459 1635 2496 corporalis
1663 2459 1832 2487 delectabilis
1853 2467 1895 2487 se-

1048 2506 1170 2534 cundum
1193 2514 1321 2540 carneum
1343 2506 1381 2535 ita
1412 2506 1511 2535 modus
1543 2506 1696 2535 resistendi
1720 2506 1785 2534 huic
1808 2509 1893 2534 tenta-

1049 2553 1113 2581 tioni
1137 2557 1178 2582 est
1200 2562 1248 2590 per
1280 2554 1539 2582 rememorationem
1571 2553 1669 2582 obiecti
1701 2553 1894 2582 intellectualis

1111 2743 1120 2755 ⁴
1140 2742 1214 2765 Verba
1236 2744 1257 2766 et
1276 2743 1380 2772 vigilate,
1407 2749 1449 2772 per
1467 2742 1657 2765 ert’rcttattonem
1684 2745 1738 2769 ele,
1765 2743 1846 2764 ‹lesunl
1873 2742 1893 2763 in

1047 2782 1100 2804 cod.
1117 2782 1246 2804 exoniensi.
1264 2793 1294 2797 —-
1312 2782 1420 2809 Sequitur
1438 2782 1514 2803 Matth.
1536 2781 1569 2807 17,
1587 2781 1622 2802 20.

1111 2821 1119 2833 ⁵
1137 2820 1185 2844 Lib.
1203 2821 1233 2842 dc
1250 2820 1338 2842 Dircrs.
1357 2819 1547 2848 Quaestionibus,
1565 2826 1604 2848 qu.
1627 2820 1664 2841 1²2:
1688 2820 1730 2841 Dat
1754 2825 1777 2841 se
1801 2819 1892 2846 liguris,

1048 2860 1210 2883 accommodat
1227 2859 1355 2886 coloribus,
1373 2860 1480 2882 adhaeret
1498 2859 1583 2881 sonis...
1603 2859 1700 2881 iufundit
1717 2858 1846 2886 saporibus.

1111 2898 1120 2911 ὓ
1137 2899 1192 2921 Gen.
1210 2899 1236 2926 3,
1255 2898 1275 2920 4.
1294 2904 1358 2926 seqq.

1112 2937 1119 2950 7
1137 2938 1193 2965 Cap.
1218 2938 1240 2964 t,
1258 2937 1309 2964 -2-4;
1328 2938 1431 2966 sequitur
1448 2938 1504 2959 (jeu.
1522 2938 1547 2964 o,
1565 2938 1586 2959 2.
1604 2943 1669 2965 seqq.

1111 2976 1119 2988 ἓ
1138 2976 1197 2999 Libr.
1216 2977 1274 2999 le.
1293 2976 1321 2998 (le
1340 2977 1403 2998 Triu.
1423 2983 1442 2998 c.
1460 2977 1482 2998 5.
1500 2983 1519 2998 u.
1539 2976 1559 2998 7.
1577 2976 1705 2998 seeundum
1723 2982 1823 2998 sensum.

1770 3023 1797 3044 27

1914 640 2022 663 Exemplum

1931 663 2008 682 Christi.

1912 1152 1977 1171 Modus
1990 1155 2030 1172 ten·

1936 1176 1994 1195 tandi.

1917 2417 1982 2436 Modus
1995 2422 2023 2436 re-

1927 2441 2011 2459 sistendi.

1913 2512 2026 2530 Notandum.
