2243 3348
23 728 103 768 «pelusio.

722 182 765 210 DE
787 182 919 211 SANCTIS
938 182 1082 212 ANGELIS.
1104 183 1214 212 SERMO
1237 184 1266 212 V.
1815 186 1867 214 631

124 269 211 291 unum
232 260 358 289 ditiorem
380 263 407 289 et
428 260 630 296 opulentiorem
644 260 677 289 de
699 260 815 295 mundo,
831 260 967 289 Iulianum

123 310 283 345 apostatam,
305 307 455 341 Neronem,
477 306 657 335 Octavianum
674 308 694 341 ¹,
716 307 759 336 vel
780 307 966 341 Fridericum;

123 358 150 384 et
170 354 232 383 date
252 353 319 382 mihi
345 361 496 390 pauperem
519 362 608 382 unum
630 354 748 388 honum,
770 357 912 383 mortuum
939 354 966 382 in

123 401 243 431 caritate.
266 401 317 429 lste
337 400 388 428 fuit
409 408 518 437 semper
539 400 567 428 in
585 400 696 434 divitiis,
711 400 738 428 in
753 408 831 435 auro,
846 401 874 429 in
888 401 967 438 equis

123 451 150 477 et
169 447 232 476 fecit
252 447 409 475 voluntates
430 454 509 480 suas;
532 446 577 475 ille
598 447 625 475 in
647 450 810 484 paupertate
835 450 862 476 et
890 455 966 476 men-

122 494 239 523 dicitate.
262 493 337 530 Quae
358 496 399 522 est
420 494 590 530 comparatio
611 494 696 522 huius
710 494 743 522 ad
758 493 859 522 illum?
877 494 965 522 Nulla.

122 540 275 570 carissimi!
301 548 355 568 non
381 539 467 568 simus
492 540 557 569 socii
581 540 762 574 daemonum,
785 540 830 569 sed
853 540 967 577 Angelo-

121 595 199 620 rum,
221 586 243 615 si
264 586 394 615 volumus
421 586 561 623 possidere
583 587 670 615 Deum
696 594 746 623 per
767 587 858 615 omnia
889 587 966 616 suffi-

121 633 244 662 cientem.

200 680 242 708 lsti
258 679 401 708 duodecin]
416 680 538 714 effectus,
551 682 608 709 tres
620 679 771 716 Raphaelis,
783 683 904 716 quatuor
914 679 965 708 Ga-

120 727 222 761 brielis,
235 727 359 764 quinque
370 727 516 761 Michaelis,
529 730 594 756 sunt
608 727 759 755 duodecim
773 726 870 755 stellae
883 735 965 755 coro-

1023 270 1089 295 nae,
1104 269 1175 298 quae
1196 264 1256 290 erat
1277 261 1308 290 in
1322 262 1415 299 capite
1432 263 1571 298 mulieris,
1586 263 1638 292 hoc
1660 266 1701 292 est
1722 263 1871 298 Ecclesiae,

1024 308 1198 345 Apocalypsis
1212 308 1374 337 duodecimo
1386 309 1405 337 ².
1422 309 1474 338 Ista
1489 313 1553 338 sunt
1568 310 1712 339 duodecim
1728 310 1870 345 beneficia,

1023 362 1095 391 quae
1116 355 1233 392 percipit
1247 357 1335 384 mater
1351 356 1470 384 Ecclesia
1484 356 1518 384 ab
1533 356 1655 393 Angelis,
1670 359 1784 393 propter
1799 364 1870 394 quae

1023 401 1182 430 solemnizat
1202 402 1236 430 de
1251 402 1290 430 eis
1304 405 1331 430 et
1345 402 1426 431 dehet
1439 402 1530 432 adhuc
1545 403 1635 432 facere
1654 403 1744 432 maius
1757 403 1870 438 festum,

1023 456 1106 485 quam
1129 448 1177 476 fiat
1198 448 1225 476 in
1246 448 1387 485 aliquibus
1408 449 1538 478 ecclesiis.
1561 450 1679 479 Istorum
1704 453 1797 479 autem
1823 451 1870 480 be-

1023 494 1186 523 neficiorum
1209 498 1273 524 sunt
1294 495 1397 524 multae
1425 496 1672 531 ramificationes³‚
1701 505 1770 534 quas
1798 500 1869 526 esset

1023 541 1135 578 longum
1167 549 1308 570 enarrare.
1341 542 1507 579 Rogabimus
1538 543 1701 577 Dominum,
1723 543 1797 580 quod
1823 544 1868 573 det

1022 587 1101 616 nobis
1122 588 1161 616 sic
1181 588 1272 617 facere
1293 588 1394 617 festum
1416 589 1582 626 Angelorum
1606 590 1633 618 in
1660 590 1815 627 praesenti,
1836 594 1868 619 ut

1022 634 1160 670 possimus
1190 635 1337 671 pervenire
1358 635 1391 663 ad
1413 643 1509 664 eorum
1539 636 1696 665 societatem
1725 637 1751 665 in
1779 637 1868 674 patria

1022 688 1071 717 per
1093 688 1190 709 eorum
1212 681 1345 710 beneficia
1367 685 1394 710 et
1414 682 1561 719 suffragia,
1583 683 1657 720 quod
1678 683 1757 712 nobis
1772 691 1867 713 conce-

1021 727 1067 755 dat
1087 728 1221 756 Dominus
1242 731 1335 757 noster
1357 729 1432 758 Iesus
1452 729 1587 758 Christus.
1610 730 1702 758 Amen.

181 918 188 931 ¹
207 919 332 947 Augustus,
350 919 507 942 numerandus
524 919 582 941 inter
596 919 721 941 ditissimos
734 922 755 941 et
767 919 905 947 mundanos,
917 925 962 941 non

117 958 176 980 inter
193 961 353 986 persecutores
370 958 490 981 Ecclesiae.
830 957 838 970 ²
857 958 922 980 Vers.
941 959 962 980 l.

1082 918 1091 931 ³
1109 919 1165 942 Cod.
1182 919 1414 948 ramusculationes;
1431 920 1453 942 in
1472 920 1617 949 Breviloqqu
1629 927 1652 949 p.
1664 921 1691 943 V.
1706 922 1865 945 Bonaventura

1019 958 1121 981 inscribit
1138 965 1157 981 c.
1177 959 1197 981 4,
1216 959 1237 982 5.
1256 960 1277 981 6.
1297 958 1387 982 verbis:
1406 960 1438 983 De
1454 958 1628 989 rumificucz'one
1644 961 1744 990 yratiae.
