2243 3348
644 114 799 142 DOMlNlCA
822 115 887 142 XlV.
911 114 992 143 POST
1014 115 1254 144 PENTECOSTEN.
1278 116 1386 145 SERMO
1410 118 1425 144 l.

167 191 205 220 sic
226 191 380 227 glorificant
400 191 457 219 dies
480 191 596 220 laetitiae
617 195 643 220 et
658 192 867 226 exsultationis;
882 192 914 221 ad
930 192 1010 221 cuius

167 237 348 274 praesentiam
373 238 473 266 micant
495 238 563 266 radii
589 238 673 267 divini
705 239 859 276 splendoris
880 239 1010 268 facientes

167 285 239 313 illam
262 292 410 320 supernam
443 285 638 314 habitationem
670 294 791 323 reynam
815 286 935 314 decoris.
958 286 1009 315 Sed

167 335 231 360 tunc
253 331 395 367 accipient
415 332 552 360 diadema
573 332 678 368 speciei
707 332 741 360 cle
762 341 854 360 manu
879 333 1008 366 Domini,

166 377 288 415 quando,
311 385 393 405 manu
408 378 516 406 divinae
531 380 667 414 potentiae
682 378 791 407 adducti
805 380 825 413 ¹,
847 388 895 416 per
917 379 1007 408 dotem

165 427 275 461 apertae
298 424 408 452 visionis
429 425 692 461 contemplabuntur
721 425 767 453 Dei
791 426 874 454 unius
895 429 922 454 et
943 426 1007 454 trini

165 470 395 507 pulcritudinem,
417 470 497 498 cuius
519 470 586 498 visio
608 478 715 499 omnem
738 471 856 499 animam
874 472 914 500 sui
938 472 1007 500 desi-

163 517 239 545 deri⁰
261 517 287 545 in
320 516 379 545 eius
411 517 659 552 concupiscentiam
683 518 783 551 trahit,
809 526 841 546 eo
862 519 935 555 quod
967 522 1008 547 est

164 564 221 593 sine
242 564 335 592 labore
356 567 383 592 et
404 571 499 591 errore
521 567 548 591 et
570 571 632 591 cum
654 563 842 592 delectatione.
858 565 934 593 Unde
955 566 1008 593 Au-

163 611 291 648 gustinus
321 610 426 639 decimo
457 610 554 646 quinto
576 610 609 638 de
631 610 802 638 Trinitate²z
829 611 1007 639 «Veritatem

163 656 220 684 sine
243 656 298 684 ulla
318 655 480 684 difficultate
503 655 657 684 videbimus
683 664 770 693 eaque
802 657 952 685 clarissima
981 661 1008 685 et

163 703 316 732 certissima
338 702 529 739 perfruemur,
544 710 594 731 nec
616 703 718 739 aliquid
734 711 901 739 quaeremus
917 707 1007 731 mente

163 749 357 783 ratiocinante,
380 749 426 778 sed
448 757 594 778 cernemus
615 750 817 785 contemplante
831 761 858 777 ».

241 797 365 825 Secundo
381 804 496 833 regnum
520 796 565 825 Dei
582 799 623 825 est
637 796 797 824 deliciosum
813 796 845 824 ad
862 797 1007 832 perfruen-

161 844 226 872 dum
241 846 353 880 propter
368 843 599 872 redundantiam
614 843 733 879 deificae
746 843 922 880 voluptatis,
935 843 1006 871 unde

161 892 249 920 Lucae
270 891 377 919 decimo
391 894 491 927 quarto
503 890 529 918 3:
550 891 668 924 Beatus,
684 890 736 928 qzti
749 890 940 918 manducabit
952 899 1006 926 pa-

161 947 224 966 nem
247 938 278 966 ln
299 946 387 975 rcyno
405 938 464 965 Dei.
486 954 522 957 —
548 937 640 965 Panis
656 937 714 971 iste,
730 937 782 975 qut
802 937 833 965 in
854 945 942 974 reone
956 937 1008 965 Dei

160 985 388 1013 manducandas
400 984 574 1020 proponitur,
587 984 617 1012 in
632 992 661 1012 se
676 983 783 1012 liabens
797 993 879 1012 omne
890 984 1007 1012 delecta-

160 1034 286 1059 mentum
302 1034 327 1059 et
341 1031 435 1059 omnis
449 1030 567 1067 saporis
580 1030 767 1064 suavitatem,
782 1034 823 1059 est
839 1031 913 1059 lesus
927 1030 1006 1058 Cliri-

160 1081 234 1111 stus,
257 1078 303 1114 qui
326 1077 384 1106 sine
405 1077 503 1105 fastidii
526 1077 702 1114 generatione
723 1081 750 1106 et
770 1077 897 1106 desiderii
920 1077 1006 1105 conti-

159 1125 289 1154 nuatione
301 1124 381 1153 satiat
392 1124 551 1153 interiorem
563 1127 675 1161 gustum
688 1125 872 1153 immensitate
884 1124 1005 1157 Deitatis,

24 1182 26 1196 ι
159 1172 326 1200 exteriorem
348 1171 526 1200 deliciositate
548 1171 736 1200 humanitatis.
760 1172 825 1200 Nam
849 1172 874 1199 in
892 1172 949 1208 ipso
965 1171 1005 1199 in-

159 1219 269 1248 venitur
291 1218 448 1247 redundans
470 1218 611 1255 plenitudo
632 1219 772 1247 satietatis.
788 1218 810 1247 O
825 1227 908 1256 quam
928 1219 1004 1253 felix,

22 1291 23 1296 ,
159 1273 241 1302 quam
264 1265 396 1299 illustris,
418 1273 500 1302 quam
523 1268 648 1299 sanctus,
664 1274 746 1302 quam
762 1274 861 1302 magna
874 1266 1004 1294 aviditate

21 1303 24 1355 ζ
159 1316 199 1341 est
220 1312 390 1349 appetendus
411 1312 456 1340 ille
487 1312 566 1340 cibus
597 1312 710 1341 deificae
739 1313 903 1349 voluptatis,
926 1313 1004 1341 cibus

21 1361 22 1384 l
159 1366 288 1387 verarum
310 1359 491 1387 deliciarum!
514 1359 575 1387 solo
596 1359 656 1387 eius
677 1358 761 1387 odore
794 1359 884 1387 Sancti
912 1359 938 1387 in
961 1359 1004 1387 via

20 1405 21 1431 l
158 1409 311 1443 utcumque
325 1409 526 1439 sustentantur,
542 1414 604 1434 cum
621 1406 850 1442 inspiramentum
866 1406 926 1435 eius
941 1414 1004 1435 sua-

158 1453 249 1481 vitatis
269 1452 302 1481 de
334 1453 484 1489 longinquo
512 1453 586 1481 venit
614 1453 647 1481 ad
679 1461 740 1486 eos,
762 1453 835 1489 quod
857 1457 898 1482 est
920 1461 1004 1490 super

18 1503 19 1520 l
157 1500 268 1528 odorem
304 1500 437 1534 balsami,
469 1499 647 1537 fragrantiam
682 1500 772 1528 tliuris
806 1508 837 1529 ac
873 1500 1003 1537 myrrhae

16 1554 18 1601 Ι
157 1547 301 1584 omnisque
322 1547 431 1583 generis
452 1547 547 1575 suavia
562 1547 755 1580 odoramenta,
771 1547 881 1584 quando
896 1555 945 1584 per
961 1555 1003 1576 sa-

16 1602 18 1630 i
156 1594 296 1631 pientialia
316 1594 451 1622 desideria
472 1594 499 1622 in
521 1601 637 1622 excessu
660 1594 897 1630 contemplationis
917 1594 1003 1623 intro-

16 1636 17 1640 ’
157 1641 298 1669 ducuntur
320 1640 346 1668 in
370 1648 485 1677 regnum
510 1641 572 1674 Dei;
599 1640 672 1669 unde
700 1640 854 1677 Sapientiae
882 1642 1002 1670 sext04:

159 1687 398 1724 Concupiscentia
418 1687 579 1724 sapientiae
600 1687 715 1716 (leclttcit
736 1687 777 1715 ad
797 1696 920 1725 regnum
936 1696 1002 1725 per-

153 1737 282 1772 petitum.

234 1781 326 1810 Tertio
347 1789 462 1818 regnum
485 1782 532 1810 Dei
555 1785 596 1810 est
617 1781 816 1818 sempiternum
838 1782 871 1810 ad
893 1790 1002 1818 perma-

24 1834 50 1854 ne
62 1835 142 1854 mentia
155 1828 275 1857 nendum
298 1831 411 1865 propter
433 1828 595 1857 carentiam
611 1828 794 1857 omnimodae
808 1829 1001 1857 contrarieta-

16 1860 143 1906 ssssffllitssi'ss
156 1876 209 1910 tis,·
230 1876 303 1904 unde
324 1875 351 1904 in
374 1875 518 1904 Psalmo⁵z
544 1875 677 1904 Gloriam
698 1876 784 1912 reyni
804 1876 849 1904 tui
868 1876 963 1904 dicent
976 1880 1002 1904 et

151 1923 312 1960 potentiam
333 1925 414 1950 taam
438 1922 605 1960 loquentur,
627 1926 659 1950 ut
680 1926 780 1951 notam
800 1921 917 1960 faciant
930 1922 1001 1960 (iliis

155 1968 305 1998 hominum
323 1969 483 2006 potentiam
507 1974 588 1997 taam
610 1974 634 1997 et
664 1970 792 2006 yloriam
814 1969 1001 2007 maynisicen-

155 2017 212 2045 tiae
232 2017 317 2054 regni
337 2017 388 2045 tui.
424 2017 554 2054 Reynum
586 2020 686 2050 taam,
716 2017 846 2050 Domine,
875 2025 999 2054 reynum

155 2063 286 2092 omnium
306 2063 500 2092 saeculoram.
516 2079 555 2083 —
574 2063 706 2092 Gloriam
728 2064 813 2101 regni
834 2064 879 2092 tui
896 2064 999 2097 (licent,

154 2111 206 2139 boc
237 2114 292 2145 est,
321 2110 432 2147 quando
459 2111 603 2147 glorificati
636 2111 771 2148 quidquid
802 2111 865 2139 boni
898 2111 1000 2140 babent

153 2158 297 2186 resolvunt
317 2157 344 2186 in
367 2158 488 2194 primum
512 2158 688 2194 principium.
712 2158 742 2186 Et
763 2158 823 2186 ideo
840 2158 911 2186 Beati
934 2161 1000 2187 sunt

153 2205 179 2233 in
202 2205 332 2233 continua
354 2205 481 2244 laude-et
501 2205 716 2242 glorificatione,
732 2205 797 2242 quia
818 2213 898 2233 omne
920 2205 998 2240 illud,

153 2251 226 2288 quod
247 2251 401 2288 accipiunt,
424 2251 449 2279 in
465 2260 529 2280 eum
546 2252 651 2286 solum,
667 2252 714 2288 qui
730 2255 819 2288 potest
833 2252 998 2288 glorificare,

153 2298 310 2332 resolvunt;
342 2298 410 2326 nihil
442 2298 514 2327 enim
546 2302 644 2335 agetur
678 2299 712 2327 ibi
742 2299 792 2327 nisi
820 2307 918 2328 vacare
950 2300 997 2328 Dei

152 2345 293 2379 laudibus3
316 2349 349 2373 at
370 2349 468 2374 notam
499 2344 616 2383 faciant
637 2345 707 2381 filiis
728 2345 879 2374 hominum
898 2350 998 2383 poten-

153 2392 225 2420 tiam
254 2396 336 2420 taam
364 2395 388 2420 et
414 2392 541 2430 gloriam
574 2392 809 2430 magnificentiae
830 2394 914 2430 reyni
935 2394 996 2428 tui,

151 2439 322 2467 latitudinem
345 2439 502 2476 capacitatis
524 2439 741 2474 incoarctabilis,
757 2448 828 2477 quae
843 2449 896 2468 non
919 2448 998 2469 coar-

152 2489 242 2514 ctatur
264 2486 440 2515 multitudine
462 2486 674 2523 possidentium,
690 2487 755 2524 quia
774 2498 787 2512 «
801 2490 906 2516 tantum
929 2496 997 2525 gau-

34 852 60 871 De
75 851 141 871 redun-

28 875 95 894 udantia
107 875 141 893 im·

29 896 100 918 hennae
112 898 144 917 bo·

52 921 120 941 nitatis.

152 2532 216 2561 dent
237 2533 308 2561 Beati
330 2533 363 2561 de
386 2533 456 2562 bono
478 2534 616 2570 proximi,
639 2537 774 2570 quantum
791 2534 824 2562 de
840 2534 911 2563 bono
933 2543 997 2571 pro—

213 2714 220 2726 ¹
239 2714 294 2737 Cod.
312 2714 328 2737 C
346 2714 415 2737 babet
431 2715 513 2738 adiuti.

214 2752 222 2765 ²
239 2753 294 2781 Cap.
311 2754 349 2776 ‘2-5.
366 2760 388 2776 n.
407 2753 442 2776 45.
1023 2718 1025 2822 ἱ

214 2790 222 2803 ³
241 2792 304 2814 Vers.
322 2792 363 2820 ¹¹53
381 2793 484 2821 sequitur
502 2794 555 2821 Sap.
578 2794 611 2821 16,
629 2795 666 2816 20.

213 2829 222 2842 4
240 2831 305 2853 Vers.
324 2831 360 2853 21.

214 2869 222 2881 5
240 2870 320 2891 psalm.
342 2869 391 2897 144,
407 2871 439 2892 11.
458 2877 523 2900 seqq.
539 2884 565 2888 —
578 2872 682 2901 Sequens
699 2873 763 2896 Iocus
780 2877 814 2896 est
830 2874 880 2897 libr.
897 2875 927 2897 dc
945 2875 994 2902 Spi-

151 2909 193 2931 ritu
213 2912 234 2931 et
251 2909 326 2931 anima
345 2909 411 2935 (inter
428 2916 498 2938 opera
516 2911 635 2940 August),
653 2918 672 2934 c.
691 2912 728 2935 57.

244 2956 270 2979 S.
286 2956 379 2979 Bomio.
394 2969 424 2973 —
437 2957 507 2979 Tom.
521 2958 559 2979 IX.

1852 120 1908 148 [109

1067 193 1168 229 prio».
1192 195 1322 231 Regsnum
1344 199 1444 229 tuam,
1467 196 1596 230 Domine,
1629 205 1750 234 requam
1778 199 1908 226 omnium

1066 240 1268 274 saeculoram,
1290 245 1403 278 propter
1426 242 1621 279 longitudinem
1641 244 1810 272 aeternitatis
1826 245 1908 273 inter-

1067 285 1210 315 minabilis.
1233 287 1304 315 Nihil
1326 288 1397 316 enim
1420 289 1503 317 habet
1524 290 1677 324 contraire,
1704 293 1731 319 et
1752 291 1812 319 ideo
1834 292 1908 320 nulla

1066 332 1193 361 violentia
1215 337 1303 370 potest
1324 335 1373 363 sibi
1397 335 1465 364 sieri.
1487 336 1554 364 Cum
1577 344 1642 373 ergo
1665 345 1779 373 regnum
1802 338 1848 366 Dei
1866 347 1909 367 ra-

1066 379 1138 407 tione
1160 381 1329 409 aeternitatis
1361 382 1395 410 sit
1427 383 1537 410 omnino
1559 383 1798 413 intransmutabile
1820 388 1847 413 et
1868 385 1908 413 in-

1065 427 1258 463 corruptibile,
1281 436 1391 457 necesse
1412 433 1462 463 est,
1484 430 1556 466 quod
1579 438 1631 458 non
1655 431 1689 459 sit
1712 431 1736 459 in
1761 432 1818 460 istis
1842 433 1908 461 infe-

1065 472 1201 506 rioribus,
1224 474 1268 501 sed
1293 474 1318 502 in
1341 475 1549 511 superioribus,
1571 477 1721 506 secundum
1745 478 1817 515 quod
1843 479 1908 507 dicit

1064 518 1199 548 Dominus
1231 521 1336 549 loannis
1363 522 1468 550 decimo
1496 524 1630 551 octavofl:
1656 525 1783 561 [leynam
1813 534 1907 554 meam

1064 573 1121 593 non
1142 570 1182 593 est
1203 567 1236 594 (le
1267 566 1318 595 lioe
1339 569 1466 602 niumlo,·
1487 570 1607 606 alioquin
1630 574 1701 599 esset
1726 572 1906 607 defectivum,

1064 612 1137 647 quod
1160 613 1243 647 absit,
1265 622 1297 642 eo
1318 615 1391 650 quod
1408 615 1432 643 in
1451 624 1534 652 regno
1550 617 1596 645 Dei
1613 618 1706 646 nullus
1720 622 1761 647 est
1775 619 1905 648 defectus.

1065 674 1102 677 —-
1125 659 1198 687 Unde
1220 661 1394 689 considerare
1415 661 1515 698 iugiter
1537 671 1652 700 regnum
1685 665 1731 693 Dei
1764 670 1790 694 et
1818 671 1906 695 aeter—
1926 672 2038 691 Notandum·

1065 704 1175 733 nitatem
1199 707 1317 734 multum
1342 708 1413 736 valet
1434 709 1466 736 ad
1489 710 1670 745 spernendam
1694 713 1845 747 praesentis
1861 722 1905 741 va-

1064 749 1156 778 nitatis
1178 752 1364 780 mobilitatem.

1144 797 1181 824 lll.
1205 798 1309 832 Tertio,
1326 799 1351 826 in
1369 800 1452 828 verbo
1472 802 1611 837 proposito
1625 803 1736 832 stabilit
1749 805 1906 842 effectivam
1921 812 1968 830 Pars
1981 813 2009 839 [1¹-
2023 813 2051 840 ¹20

1065 850 1113 878 per
1135 843 1283 872 efficaciam
1307 846 1445 874 virtuosae
1466 848 1647 883 operationis,
1670 858 1732 878 cnm
1755 852 1905 881 subinfert:
1919 836 2051 886 {ffffigaffg'

1063 893 1088 916 et
1110 890 1253 918 iustitiam
1275 892 1346 919 eius.
1369 893 1431 920 Tria
1453 894 1525 922 enim
1548 898 1625 928 sunt,
1641 904 1711 932 quae
1732 898 1835 926 facumt
1858 900 1905 927 lio-
1942 884 2026 901 mmm

1064 935 1164 964 minem
1187 937 1334 966 efficaciter
1362 940 1470 975 operari
1499 943 1526 968 et
1548 941 1688 978 inquirere
1711 944 1840 972 iustitiam
1865 954 1906 973 re—

1063 984 1106 1019 gni
1131 984 1187 1012 Dei.
1212 985 1333 1013 Primum
1356 989 1397 1014 est
1418 987 1592 1023 simplicitas
1623 990 1789 1019 intentionis
1811 992 1837 1019 in
1859 993 1905 1021 de-
1925 998 2037 1017 subdivisio-

1063 1030 1188 1059 clinando
1211 1032 1330 1065 malum;
1353 1033 1504 1061 secundum
1527 1038 1568 1062 est
1589 1037 1749 1065 sti-emittas
1763 1039 1906 1074 operatio-

1062 1077 1109 1105 nis
1125 1078 1152 1105 in
1167 1077 1290 1106 faciendo
1312 1079 1430 1113 bonum;
1455 1081 1565 1109 tertium
1588 1086 1629 1110 est
1643 1084 1814 1113 studiositas
1828 1086 1905 1114 solli-

1062 1123 1203 1152 citudinis
1225 1125 1250 1153 in
1273 1126 1436 1162 corrigendo
1457 1130 1589 1156 erratum.
1608 1129 1671 1157 Nam
1688 1130 1791 1159 iustitia
1805 1136 1846 1160 est
1860 1133 1906 1161 de-

1062 1170 1165 1199 clinare
1188 1172 1307 1204 malum,
1331 1172 1420 1201 facere
1442 1173 1545 1202 bonum
1567 1177 1594 1203 et
1615 1176 1753 1212 corrigere
1772 1182 1904 1207 erratum.

1142 1218 1232 1246 Primo
1253 1219 1384 1256 quaerite
1406 1220 1537 1248 iustitiam
1562 1222 1636 1258 regni
1670 1231 1719 1259 per
1739 1224 2050 1261 simplicita-Quaereudixzn

1062 1268 1116 1293 tem
1137 1264 1303 1293 intentionis
1325 1266 1351 1294 in
1373 1266 1534 1295 declii'ial‘ido
1551 1268 1668 1303 malum;
1684 1270 1756 1298 unde
1778 1271 1905 1300 Ecclesia—
1919 1255 2052 1304 ffiffiglffg:

1061 1311 1120 1339 stici
1143 1311 1248 1340 decimo
1280 1313 1434 1349 septim0⁷:
1458 1314 1674 1344 Poeizltentesbas
1706 1321 1802 1345 aatem
1830 1318 1907 1346 (ledit
1919 1303 1982 1320 '¹⁰⁰⁶'

1060 1358 1139 1386 viam
1162 1359 1292 1387 ‘iustitiae
1307 1363 1332 1388 et
1347 1360 1532 1396 confirmavit
1546 1361 1705 1398 deficientes
1726 1365 1868 1393 sustinere
1883 1370 1906 1393 et

1060 1406 1216 1434 destinavit
1231 1407 1289 1435 illis
1302 1410 1407 1435 sortem
1424 1408 1561 1436 veritatis.
1577 1409 1744 1439 Convertere
1759 1412 1798 1439 acl
1814 1413 1907 1440 Domi—

1060 1462 1132 1481 nam.
1151 1457 1176 1482 et
1197 1454 1325 1492 relinque
1344 1459 1464 1491 peccata
1487 1460 1546 1484 tua.
1563 1474 1600 1477 -—
1618 1457 1839 1493 Poeuitentibas,
1855 1460 1907 1497 qai

1060 1499 1228 1538 relinquunt
1248 1505 1384 1537 peecata,
1407 1502 1488 1530 corde
1509 1506 1536 1531 et
1557 1511 1655 1539 opere,
1678 1507 1704 1532 et
1735 1509 1905 1534 convertun-

1061 1550 1110 1574 ίαν
1132 1547 1172 1575 acl
1195 1547 1366 1582 Dominum,
1389 1556 1452 1577 cum
1476 1550 1595 1586 puritate
1617 1551 1812 1585 conscientiae,
1828 1553 1906 1580 tletlit

1059 1593 1140 1621 viam
1162 1594 1308 1628 iustitiae,
1331 1602 1380 1631 per
1413 1596 1601 1625 remissionem
1630 1598 1742 1634 culpam
1765 1598 1811 1627 sed
1840 1599 1905 1635 quia

1060 1640 1203 1677 poenitens
1225 1641 1259 1670 de
1281 1650 1351 1670 novo
1383 1650 1534 1671 conversus
1557 1644 1582 1672 in
1604 1645 1675 1672 viam
1699 1645 1818 1674 iustitiae
1838 1646 1905 1674 defi-

1059 1687 1111 1722 cit,
1134 1688 1154 1716 si
1177 1696 1244 1717 suae
1267 1689 1400 1717 voluntati
1426 1690 1483 1718 sive
1504 1691 1600 1727 culpae
1632 1692 1822 1728 relinquatur;
1845 1693 1904 1721 ideo

1059 1735 1202 1772 sequitur:
1225 1735 1385 1772 deficientes
1416 1738 1576 1772 sustinere,
1599 1738 1693 1775 iugum
1719 1739 1802 1767 divini
1827 1748 1904 1776 prae-

1059 1782 1146 1819 cepti,
1169 1782 1371 1819 confirmaoit,
1403 1784 1568 1813 documento
1599 1786 1755 1814 divinorum
1785 1787 1903 1823 eloquio-

1059 1837 1121 1858 rum
1144 1833 1172 1858 et
1192 1831 1321 1867 exemplo
1342 1831 1460 1860 aliorum
1488 1833 1666 1867 Sanctorum;
1689 1838 1713 1861 et
1736 1834 1836 1862 talibus
1858 1834 1903 1862 (le-

1057 1876 1181 1904 stinavz't
1202 1879 1229 1905 et
1249 1877 1361 1905 donavit
1381 1881 1487 1907 sortem
1509 1882 1635 1908 aeternae
1659 1880 1789 1908 ueritatis
1809 1883 1835 1909 et
1857 1889 1903 1909 su-

1057 1931 1160 1960 pernae
1182 1924 1351 1953 hereditatis.
1376 1925 1405 1953 Et
1436 1925 1469 1954 de
1492 1926 1543 1955 boc
1574 1926 1674 1955 dicitur
1697 1927 1821 1956 similiter
1843 1928 1904 1956 Pro-

1058 1971 1218 1999 verbiorum
1255 1972 1439 2001 undecimoB:
1473 1973 1590 2001 Iustitia
1621 1974 1763 2011 simplicis
1797 1975 1902 2011 (lii-isset

1057 2018 1135 2046 viam
1158 2018 1229 2046 eius.

1136 2065 1261 2094 Secundo
1283 2061 1510 2104 quaerite‘regni
1535 2068 1664 2096 iustitiam
1682 2076 1730 2105 per
1744 2069 1901 2097 strenuita-

1057 2115 1110 2140 tem.
1132 2113 1311 2149 operationis
1334 2114 1359 2141 in
1383 2114 1505 2142 faciendo
1529 2115 1646 2148 bonum3
1662 2116 1735 2144 unde
1750 2116 1901 2152 Sapientiae

1055 2159 1201 2188 decim09:
1225 2160 1340 2189 lustum
1362 2161 1482 2189 (lctlztacit
1516 2162 1658 2190 Dominus
1683 2171 1736 2199 per
1766 2163 1828 2191 υἷας
1858 2172 1901 2191 re-

1056 2210 1117 2235 ctas
1139 2211 1164 2235 et
1184 2208 1307 2236 ostendit
1328 2208 1372 2236 illi
1392 2217 1516 2246 regnam
1540 2209 1591 2237 Dei
1610 2213 1634 2237 et
1656 2210 1732 2238 (ledit
1755 2210 1797 2237 illi
1810 2210 1900 2238 seien-

1055 2254 1127 2282 tiam
1149 2254 1345 2289 Sanctoi'am,·
1367 2254 1526 2284 ltoncstaoit
1548 2256 1630 2284 illam
1653 2256 1683 2284 liz
1707 2256 1856 2285 laboribus
1875 2261 1899 2285 et

1056 2301 1207 2337 complevit
1229 2301 1341 2329 labores
1363 2302 1450 2330 illius.
1469 2319 1503 2322 ——
1527 2302 1593 2331 Viae
1614 2307 1708 2331 rectae
1729 2306 1793 2331 sunt
1808 2304 1899 2332 divina

1056 2351 1217 2384 praecepta,
1241 2356 1289 2384 per
1312 2357 1382 2385 quae
1405 2350 1537 2378 Dominus
1552 2350 1674 2378 suaviter
1689 2350 1774 2378 (lua-it
1789 2351 1897 2378 iustiori

1056 2394 1210 2423 tendentem
1233 2395 1265 2423 ad
1289 2403 1436 2432 supernam
1461 2396 1590 2432 patriam,
1613 2397 1783 2425 ostendendo
1799 2397 1843 2425 illi
1856 2406 1900 2425 re-

1053 2451 1143 2479 ynam
1170 2443 1233 2477 Dei,
1255 2451 1289 2472 ne
1312 2447 1423 2480 torpore
1444 2444 1566 2480 ignaviae
1588 2447 1761 2480 gravaretur,
1784 2445 1829 2473 sed
1852 2453 1899 2481 spe

1054 2492 1080 2517 et
1101 2489 1236 2518 desiderio
1259 2490 1435 2527 perveniendi
1457 2491 1489 2519 ad
1512 2491 1587 2527 regni
1611 2491 1765 2520 felicitatem
1791 2491 1898 2520 fortiter

1054 2536 1087 2564 cle
1110 2536 1215 2564 virtute
1238 2538 1266 2565 tn
1288 2537 1460 2565 virtatemm
1482 2538 1588 2566 incedat
1618 2541 1644 2566 et
1665 2539 1755 2566 veniat
1778 2539 1803 2566 in
1826 2539 1896 2566 viam

1930 2074 1983 2096 Item,
1997 2080 2031 2098 per

1916 2098 2046 2117 strenuitatem

1920 2122 2041 2145 operationis.

1115 2719 1124 2731 ὓ
1142 2720 1207 2742 Vei-s.
1226 2720 1262 2742 36.

1117 2759 1125 2771 ⁷
1144 2760 1208 2782 Vers.
1227 2760 1262 2782 20.
1281 2766 1329 2788 seq.

1114 2797 1123 2810 ⁵³
1142 2799 1206 2820 Vers.
1225 2799 1246 2820 5.

1115 2836 1124 2849 ⁹
1143 2838 1207 2860 Vers.
1232 2838 1264 2860 lO.

1115 2875 1134 2887 ¹⁰
1152 2876 1280 2904 Respicitur
1306 2877 1340 2898 Ps.
1364 2877 1405 2904 83,
1431 2877 1456 2905 83
1482 2879 1608 2904 sequuntur
1634 2876 1681 2898 lsai.
1704 2876 1731 2902 7,
1760 2875 1792 2897 15.
1815 2878 1837 2897 et
1861 2876 1895 2897 ΡΞ.

1113 2915 1149 2937 27.

1052 2915 1080 2936 36
1089 2932 1094 2941 ,

1771 2962 1799 2983 52
