2243 3348
229 696 256 715 Do
269 695 352 718 benigni-

227 722 265 738 tate
278 720 313 737 tria
326 719 352 737 di·

251 745 326 762 cuntur.

240 836 343 855 incarnatio

237 860 323 883 procedit
335 865 345 877 a

230 883 352 906 benignitate.

368 191 383 218 6
388 190 423 218 68

367 268 399 296 acl
428 275 563 296 summam
592 267 803 303 benignitatem,
826 266 856 294 sit
884 268 990 293 certum
1019 267 1045 292 et
1073 263 1210 291 indubita-

368 315 428 343 bile.
451 314 476 342 Si
499 315 569 342 5111111
592 313 775 342 certissimum
798 316 855 346 est,
877 312 963 340 Deum
985 319 1044 339 esse
1065 310 1210 346 optimum,

367 360 550 389 certissimum
572 363 629 393 est,
652 360 740 395 ipsum
769 365 827 386 esse
857 357 1081 394 benignissimum
1110 359 1137 384 et
1165 355 1211 383 be-

367 406 625 439 neficentissimum,
648 409 675 433 et
702 408 816 441 propter
842 404 892 432 hoc
920 402 1209 431 convenientissimum

366 457 406 482 est
428 454 478 482 sibi
500 453 652 481 attribuere
669 451 832 480 beneficium
854 458 979 479 summae
995 448 1170 486 benignitatis
1185 450 1212 477 et

367 500 569 533 beneficentiae,
589 500 663 527 ultra
683 506 765 535 quam
786 498 861 526 nulla
883 497 968 534 possit
989 496 1141 533 benignitas
1162 503 1211 524 ex-

366 547 495 583 cogitari3
517 550 544 574 et
560 546 610 574 hoc
626 545 736 582 quidem
752 547 802 578 est,
818 544 904 572 Deum
919 550 1062 572 assumere
1080 542 1210 580 formam

365 594 443 622 servi
462 593 495 621 de
516 596 596 621 utero
612 591 751 628 virginali,
766 591 839 628 quod
858 598 911 618 non
935 593 1040 618 tantum
1063 593 1104 618 est
1125 588 1211 617 credi-

366 640 433 673 bile,
456 640 502 668 sed
517 640 598 667 etiam
622 642 728 667 certum
744 641 771 666 et
787 637 975 670 indubitabile,
991 637 1012 665 si
1028 636 1211 669 attendamus,

365 686 430 723 quid
454 686 518 714 velit
540 685 675 721 Propheta
695 684 801 713 dicere:
826 683 967 711 Dominus
988 682 1069 710 dabit
1085 681 1212 718 benigni-

367 737 460 761 tatem.

447 780 537 807 Primo
558 779 629 807 5111111
652 778 788 811 insinuat,
810 777 1021 813 benignissimae
1047 775 1212 804 incarnatio-

367 827 409 855 nis
430 826 593 855 beneficium
613 834 628 854 a
643 833 752 854 summa
768 824 940 861 benignitate
952 823 1117 859 procedere,
1133 822 1212 850 iuxta

367 874 433 902 illud
455 873 528 910 quod
550 874 577 901 in
600 881 717 909 persona
739 872 790 900 viri
813 871 974 908 spiritualis,
990 870 1127 907 loquentis
1148 877 1210 898 cum

368 921 490 953 Domino,
505 920 606 948 dicitur
629 920 654 948 in
679 920 784 948 Psalmo
800 920 824 946 ¹:
850 918 975 955 Benigne
995 916 1056 954 fae,
1077 916 1211 949 Domine,

367 968 396 995 iit
419 967 493 995 bona
525 967 673 995 voluntate
698 970 750 994 tua
772 968 839 999 etc,
868 968 895 993 et
922 967 998 1001 post:
1028 964 1107 991 'l'unc
1136 971 1212 991 acce-

364 1014 461 1051 ptabis
481 1013 663 1049 sacrificium
685 1013 814 1041 iustitiae
842 1015 892 1040 etc.
915 1011 1034 1044 Constat,
1064 1010 1136 1047 quod
1161 1010 1212 1038 hoc

367 1061 528 1090 heneficium
552 1060 725 1096 acceptabile
746 1067 800 1087 non
821 1062 881 1087 erat
902 1058 952 1086 nisi
979 1065 1027 1094 per
1043 1057 1143 1085 Christi
1165 1057 1211 1084 ad-

368 1112 493 1141 ventum3
517 1107 590 1135 unde
611 1107 644 1135 ad
665 1106 801 1135 Hebraeos
822 1106 942 1139 decimo,
972 1108 999 1133 et
1026 1108 1149 1133 sumtum
1171 1106 1212 1132 cst

365 1155 398 1183 de
421 1155 541 1183 Psalmo:
566 1153 752 1190 Sacrificium
776 1157 802 1181 ct
816 1153 986 1181 oblationem
1001 1151 1131 1185 noluisti,
1148 1159 1210 1179 cor-

364 1211 421 1239 pus
442 1206 540 1231 (tutem
561 1201 673 1238 aptasti
693 1199 773 1229 milri.
793 1200 926 1236 Quoniam
950 1207 1015 1236 ergo
1038 1199 1089 1227 hoc
1111 1198 1212 1227 sacrifi-

366 1250 439 1277 cium
461 1258 513 1277 non
530 1253 589 1277 erat
604 1248 723 1276 dandum
742 1251 854 1284 propter
870 1246 1028 1283 dignitatem
1054 1245 1143 1274 meriti
1160 1245 1212 1273 liu-

368 1296 454 1330 inani,
477 1296 523 1325 sed
552 1298 665 1332 propter
694 1295 889 1331 benignitatem
919 1293 1001 1321 divini
1032 1291 1211 1329 beneplaciti,

368 1344 426 1371 ideo
447 1343 527 1371 dicit:
551 1343 676 1379 Bem'yne
694 1341 761 1378 fac,
780 1341 914 1373 Domine,
932 1340 961 1367 in
977 1339 1051 1368 bona
1066 1339 1212 1367 voluntate

367 1394 427 1419 tna.
452 1391 534 1418 Bona
556 1397 675 1425 namque
697 1388 831 1416 voluntas
858 1390 899 1416 est
925 1387 968 1415 illa
997 1394 1067 1423 quae
1089 1386 1213 1422 benigni-

368 1440 420 1465 tate
442 1445 470 1465 se
486 1436 611 1465 diffundit
628 1439 654 1463 et
669 1434 857 1463 misericordia
873 1434 1081 1466 condescendit,
1099 1436 1212 1469 propter

367 1484 439 1520 1111011
463 1484 504 1511 vir
526 1486 637 1511 sanctus
652 1486 712 1510 orat
728 1482 752 1509 in
770 1482 874 1509 Psalmo
891 1482 916 1508 ²:
943 1480 1061 1509 Exaudi
1081 1489 1141 1513 me,
1160 1480 1213 1507 Do-

368 1531 458 1563 mine,
481 1530 618 1568 quoniam
642 1529 766 1565 beniyna
781 1532 820 1556 est
842 1528 1047 1556 misericordia
1062 1532 1123 1555 tua.
1144 1526 1214 1563 Quia

367 1577 438 1606 enim
462 1577 544 1605 Filius
566 1576 613 1604 Dei
630 1584 683 1604 11011
701 1579 806 1603 tantum
823 1578 944 1603 nostram
960 1578 1099 1607 naturam,
1116 1581 1212 1601 verum

367 1625 447 1653 etiam
471 1623 648 1660 poenalitates
670 1622 805 1658 suscepit:
830 1621 892 1650 hinc
914 1624 970 1654 est,
993 1620 1065 1657 quod
1089 1620 1213 1648 incarna-

367 1672 446 1699 tionis
468 1670 631 1699 beneficium
660 1669 740 1697 simul
763 1677 799 1697 ex
823 1668 1011 1696 misericordia
1035 1671 1062 1695 ct
1091 1666 1213 1703 benigni-

955 186 1127 215 SERMONES
1148 185 1191 214 DE
1213 186 1240 213 Β.
1263 184 1394 213 VlRGlNE
1416 184 1524 213 MARtA.

1267 262 1329 290 dato
1350 262 1479 295 ostendit,
1494 264 1525 290 ut
1546 270 1597 290 suo
1618 262 1749 298 beneficio
1770 266 1797 291 et
1818 263 1945 300 exemplo
1966 263 2043 300 quasi
2059 264 2112 293 du-

1267 308 1329 345 plici
1352 308 1475 336 suniculo
1495 308 1527 336 ad
1553 309 1746 346 benignitatem
1774 310 1907 338 trahendo
1935 310 2036 339 faceret
2063 319 2111 340 nos

1267 355 1421 383 conformes
1444 355 1513 383 l'atri
1535 357 1562 383 et
1582 355 1647 383 Filio
1669 359 1694 384 et
1710 355 1822 392 Spiritui
1845 359 1953 390 sanct0;
1970 357 2042 385 unde
2063 357 2112 386 Lu-

1267 409 1314 430 cae
1336 404 1430 429 sexto:
1456 401 1570 438 Diliyite
1598 402 1732 430 inimicos
1762 406 1884 437 uestros,
1911 402 2064 440 benefacite
2087 407 2112 432 et

1267 452 1403 476 onitu-um
1425 449 1500 482 date,
1523 447 1598 477 'nillil
1618 449 1684 477 inde
1704 453 1871 485 spei-autes;
1892 453 1918 478 et
1937 450 1991 478 erit
2005 458 2112 478 merces

1267 498 1364 523 vestra
1385 495 1495 529 multa,
1517 499 1543 523 et
1563 495 1646 523 eritis
1666 495 1722 532 filli
1741 496 1894 529 fidissimi,
1909 496 1981 535 quia
1995 497 2055 534 ipse
2070 496 2112 525 be-

1267 542 1377 578 niymts
1397 546 1436 570 est
1456 551 1546 579 super
1567 542 1701 579 ingratos
1716 547 1741 571 et
1756 543 1856 572 nzalos,
1874 544 2022 581 Beniynus
2037 552 2113 572 narn—

1268 596 1323 625 que
1344 592 1384 617 est
1400 589 1532 617 Dominus
1547 597 1631 626 super
1647 590 1741 624 malos,
1756 590 1941 627 suscipiendo
1956 592 2035 627 (eos),
2050 598 2114 619 cum

1269 635 1423 671 poenitent;
1447 635 1523 664 loelis
1551 636 1686 664 secundo:
1718 636 1926 665 Co'noertimiizi
1953 637 1993 665 ad
2018 637 2114 666 Domi-

1268 690 1340 710 num
1364 682 1455 710 Deum
1478 686 1619 716 cestrum,
1641 683 1712 721 quia
1734 683 1875 720 beniynus
1903 687 1927 712 el
1947 684 2114 713 misericors

1268 732 1318 762 est,
1337 729 1453 766 patiens
1468 733 1492 758 et
1513 729 1622 757 multae
1644 730 1863 758 misericordiae
1883 735 1907 759 et
1927 730 2114 767 praestabilis

1269 784 1357 812 super
1378 776 1511 809 malilia,·
1537 776 1701 810 tolerando,
1731 785 1794 806 cum
1825 781 1945 814 peccant.
1975 778 2026 806 Sed
2048 777 2115 806 haec

1270 821 1422 858 benignitas
1450 822 1622 850 convertitur
1645 823 1670 850 in
1700 823 1769 851 iram
1793 823 1834 851 his
1855 823 1902 860 qui
1925 831 1977 852 nou
2001 831 2114 852 conver-

1269 871 1368 897 tuntur
1382 868 1415 897 ad
1431 869 1642 905 poenitentiam;
1658 869 1691 897 ad
1708 870 1842 898 Romanos
1856 870 1977 899 secundo
1988 870 2014 898 ⁶:
2032 870 2115 907 19ηο-

1269 924 1335 949 ras,
1367 915 1506 953 quoniam
1529 915 1691 953 beniynitas
1715 916 1766 944 Dei
1793 916 1833 944 ad
1857 917 2062 953 poeniteutiam
2091 920 2115 945 te

1269 962 1411 991 adducit?
1434 962 1599 991 Secundum
1621 967 1719 991 (tutem
1741 964 1885 992 daritiam
1913 967 1994 992 tuam
2017 967 2041 992 et
2062 964 2116 992 im-

1265 1010 1415 1046 poenitens
1436 1018 1486 1038 eor
1509 1009 1699 1039 thesaurizas
1722 1010 1773 1038 tibi
1794 1011 1874 1039 iram
1896 1011 1927 1039 in
1948 1011 1993 1039 die
2013 1011 2077 1040 irae
2091 1015 2117 1040 et

1270 1057 1453 1085 revelationis
1475 1058 1547 1086 iusti
1568 1057 1674 1086 indicti*
1693 1058 1751 1085 Dei.
1776 1075 1812 1077 —
1834 1058 1890 1086 Non
1906 1062 1948 1087 est
1963 1058 2046 1095 igitur
2068 1059 2116 1087 Dei

1269 1104 1422 1141 benignitas
1437 1105 1645 1138 contemnenda,
1657 1105 1723 1141 quia
1738 1105 1832 1133 nullus
1846 1109 1887 1134 est
1903 1105 2000 1139 bonus,
2017 1105 2066 1134 11151
2082 1105 2117 1134 ab

1269 1151 1328 1187 ipso
1348 1151 1497 1180 bonitatem
1513 1151 1628 1188 accipiat
1643 1154 1669 1180 et
1684 1151 1836 1180 secundum
1859 1152 1945 1188 ipsam
1969 1152 2115 1181 bonitatem

1269 1198 1395 1234 proficiat
1416 1202 1443 1227 et
1464 1202 1577 1235 propter
1594 1199 1679 1235 ipsam
1700 1199 1732 1227 ad
1756 1199 1949 1235 benignitatem
1968 1200 2075 1234 tendat:
2090 1202 2117 1228 et

1274 1245 1325 1273 hoc
1346 1253 1395 1281 per
1419 1245 1581 1274 beneficium
1605 1246 1808 1280 incarnationis,
1825 1246 1897 1282 quod
1917 1246 2027 1275 nomine
2041 1246 2117 1275 beni-

1268 1292 1379 1328 gnitatis
1402 1293 1536 1329 Propheta
1558 1293 1680 1321 notificat
1701 1301 1736 1321 ex
1760 1297 1837 1329 parte
1866 1293 1991 1330 principii
2020 1301 2118 1330 super-

1270 1339 1426 1372 inssuentis,
1449 1348 1511 1367 cum
1534 1339 1615 1367 dicit:
1640 1340 1781 1367 Dominus
1802 1339 1883 1368 (labit
1905 1340 2115 1377 beiziynilatem.

1350 1386 1376 1413 tl.
1400 1386 1525 1414 Secundo
1553 1394 1618 1414 vero
1646 1386 1813 1414 describitur
1842 1387 2004 1415 beneficium
2029 1387 2118 1415 incar-

1270 1432 1387 1460 nationis
1408 1440 1443 1460 ex
1466 1436 1543 1468 parte
1565 1433 1685 1460 suln'ecti
1705 1433 1900 1469 suscipientis,
1916 1442 1978 1462 cum
2001 1433 2117 1462 dicitur:

1270 1483 1351 1506 terra
1382 1483 1502 1512 nostrin
1534 1482 1560 1507 ct
1593 1479 1644 1507 hoc
1675 1479 1785 1516 quidem
1815 1479 1881 1508 satis
1906 1480 2117 1514 convenienter:

1270 1526 1341 1554 sicut
1362 1526 1445 1560 enim,
1467 1526 1487 1554 si
1513 1530 1586 1554 terra
1602 1526 1775 1563 relinquatur
1790 1534 1856 1555 suae
1874 1527 2003 1561 ariditati,
2019 1527 2119 1564 impos—

1270 1573 1348 1602 sibile
1369 1577 1425 1604 est,
1448 1573 1521 1610 1111011
1536 1573 1687 1609 germinet,
1710 1573 1755 1602 sed
1772 1574 1851 1610 aquis
1866 1574 1979 1610 irrigata
2000 1574 2119 1603 efficitur

1270 1620 1428 1653 fructuosa;
1451 1620 1489 1648 sic
1505 1624 1531 1648 et
1546 1620 1689 1657 virginitas
1704 1628 1769 1649 suae
1785 1621 1921 1649 sterilitati
1939 1621 2042 1655 relicta,
2064 1629 2118 1650 non

1271 1668 1398 1704 concipit,
1421 1668 1471 1696 11151
1488 1667 1652 1696 fecundetur
1667 1668 1755 1704 gratia
1770 1676 1900 1704 superna.
1925 1669 1955 1696 Et
1977 1668 2048 1697 sicut
2064 1676 2117 1697 non

2132 1064 2227 1086 concinno.

2133 1393 2179 1412 Pars
2190 1393 2209 1412 ll.
2218 1393 2238 1412 131

2138 1418 2189 1440 parto
2200 1414 2239 1435 suli-1

2135 1440 2178 1459 iecti
2190 1440 2239 1459 sumi·

2154 1463 2223 1487 pientia.

230 1726 282 1752 stem,-
297 1730 349 1752 praef
368 1722 421 1747 tate
450 1718 590 1754 processit.
614 1732 650 1737 —
675 1716 816 1749 Secundo,
845 1723 981 1743 summam
1011 1714 1211 1751 beniynitatem

229 1749 354 1794 '‘lffllgtffl'*
365 1764 568 1801 praetendere,
591 1764 670 1792 iuxta
693 1762 766 1799 quod
788 1762 889 1791 dicitur
920 1762 953 1790 ad
976 1762 1067 1789 Titum
1090 1761 1171 1789 tertio
1186 1760 1212 1788 ³:

371 1812 538 1848 Benigynitas
566 1816 590 1839 et
612 1810 783 1838 humanitas
805 1809 948 1846 apparuit
978 1808 1142 1837 Salvatoris
1164 1816 1213 1835 no-

367 1859 422 1887 stri
439 1859 495 1887 Dei.
510 1858 681 1895 Bem'ynitas
696 1864 815 1893 namque
830 1857 876 1885 Dei
893 1860 955 1884 ante
970 1856 1117 1884 adventum
1132 1854 1212 1883 Verbi

369 1906 499 1934 incarnati
516 1906 593 1942 quasi
616 1904 705 1938 latuit,
721 1904 766 1932 sed
791 1907 850 1940 post
869 1903 1018 1931 adventum
1039 1902 1151 1935 claruit,
1166 1910 1214 1938 ap-

1270 1718 1311 1743 est
1333 1714 1506 1748 incredibile,
1531 1718 1632 1743 terram
1657 1715 1734 1751 prius
1755 1715 1875 1749 aridam,
1896 1719 1956 1752 post
1978 1715 2118 1752 irrigatam

1271 1762 1384 1798 pluviis,
1400 1761 1565 1798 germinare,
1581 1761 1619 1790 sic
1636 1770 1683 1790 nec
1701 1763 1833 1798 virginem
1849 1763 2002 1799 concipere,
2017 1762 2120 1791 scilicet

1271 1808 1389 1845 Spiritus
1414 1809 1498 1837 sancti
1528 1809 1615 1845 gratia
1642 1809 1815 1837 secundante.
1846 1809 1959 1846 Propter
1984 1809 2056 1846 quod
2085 1809 2119 1838 ad
2133 1816 2241 1842 ‘retr-aspro

1272 1855 1427 1884 huiusmodi
1452 1856 1640 1892 metaphoram
1665 1856 1771 1892 plenius
1793 1856 2007 1893 cognoscendam
2025 1856 2120 1885 intelli·
2151 1840 2243 1886 2353&

1271 1902 1390 1939 gendum
1408 1906 1464 1936 est,
1487 1902 1560 1939 quod
1577 1906 1651 1931 terra
1673 1903 1723 1931 ista
1738 1903 1875 1931 sensibilis
1889 1906 1930 1932 est
1944 1903 2120 1932 aridissima

224 2474 276 2496 ltem,
290 2474 357 2498 perdu-

230 2498 256 2516 cit
268 2498 292 2516 ad
306 2498 357 2516 beni·

244 2521 341 2544 guttatam.

368 1953 457 1989 paruit
481 1956 507 1981 et
523 1952 694 1980 manifestata
708 1951 776 1984 fuit,
798 1954 825 1979 et
844 1950 903 1978 ideo
919 1953 985 1978 tunc
1000 1950 1100 1986 incepit
1115 1957 1214 1977 cwmus

369 1999 572 2037 benigynitutis,
594 1999 674 2027 iuxta
698 1998 762 2026 illud
788 1997 899 2026 Psalmi:
916 1997 1069 2025 Benedices
1090 2004 1214 2024 coronae

368 2047 441 2075 cmiii
456 2046 642 2083 beniffliitatis
657 2049 731 2073 tuae.
748 2045 862 2073 Corona
875 2044 1061 2081 benignitatis
1072 2044 1123 2072 11111
1136 2044 1214 2072 beata

369 2094 450 2130 Virgo
471 2093 564 2126 Maria,
580 2100 651 2129 quae
666 2092 806 2129 designata
825 2092 876 2120 11111
897 2099 945 2128 per
967 2091 1117 2119 midierem
1139 2090 1214 2118 siriti-

367 2144 443 2168 ctam
465 2140 536 2173 sole,
558 2143 582 2167 et
604 2139 634 2167 in
656 2139 748 2175 capite
769 2139 832 2167 eius
853 2141 912 2167 erat
934 2146 1042 2166 corona
1063 2137 1214 2166 stellarum

368 2187 527 2215 duodecim.
551 2186 582 2214 Et
605 2186 670 2214 haec
692 2185 835 2214 benedicta
856 2185 908 2213 fuit
928 2193 943 2213 a
966 2185 1036 2218 Deo,
1059 2184 1159 2221 Angelo
1171 2192 1216 2212 an-

369 2234 511 2261 nuntiante
526 2235 551 2260 4:
570 2232 731 2265 Benedicta,
748 2232 845 2269 inquit,
868 2235 899 2259 lu
914 2232 945 2259 in
960 2231 1132 2260 mulieribus
1147 2234 1214 2264 etc.;

368 2282 395 2307 et
415 2287 450 2307 ex
475 2280 525 2307 hoc
547 2279 647 2315 campi
664 2278 853 2315 replebuntur
867 2278 1007 2311 ubertate,
1022 2277 1135 2314 gratiae.
1153 2277 1216 2305 Pro-

370 2330 463 2363 pterea
485 2327 521 2354 illi
544 2327 591 2363 qui
615 2326 695 2354 modo
718 2327 795 2354 vacui
826 2329 891 2354 sunt
919 2334 934 2353 a
955 2325 1043 2362 gratia
1064 2328 1091 2353 et
1119 2324 1214 2361 repleti

370 2373 470 2409 spinis,
492 2382 546 2402 non
576 2376 701 2410 spectant
725 2373 757 2401 ad
788 2373 983 2409 benignitatem
1005 2372 1085 2405 anni,
1108 2371 1154 2400 sed
1182 2371 1215 2400 ad

370 2420 543 2448 severitatem
576 2420 659 2448 divini
689 2419 798 2453 iudicii,
827 2418 980 2447 secundum
1010 2418 1075 2447 illud
1103 2418 1215 2446 Psalmi:

373 2466 505 2494 Dilexisti
525 2467 671 2495 malitiam
692 2475 780 2503 super
806 2466 1019 2503 beniynitatem.
1048 2482 1087 2486 ——
1108 2465 1215 2499 Tertio,

370 2512 403 2540 ad
425 2521 560 2541 summam
583 2513 786 2550 beniynitatem
809 2513 985 2550 perducere,
1008 2512 1159 2541 secundum
1186 2512 1216 2539 11-

373 2560 417 2588 lud
439 2560 472 2588 ad
495 2560 625 2596 Ephesios
646 2564 746 2597 quarto
761 2561 786 2588 ⁵:
812 2561 903 2588 Estote
932 2560 1055 2588 inuicem
1084 2559 1216 2596 beniqni,

372 2606 589 2640 misericordes,
612 2608 750 2635 donantes
776 2608 915 2641 z'nm'eem,
937 2607 1013 2634 sicut
1041 2610 1065 2634 et
1089 2606 1164 2634 Deus
1186 2606 1217 2634 in

373 2652 486 2681 Clo-isto
508 2654 627 2681 (leuauit
648 2654 735 2682 vobis.
752 2654 789 2682 Ad
805 2654 855 2682 hoc
871 2654 944 2682 enim
959 2654 1033 2682 Deus
1051 2653 1215 2682 beneficium

371 2700 421 2728 hoc
444 2708 478 2728 ex
501 2700 667 2737 benignitate
689 2700 762 2729 dedit
784 2704 811 2729 et
825 2701 1019 2737 benignitatem
1043 2700 1068 2728 in
1084 2700 1217 2729 beneficio

434 2864 441 2877 ¹
460 2866 541 2888 Psalm.
559 2866 596 2893 50,
613 2867 650 2888 20.
667 2873 728 2895 seq.;
746 2867 851 2895 sequitur
869 2867 936 2889 Hebr.
959 2868 992 2893 10,
1010 2867 1031 2889 5.
1050 2868 1094 2895 (Ρ5.
1112 2867 1149 2895 39,
1166 2866 1205 2895 7.).

433 2904 441 2916 ²
461 2905 540 2927 Psalm.
560 2906 596 2931 (38,
619 2906 651 2927 17.

433 2943 442 2955 ³
462 2945 525 2966 Vei-s.
544 2944 570 2972 si:
588 2948 716 2973 sequuntur
734 2946 768 2967 Ps.
786 2945 822 2972 61,
845 2946 877 2967 12.
895 2948 917 2967 et
934 2946 1007 2973 Apoc.
1028 2946 1061 2972 ¹⁶2,
1083 2946 1101 2967 1.

435 2983 443 2994 ⁴
461 2983 515 3005 Luc.
537 2984 554 3010 1,
573 2984 614 3010 -28;
632 2984 735 3012 sequitur
754 2984 788 3005 Ps.
806 2984 848 3011 et,
870 2985 903 3006 12.

1268 1949 1464 1986 proprietate,
1481 1949 1722 1986 profhtrldissima
1738 1949 1897 1984 localitate,
1914 1950 2120 1988 irriyuissima

1270 1994 1452 2033 fo'iicalitate,
1474 1995 1659 2033 fertilissima
1680 1995 1859 2034 fecunditate
1874 1997 1894 2031 ⁷,
1918 1997 1955 2025 ita
1975 1997 2048 2034 quod
2065 2005 2121 2026 uua

1271 2044 1387 2072 istarum
1411 2043 1612 2080 proprietatum
1634 2051 1718 2072 causa
1738 2046 1780 2072 est
1794 2046 1821 2072 et
1836 2044 1905 2072 ratio
1920 2044 2042 2073 alterius.
2060 2044 2120 2073 ldeo

1271 2090 1344 2119 euim
1374 2093 1448 2118 terra
1478 2092 1519 2118 est
1546 2089 1643 2118 fertilis
1665 2093 1692 2118 et
1722 2089 1868 2127 fecunda,
1890 2090 1956 2127 quia
1980 2090 2120 2128 irri9ua;

1273 2137 1332 2165 ideo
1353 2137 1475 2173 irrigua,
1497 2136 1563 2173 quia
1581 2135 1738 2173 profunda
1759 2139 1786 2165 et
1807 2137 1832 2165 in
1856 2137 1910 2165 imo
1931 2137 2070 2171 sita3ideo
2093 2138 2120 2166 in

1274 2183 1368 2212 infimo
1390 2183 1448 2211 loco
1470 2183 1534 2216 sita,
1557 2183 1622 2219 quia
1643 2184 1764 2212 maxime
1786 2184 1877 2212 arida
1904 2188 1932 2213 et
1959 2192 2051 2221 opaca.
2075 2185 2120 2213 His

1272 2234 1365 2259 autem
1387 2230 1603 2267 correspondent
1625 2235 1745 2267 quatuor
1774 2232 1943 2260 conditiones
1971 2231 2120 2260 nobilitatis

1273 2278 1299 2305 in
1322 2281 1403 2305 terra
1431 2281 1549 2310 nostra,
1579 2277 1682 2306 scilicet
1710 2278 1866 2307 beatissima
1887 2278 1999 2315 Virgine
2019 2279 2119 2313 Maria,

1274 2324 1399 2352 videlicet
1420 2324 1602 2360 incorruptio
1624 2324 1775 2361 virginea,
1793 2324 1930 2353 subiectio
1951 2325 2120 2354 reverentis-

1273 2371 1369 2404 sima,
1390 2370 1586 2407 &luctificatio
1604 2370 1743 2408 plenaria
1772 2375 1796 2400 et
1824 2372 1969 2409 conceptio
1990 2371 2121 2409 fructuo-

1273 2418 1402 2446 sissima.
1427 2418 1452 2446 ln
1475 2417 1518 2446 his
1546 2418 1644 2454 figuris
1672 2418 1798 2447 similiter
1824 2427 1880 2447 una
1905 2419 2060 2456 proprietas
2081 2419 2122 2447 in-

1274 2466 1394 2494 troducit
1409 2467 1505 2500 aliam;
1528 2474 1590 2494 nam
1614 2466 1786 2502 incorruptio
1801 2474 1837 2494 ex
1852 2469 1930 2502 parte
1945 2466 1987 2494 sui
2002 2466 2122 2503 disponit

1274 2512 1306 2541 ad
1330 2513 1511 2542 reverentiam
1534 2517 1561 2542 et
1589 2513 1788 2541 subiectionem
1814 2515 1941 2549 respectu
1964 2513 2051 2542 Patris
2078 2520 2122 2541 ae-

1275 2560 1355 2593 terni,
1368 2560 1444 2593 haec,
1456 2560 1488 2588 ad
1505 2559 1746 2588 sanctificationem
1762 2559 1880 2596 Spiritus
1895 2559 1990 2593 sancti,
2003 2562 2029 2588 et
2045 2559 2121 2594 haec,

1274 2606 1306 2635 ad
1329 2607 1534 2643 conceptionem
1557 2607 1613 2634 Filii
1637 2606 1693 2635 Dei.

1353 2653 1413 2681 Fuit
1434 2661 1500 2689 ergo
1530 2653 1607 2681 beata
1631 2653 1712 2689 Virgo
1740 2653 1824 2681 Maria
1850 2656 1924 2681 terra
1945 2652 2120 2681 aridissima
2137 2659 2243 2706 {³5:32³ssss

1275 2699 1442 2736 proprietate
1474 2708 1524 2736 pro
1556 2699 1775 2736 incorruptione
1806 2699 1956 2737 virginea,
1985 2700 2011 2728 in
2040 2699 2120 2728 cuius

1339 2865 1347 2877 ⁵
1365 2867 1431 2888 Vers.
1448 2866 1489 2894 323
1507 2869 1636 2895 sequuntur
1653 2866 1707 2888 Luc.
1724 2866 1745 2892 6,
1763 2866 1799 2888 35.
1818 2869 1840 2888 et
1858 2866 1908 2888 toel.
1927 2866 1948 2893 2,
1970 2866 2002 2887 13.

1338 2904 1347 2918 ⁶
1365 2905 1431 2927 Vers.
1449 2905 1470 2927 4.
1487 2912 1535 2933 seq.

1338 2944 1347 2957 ⁷
1367 2944 1425 2967 Vide
1442 2951 1511 2972 snpra
1531 2951 1584 2972 pag.
1602 2944 1631 2966 ot
1649 2950 1719 2966 serm.
1733 2944 1752 2965 t.
1771 2946 1793 2966 et
1810 2944 1832 2966 5.
1845 2944 1866 2965 in
1881 2943 1961 2971 Vigilia
1981 2944 2029 2966 Nat.
2047 2943 2121 2970 Dour„

1276 2984 1316 3007 ubi
1333 2984 1418 3005 similes
1436 2984 1588 3011 proprietates
1606 2986 1678 3006 terrae
1695 2983 1830 3005 arrei-untur.

2150 2191 2169 2209 ln
2183 2189 2237 2209 Mai-in

2138 2213 2243 2238 respondent

2154 2239 2236 2264 quatuor·

2136 2261 2243 2285 praerogan-
