2243 3348
295 393 371 412 Divisio.

251 674 334 697 Quatuor
346 672 370 690 de

243 696 327 715 membro
334 695 372 719 pri-

243 725 279 738 ino.

241 905 292 927 Item,
305 904 328 923 de
340 909 369 923 se-

270 929 338 947 cundo.

264 1091 322 1118 ltem,⁴
333 1091 356 1110 de

280 1117 342 1133 tertio.

258 1746 363 1765 Prothema.

390 261 448 291 314

467 341 524 369 Sub
545 340 704 368 reductione
725 338 802 375 quasi
824 337 968 366 cuiusdam
986 335 1082 365 circuli
1105 335 1231 371 intelligi-

388 387 451 415 bilis
470 386 601 415 describit
622 386 666 414 hic
687 385 813 413 Christus
834 391 916 412 suum
937 390 1086 420 egressam
1107 390 1126 409 a
1142 382 1232 409 Patre

388 441 438 470 per
468 437 606 462 aeternam
638 431 858 468 generationem,
886 437 968 457 suum
1001 429 1167 465 ingyressum
1200 429 1231 456 in

387 480 532 509 mundum
554 487 602 516 per
623 478 714 507 carnis
739 477 951 509 assumtionem,
979 483 1061 504 suum
1084 475 1230 503 decessum

387 528 420 555 de
440 526 549 554 mundo
571 533 620 561 per
648 524 738 552 crucis
767 523 936 559 passionem,
958 530 1041 550 suum
1064 529 1228 558 reyressum

387 572 427 600 aa
446 571 557 599 eaelum
580 578 628 606 per
650 569 882 598 resurrectionem
903 571 930 596 et
954 568 1150 596 ascensionem.

467 619 481 645 l.
504 618 642 653 Quantum
665 623 730 652 ergo
751 615 784 643 ad
805 615 926 651 primum
942 614 1022 642 dicit:
1040 614 1126 642 Exivi
1140 622 1159 642 α
1176 614 1230 642 Ρα-

386 668 428 692 tre
448 667 479 691 ut
500 663 597 700 imago
620 665 798 699 paternorum
814 661 965 694 bonorum,
988 663 1019 688 ut
1034 660 1085 688 laec
1105 660 1229 688 omnium

385 710 565 739 scientiarum
586 713 613 737 et
634 708 786 741 luminum,
808 711 839 735 ut
859 707 979 735 verbam
995 708 1004 723 ¹
1035 707 1228 735 universarum

386 757 523 785 rationum
548 756 715 789 viventium,
737 758 768 783 ut
795 755 891 782 virtus
918 753 1041 782 omnium
1063 754 1228 790 Angelorum

385 807 412 832 et
434 803 584 832 hominum.

464 850 491 877 ll.
521 850 659 886 Quantum
688 849 722 877 ad
750 848 902 877 secundum
931 847 1039 876 subdit:
1066 852 1091 875 et
1112 847 1178 875 veni
1199 847 1229 876 em

384 897 528 925 mundum
550 899 582 925 ut
602 896 706 933 regula
728 896 798 924 vitae
818 898 959 928 aeternae,
981 896 1012 923 ut
1033 894 1169 922 electrina
1190 902 1230 922 sa—

385 944 502 980 pientiae
524 943 740 980 supercaeHcae,
762 946 793 970 ut
813 940 914 978 forma
942 941 1061 969 iustitiae
1082 941 1228 975 emeritae,

385 994 417 1019 ut
437 998 508 1018 rosa
529 990 674 1026 patientiae
696 989 854 1018 indefessae.

465 1037 504 1065 tlt.
526 1037 664 1072 Quantum
687 1036 720 1064 ad
736 1036 847 1064 tertium
869 1035 958 1063 addit:
974 1035 1081 1063 iterum
1097 1034 1228 1073 relinquo

385 1085 528 1113 mandam
551 1087 581 1112 ut
602 1083 744 1120 exemplar
765 1083 930 1119 sequacibus
958 1082 1026 1110 meis
1054 1081 1228 1118 relinquendi

384 1131 537 1159 mundiales
557 1130 765 1167 possessiones,
787 1137 857 1166 quae
881 1129 998 1157 reddunt
1017 1129 1157 1157 hominem
1180 1136 1228 1157 cu—

385 1178 494 1214 pidum2
524 1181 549 1206 et
582 1178 620 1206 sic
649 1177 716 1205 fiant
743 1184 879 1213 pauperes
907 1177 977 1205 sicut
1006 1184 1071 1213 ego:
1100 1176 1227 1204 Matthaei

1053 258 1225 286 SERMONES
1247 258 1289 285 DE
1311 257 1474 285 TEMPORE.

1289 334 1394 363 decimo
1416 342 1488 362 nouo
1504 336 1529 361 ²:
1553 335 1636 367 Eece,
1658 343 1711 363 nos
1733 335 1906 373 reliquimus
1927 337 2026 365 onmia
2048 340 2071 365 et
2096 345 2136 365 se-

1289 380 1349 407 catz'
1368 388 1473 408 sumas
1496 384 1537 412 te,-
1555 380 1627 418 quit(
1647 389 1716 417 eryo
1736 381 1791 408 erit
1805 381 1908 409 nobis?
1925 398 1959 402 -—
1983 382 2133 411 Mundiales

1288 426 1510 460 distractiones,
1531 435 1602 463 quae
1624 427 1744 455 reddunt
1765 428 1903 456 hominem
1926 429 2083 462 curiosum;
2106 432 2133 457 et

1288 473 1326 500 sic
1348 472 1415 500 fiant
1435 473 1573 509 simplices
1594 473 1666 501 sicut
1686 481 1750 510 eg·0;
1775 474 1902 503 lereiuiae
1923 474 2134 511 quadragesimo

1287 523 1399 548 octavo:
1426 520 1585 557 Retiozquz'te
1609 520 1739 549 civitates
1767 524 1790 549 et
1818 519 1946 549 habitate
1974 521 2005 549 in
2030 525 2132 558 petra,

1286 565 1465 594 habitatores
1486 566 1587 600 Moab,
1609 571 1633 594 e!
1654 571 1739 595 estote
1766 568 1854 605 quasi
1880 567 2014 596 ootmnba
2035 568 2133 605 nidifi-

1287 621 1359 641 cans
1380 613 1411 641 7522
1431 621 1546 641 summo
1568 622 1617 641 ore
1637 612 1806 651 foraminis.
1827 631 1866 635 —
1886 614 2037 643 Mundiales
2061 614 2132 643 oble-

1286 660 1440 693 ecationeS,
1463 668 1535 696 quae
1556 660 1676 688 reddunt
1697 661 1835 689 hominem
1864 661 2010 695 lascivum;
2040 665 2066 690 et
2094 662 2132 690 sic

1287 706 1354 735 fiant
1374 706 1477 735 austeri
1500 707 1572 735 sicut
1592 715 1656 743 ego;
1680 707 1792 736 Genesis
1813 708 1955 745 trigesimo
1982 716 2069 737 nouo:
2093 708 2132 737 lo-

1287 754 1364 789 seph,
1387 753 1484 781 relicto
1505 753 1536 782 in
1557 762 1650 781 ‘manu
1665 754 1727 782 eius
1739 754 1840 790 pallio,
1855 754 1933 792 fuyit
1954 758 1978 783 et
1998 764 2132 792 egressas

1287 804 1326 827 est
1340 799 1434 837 foras.
1451 817 1488 820 -—
1503 800 1653 828 Mundiales
1668 801 1905 835 eonsuetudines,
1927 809 1998 838 quae
2013 801 2131 830 reddunt

1287 847 1425 875 bominem
1449 847 1696 883 indisciplinatum;
1712 850 1739 875 et
1753 848 1791 876 sic
1806 848 1873 876 fiant
1887 849 2044 885 morigerati
2060 849 2132 877 sicut

1286 901 1351 930 ego3
1375 893 1587 922 Proverhiorum
1609 902 1682 922 nono
1697 894 1723 922 ⁸:
1746 894 1906 932 Relinquite
1927 894 2089 932 infantiam
2106 900 2132 924 et

1285 940 1371 968 vivite
1391 945 1416 968 et
1437 940 1585 969 ambulate
1604 949 1657 977 per
1678 941 1743 969 vias
1761 942 1946 978 prudentiae.

1366 987 1406 1015 tv.
1429 988 1569 1024 Quantum
1586 987 1618 1016 ad
1634 991 1765 1024 quartum
1782 988 1934 1017 subnectit:
1956 992 1980 1017 et
2001 989 2076 1017 vasto
2091 989 2131 1018 ad

1285 1034 1423 1067 Patrem,
1447 1038 1477 1062 ut
1499 1037 1525 1062 et
1545 1034 1638 1063 fideles
1660 1035 1710 1063 mei
1729 1035 1827 1063 vadant
1849 1035 1973 1063 similiter
1995 1043 2044 1072 per
2060 1036 2130 1064 viam

1282 1082 1379 1118 precis
1403 1089 1516 1110 sursum
1537 1082 1655 1118 agentis,
1678 1090 1727 1118 per
1748 1082 1820 1110 viam
1843 1082 1928 1119 pacis
1952 1082 2130 1117 stabilientis‚

1286 1136 1335 1165 per
1356 1129 1427 1156 viam
1444 1128 1517 1156 lacis
1539 1129 1707 1162 serenantis,
1724 1137 1772 1165 per
1788 1129 1858 1157 viam
1874 1129 1974 1157 laudis
1994 1137 2130 1166 superex-

1285 1176 1403 1204 altantis.

1056 1303 1087 1331 lN
1108 1302 1307 1331 ASCENSIONE
1331 1302 1454 1330 DOMlNl.

726 1416 817 1443 Sanno
840 1415 845 1442 l
859 1416 878 1442 ⁴,

452 1509 536 1534 Sermo
554 1510 579 1533 iu
599 1509 748 1533 Asceusione
768 1509 865 1534 Domini
884 1508 983 1533 Fratris
1003 1509 1179 1534 Bouefortuue.

462 1602 549 1629 Eaez'uz'
568 1610 587 1629 a
610 1602 700 1630 Patre
719 1605 745 1629 et
766 1602 831 1629 veni
858 1602 889 1630 ivn
921 1601 1064 1630 mandam
1095 1606 1119 1629 et
1150 1602 1226 1630 vaslo

382 1649 422 1677 ad
443 1649 560 1676 Patrem
574 1649 593 1676 ⁵.

459 1695 636 1731 (Prothema).
661 1695 814 1732 Accipietis
835 1695 971 1723 virtutem
997 1696 1227 1732 supervenientis

381 1742 511 1779 Spiritus
530 1743 628 1770 sancti
647 1743 676 1770 iu
701 1751 764 1776 003,
785 1746 810 1770 ec
831 1742 913 1770 eritis
934 1742 1008 1771 mz'liz'
1029 1746 1108 1771 testes
1130 1743 1161 1770 in
1183 1743 1226 1771 Ie-

380 1789 508 1817 rusalem
530 1792 556 1816 et
576 1789 607 1816 in
629 1789 710 1817 omui
729 1788 843 1817 Iudaea
864 1793 889 1817 ec
917 1789 1061 1817 Samaria
1089 1794 1115 1817 ec
1135 1798 1226 1827 usque

380 1837 420 1864 ad
441 1836 577 1864 ultimum
600 1839 704 1864 terrae.
728 1836 817 1864 Verba
849 1836 945 1864 ultima
977 1839 1042 1864 sunt
1073 1837 1176 1873 scripta
1198 1836 1224 1864 in

380 1884 491 1912 Actibus
512 1883 704 1920 Apostolorum
714 1883 726 1899 ⁶
748 1886 776 1911 et
792 1886 859 1911 sunt
873 1883 1021 1911 Salvatoris
1036 1883 1121 1911 nostri
1137 1883 1169 1911 ad
1185 1883 1226 1912 di-

381 1930 501 1967 scipulos
532 1930 677 1967 loquentis.
711 1930 833 1963 Dicitur,
855 1930 928 1967 quod
957 1930 1067 1967 quando
1098 1930 1226 1959 Christus

382 1977 468 2005 voluit
489 1977 637 2005 ascendere
659 1977 685 2004 in
708 1977 831 2010 caelum,
853 1980 919 2005 tunc
940 1977 1074 2005 dixerunt
1089 1978 1224 2014 Apostoli:

384 2024 519 2058 Domine,
547 2024 594 2052 die
619 2023 718 2051 nobis.-
747 2023 774 2050 sz·
801 2023 832 2051 2‘72
864 2028 988 2060 tempore
1019 2023 1071 2052 ltoc
1092 2025 1225 2053 restitues

381 2079 504 2107 regnum
527 2070 644 2099 lsrael?
665 2074 692 2099 et
713 2070 783 2098 dixit
799 2071 947 2099 Dominus:
964 2071 1028 2099 Non
1043 2075 1082 2099 est
1097 2076 1223 2100 vestram

381 2125 464 2145 nosse
485 2121 614 2153 tempora
636 2117 679 2145 vel
698 2120 859 2151 momenta,
875 2125 950 2154 quae
974 2118 1061 2145 Pater
1079 2118 1178 2154 posuit
1193 2119 1224 2146 in

381 2173 438 2192 saa
457 2168 612 2201 potescale;
633 2164 711 2200 quasi
742 2164 862 2192 diceret:
885 2165 960 2198 nolo,
987 2165 1060 2201 quod
1086 2165 1145 2193 sitis
1176 2173 1224 2194 cu-

381 2211 445 2240 riosi
470 2211 691 2248 investigatores,
714 2212 778 2248 quia
800 2212 867 2240 haec
888 2220 941 2240 non
963 2216 1004 2241 est
1027 2213 1069 2240 via
1085 2213 1224 2249 praedica-

381 2261 473 2286 torum
501 2258 639 2292 veritatis3
667 2258 717 2286 sed
748 2258 896 2294 accipietis
924 2259 1059 2287 virtutem
1088 2268 1224 2296 superve-

379 2305 485 2333 aientis
506 2305 639 2342 Spiritus
666 2305 763 2333 saneti
790 2305 821 2333 in
843 2314 892 2333 vos
920 2309 947 2334 et
972 2306 1153 2342 perhibebitis
1185 2310 1224 2335 te-

380 2352 538 2380 stimonium
561 2352 677 2381 veritati.
699 2353 769 2381 Haec-
790 2356 830 2381 est
851 2352 975 2381 doctrina
989 2353 1100 2382 Christi.
1116 2354 1223 2382 Utinam

380 2407 429 2427 nos
450 2399 518 2427 nihil
539 2399 679 2428 curiosum
694 2407 911 2436 quaereremus,
926 2400 972 2428 sed
989 2400 1077 2428 solum
1093 2400 1223 2434 salutare,

380 2446 483 2474 scilicet
503 2446 575 2483 quod
599 2446 719 2475 infusum
742 2450 782 2475 est
804 2455 819 2475 a
840 2447 946 2483 Spiritu
968 2451 1070 2475 sancto.
1093 2448 1155 2481 Nos,
1175 2448 1222 2484 qui

382 2493 563 2521 testificamur
586 2493 767 2530 praedicando
790 2494 931 2522 veritatem
962 2495 1058 2522 salutis
1079 2498 1223 2529 aeternae,

381 2539 575 2567 confirmemus
597 2540 669 2576 quod
691 2539 808 2568 dicimus
830 2548 879 2576 per
904 2548 997 2569 sacras
1018 2541 1176 2577 Scripturas
1197 2544 1223 2569 et

381 2593 430 2621 per
451 2585 637 2614 attestationes
665 2589 824 2614 sanctorum
856 2586 983 2620 Petrum,
1006 2594 1059 2614 non
1091 2586 1223 2615 dehemus

381 2639 515 2667 quaerere
530 2632 581 2660 nisi
596 2632 669 2669 quod
691 2632 837 2661 confirmet
858 2633 1012 2661 veritatem.
1028 2633 1095 2661 Male
1111 2633 1222 2670 loquor,

381 2678 431 2706 nisi
453 2678 571 2714 Spiritus
592 2682 703 2707 sanctus
724 2679 759 2706 sit
779 2679 806 2707 in
831 2687 887 2712 me,
910 2682 937 2707 et
959 2687 1007 2708 vos
1029 2680 1099 2708 male
1112 2680 1222 2713 auditis,

380 2725 431 2753 nisi
453 2725 572 2760 Spiritus
592 2728 704 2754 sanctus
725 2726 830 2762 aperiat
853 2726 929 2754 vobis
959 2734 1050 2755 aures.
1072 2727 1144 2754 Artis
1174 2735 1223 2755 no-

1284 1417 1357 1442 strae
1379 1414 1531 1450 suppositio
1553 1417 1608 1446 est,
1631 1414 1705 1450 quod
1726 1414 1844 1450 Spiritus
1872 1416 1984 1443 sanctus
2006 1415 2129 1451 loquitur

1284 1461 1310 1488 in
1332 1460 1427 1494 nobis,
1449 1463 1476 1489 et
1496 1460 1569 1497 quod
1593 1461 1649 1497 ipse
1668 1460 1833 1489 locutionem
1850 1464 1971 1489 nostram
1986 1461 2067 1490 saciat
2080 1469 2130 1490 au-

1283 1508 1404 1536 dibilem.
1428 1508 1495 1535 Mira
1524 1508 1678 1536 humiliatio
1710 1508 1881 1544 loquentium
1911 1512 1937 1537 et
1959 1508 2128 1537 audientium

1283 1562 1343 1582 esse
1364 1554 1459 1587 debet,
1482 1554 1555 1590 quod
1577 1554 1645 1582 nihil
1677 1554 1727 1582 nisi
1761 1561 1809 1590 per
1841 1554 1973 1590 Spiritum
2003 1558 2128 1583 sanctum

1283 1601 1394 1629 scimus
1417 1601 1531 1637 Oportet
1554 1601 1656 1637 igitur,
1679 1601 1751 1637 quod
1776 1605 1902 1637 petamus
1917 1609 1932 1629 a
1947 1601 2055 1637 Spiritu
2066 1609 2128 1630 san-

1283 1653 1326 1677 cto
1347 1648 1506 1681 scientiam,
1528 1649 1592 1685 quia
1615 1648 1725 1681 cuniis,
1747 1648 1800 1686 qui
1816 1648 1903 1684 petit,
1926 1648 2031 1685 accipit
2047 1648 2075 1681 ⁷,·
2103 1651 2129 1677 et

1284 1699 1392 1732 tempus
1414 1696 1588 1732 rogationum
1610 1698 1651 1724 est
1674 1695 1769 1723 modo:
1791 1695 1851 1723 ideo
1879 1695 1905 1723 in
1927 1695 2064 1732 principio
2085 1703 2129 1724 ro-

1282 1741 1410 1778 gabimus
1431 1742 1578 1770 Dominum
1601 1745 1652 1770 etc.

1363 1789 1450 1816 Exivi
1470 1797 1489 1816 a
1513 1789 1602 1816 Patre
1623 1792 1674 1817 etc.

1360 1835 1451 1864 Verba
1476 1835 1528 1864 ista
1558 1839 1623 1864 sunt
1654 1836 1762 1864 Domini
1792 1836 1940 1865 Salvatoris
1972 1837 2057 1865 nostri
2090 1837 2129 1865 lo-

1282 1882 1393 1919 quentis
1413 1882 1447 1911 de
1468 1890 1518 1911 sua
1539 1883 1714 1917 ascensione,
1737 1886 1763 1911 et
1791 1883 1906 1920 ipsemet
1930 1883 2062 1912 describit
2081 1892 2128 1912 no-

1282 1929 1324 1958 bis
1339 1930 1390 1958 iter
1406 1937 1498 1958 suum.
1514 1930 1611 1958 Nullus
1633 1930 1731 1958 melius
1752 1930 1842 1966 potuit
1857 1930 1946 1967 ipsum
1962 1930 2127 1965 describere,

1282 1984 1365 2013 quam
1388 1977 1446 2013 ipse
1467 1977 1514 2013 qui
1537 1977 1617 2005 scivit
1638 1985 1710 2005 eum.
1734 1977 1848 2005 Difficile
1869 1980 1911 2005 est
1932 1977 2015 2005 istum
2037 1985 2129 2006 ascen-

1282 2030 1343 2051 sum
1371 2023 1529 2052 describere
1562 2023 1663 2051 homini
1697 2024 1824 2057 mortali,
1856 2023 1930 2052 unde
1961 2023 2127 2052 Salomon⁶:

1289 2070 1361 2098 Tria
1371 2074 1441 2098 Sanc
1452 2069 1525 2098 milti
1536 2070 1678 2108 difficilia,
1691 2074 1715 2098 el
1726 2074 1868 2108 quartam
1877 2070 1993 2107 penitus
2009 2071 2127 2108 iynoro:

1281 2117 1362 2145 viam
1383 2117 1501 2154 aquitae
1522 2118 1553 2145 in
1567 2117 1661 2150 eaelo,
1679 2117 1758 2145 uia-m
1773 2117 1887 2145 colubri
1899 2125 1989 2154 saper
2000 2122 2127 2154 petram,

1280 2164 1358 2192 viam
1381 2164 1467 2192 nattis
1490 2164 1519 2192 iu
1542 2164 1634 2192 medio
1655 2164 1737 2192 mari
1756 2168 1780 2192 et
1808 2164 1887 2193 viam
1912 2164 1973 2193 viri
1999 2165 2030 2193 in
2058 2165 2129 2193 ado-

1282 2210 1424 2239 lescentia..
1453 2211 1478 2238 Si
1510 2211 1672 2247 loqueretur
1701 2211 1853 2239 secundum
1882 2211 2127 2240 considerationem

1281 2258 1467 2292 exteriorem,
1490 2265 1542 2286 non
1565 2261 1637 2286 esset
1659 2259 1789 2295 maguum
1806 2258 1857 2286 ista
1870 2258 1979 2292 videre,
1998 2258 2064 2294 quia
2077 2259 2128 2286 via

1280 2304 1398 2342 aquilae
1419 2305 1450 2332 in
1471 2304 1549 2333 eaelo
1570 2308 1611 2333 est
1632 2305 1704 2333 sicut
1727 2305 1769 2333 via
1791 2305 1910 2342 passeris
1931 2305 1958 2333 in
1979 2306 2058 2339 aere3
2075 2305 2128 2333 vz'a

1281 2351 1396 2380 colubri
1414 2360 1503 2389 super
1532 2356 1648 2389 petram
1680 2356 1721 2381 est
1751 2352 1823 2380 sicut
1850 2352 1894 2380 via
1925 2352 2045 2389 reptilis;
2077 2359 2127 2380 nec

1281 2398 1314 2426 de
1335 2398 1385 2427 via
1405 2399 1492 2427 navis
1513 2403 1554 2427 est
1574 2399 1685 2427 difficile
1706 2399 1807 2428 videre.
1830 2399 1880 2428 Sed
1902 2399 1962 2428 vult
1982 2398 2127 2427 ostendere

1282 2446 1447 2473 resolutorie
1470 2446 1566 2480 modo,
1588 2446 1661 2483 quod
1683 2447 1736 2474 tria
1761 2446 1883 2475 difficilia
1904 2450 1983 2480 sunt,
2005 2446 2126 2475 difficilia

1280 2492 1313 2520 ad
1336 2492 1582 2527 considerandum,
1599 2494 1702 2522 scilicet
1717 2493 1879 2530 mysterium
1896 2493 2124 2527 iucarnationis,

1281 2540 1443 2575 mysterium
1462 2541 1630 2577 passionis,
1660 2541 1822 2577 mysterium
1853 2540 2058 2577 redempcionis
2079 2548 2125 2577 ge-

1281 2587 1354 2615 neris
1369 2587 1491 2615 humani.
1515 2588 1545 2616 Et
1570 2588 1704 2616 transitus
1728 2588 1828 2616 Christi
1854 2588 1880 2616 in
1909 2587 1999 2616 medio
2024 2587 2126 2624 passio—

1280 2641 1360 2667 num,
1382 2638 1414 2662 ut
1435 2634 1643 2671 superferretur
1666 2635 1853 2671 passionibus,
1875 2638 1916 2663 est
1936 2634 1986 2663 via
2002 2633 2123 2663 colubri.

1279 2680 1398 2709 Coluber
1423 2685 1512 2709 mutat
1539 2682 1637 2718 pellem
1670 2690 1754 2719 super
1782 2685 1905 2718 petram,
1933 2681 1971 2710 ita
1998 2681 2125 2710 Christus

1280 2728 1305 2755 in
1329 2735 1411 2756 carne
1433 2729 1560 2757 transivit
1582 2737 1597 2757 a
1626 2729 1793 2757 mortalitate
1820 2728 1853 2757 ad
1881 2728 2123 2757 immortalitatem.

442 2890 449 2902 ¹
468 2891 524 2913 Cotl.
542 2891 559 2913 A
577 2891 645 2913 nabet
662 2891 756 2914 veritas.

442 2929 451 2942 2
470 2930 533 2952 Vers.
550 2930 591 2957 27;
608 2934 737 2959 sequuntur
755 2932 795 2953 ler.
814 2931 850 2959 48,
868 2932 905 2953 28.
922 2935 944 2954 et
960 2933 1017 2954 Gen.
1031 2933 1072 2961 39,
1091 2933 1128 2954 1l2.

438 2967 447 2980 ³
469 2969 533 2991 Vers.
551 2971 573 2992 6.

441 3007 450 3019 '¹
469 3009 496 3030 Ex
514 3009 566 3031 cod.
584 3008 736 3031 bibliothecae
753 3010 889 3033 Bodleiauae
904 3010 1075 3039 (Asmoleanae)
1096 3011 1177 3033 Oxonii
1200 3012 1222 3033 in

380 3047 458 3075 Auglia
476 3054 497 3069 u.
515 3048 567 3070 757.
586 3048 622 3070 sol.
640 3049 692 3075 321,
709 3050 749 3077 qui
766 3050 896 3077 descriptus
913 3053 947 3072 est
963 3050 985 3072 in
1004 3050 1176 3078 Prolegomenis
1192 3050 1221 3072 ad

1281 2896 1336 2916 tom.
1354 2894 1380 2916 V.
1400 2901 1454 2922 pag.
1471 2895 1522 2922 XL,
1540 2895 1552 2923 ’ζ
1571 2896 1591 2917 3.
1611 2895 1656 2918 Csr.
1673 2895 1738 2917 Ratio
1756 2901 1832 2917 novae
1854 2894 1993 2917 collectionis
2010 2898 2051 2916 etc.
2069 2900 2123 2922 pag.

1281 2933 1337 2960 192,
1354 2939 1431 2956 sermo
1450 2935 1485 2956 15.
1919 2932 1929 2945 ⁵
1947 2934 2007 2955 loan.
2024 2933 2066 2960 216,
2084 2934 2122 2955 28.

1342 2971 1351 2984 ⁰
1368 2972 1425 3000 Cap.
1443 2974 1464 3000 l,
1483 2974 1504 2995 8.
1521 2977 1541 2996 el
1560 2974 1612 2996 dein
1631 2981 1652 2996 v.
1671 2975 1691 2996 6.
1709 2974 1730 2996 7.

1342 3010 1350 3023 ⁷
1368 3012 1442 3034 Matth.
1461 3013 1482 3039 7,
1501 3013 1522 3035 8.

1341 3049 1350 3061 Β
1368 3052 1433 3073 l‘rov.
1446 3052 1482 3079 30,
1496 3052 1533 3074 ¹18.
1545 3058 1593 3081 seq.
1605 3064 1636 3069 -
1648 3052 1693 3075 Csr.
1703 3052 1781 3075 Collat.
1794 3052 1816 3074 iu
1829 3052 1937 3074 Hexae'm.
1948 3052 2022 3074 collat.
2033 3052 2054 3073 8.
2067 3058 2088 3073 n.
2101 3052 2122 3073 6.

2159 996 2211 1020 item,
2227 997 2243 1017 di

2170 1021 2235 1044 quarto

2145 1839 2217 1859 Sermo.

2143 2448 2231 2491 '¹¹³³,fffl
2240 2447 2243 2492 ξ
