2243 3348
252 1705 346 1724 Sermonis

239 1729 359 1748 continuatio,

239 1895 318 1913 §linistri
331 1895 363 1913 Ec-

243 1919 311 1937 clesiae
323 1919 360 1936 siut

250 1942 323 1966 purgati
336 1944 354 1960 et

271 1965 333 1984 colati.

250 1990 276 2008 De
290 1989 356 2012 primo.

252 2082 355 2109 Divisiones

257 2108 351 2124 virtutum.

373 180 428 209 638

370 254 568 286 sacrificiorum
580 254 707 283 iustitiae.
719 251 846 284 Audistis,
857 249 976 287 qualiter
987 247 1134 284 dupliciter
1146 253 1212 282 pur-

370 307 432 340 gata
452 303 504 331 fuit
525 300 677 330 secundum
699 298 841 327 veritatem
867 295 991 324 interius
1012 297 1039 322 et
1059 291 1211 322 secundum

371 347 649 386 repraesentationem
677 343 823 375 exteram
853 344 881 370 et
911 340 1046 377 significat
1073 338 1211 374 duplicem

370 394 561 432 purgationem
581 390 780 420 ecclesiasticae
809 387 997 420 hierarchiae,
1018 393 1074 414 una
1093 387 1136 413 est
1162 391 1213 420 per

370 440 486 478 gratiam
502 436 712 475 baptismalem,
727 435 780 463 alia
794 437 835 463 est
856 441 905 470 per
923 430 1172 469 poenitentialem;
1186 432 1214 458 et

371 485 521 516 secundum
546 483 678 519 triplicem
694 481 894 518 purgationem,
916 486 987 515 quae
1001 477 1164 513 intelligitur
1186 475 1213 504 in

371 532 482 568 Virgine
502 530 635 567 gloriosa:
657 528 684 556 in
706 529 842 564 quantum
871 525 926 554 fuit
945 527 1094 561 purgata,
1117 522 1215 551 habuit-

370 578 486 616 gratiam
507 576 716 613 purificantem
738 574 766 602 in
787 575 921 609 qnantum
954 571 1007 599 fuit
1028 569 1213 602 illuminata,

371 624 468 654 habuit
498 622 613 659 gratiani
646 620 862 653 illuminantem,
893 618 967 647 etin
1000 619 1135 653 quantum
1163 615 1215 643 fnit

369 669 517 707 perfecta,
539 667 636 696 habuit
651 666 766 703 gratiam
782 665 978 701 perficientem.
994 663 1069 692 Unde
1091 662 1149 698 ipsa
1163 661 1215 690 fuit

370 715 527 754 purgatrix,
550 713 732 742 illuminatrix
747 715 775 741 et
795 710 961 748 perfectrix,
982 713 1060 738 etex
1076 709 1128 737 hoc
1149 708 1215 737 dici-

371 767 417 792 tur
437 762 519 790 stella
539 760 650 793 maris,
678 767 762 796 quam
790 758 895 787 stellam
924 756 1002 793 sequi
1029 756 1163 784 debemus
1184 757 1216 783 ut

368 813 546 846 pua-yantent
567 815 616 844 per
643 806 776 843 gemitum
801 803 1020 840 compunctionis
1040 810 1167 836 amarae,
1189 805 1216 831 et

371 855 583 885 illuminantmn
604 861 653 890 per
679 852 801 881 studium
831 851 955 879 veritatis
982 850 1167 884 illuminatae,
1189 852 1216 878 et

370 903 502 931 dehemus
532 901 618 937 ipsam
650 899 727 936 sequi
759 898 840 926 tertio
868 900 900 926 ut
930 897 1036 926 stellam
1066 896 1216 934 perficien-

372 952 425 977 tem
446 956 495 984 per
517 950 611 975 votum
634 945 815 982 perfectionis.
845 944 898 972 Hoc
923 947 964 972 est
992 943 1132 977 triduum,
1161 951 1217 980 quo

372 995 524 1027 celebrato,
540 992 679 1021 invenitur
694 991 821 1020 Christus
835 991 862 1018 in
883 990 999 1027 templo,
1021 990 1093 1019 sicut
1114 990 1219 1018 invenit

372 1049 435 1070 eum
458 1040 566 1069 Simeon
591 1039 619 1067 in
648 1038 764 1074 templo,
793 1037 904 1074 quando
932 1037 1052 1066 cantavit
1079 1037 1218 1065 canticum

373 1095 454 1116 suum
470 1088 490 1120 ¹,
512 1086 629 1115 scilicet:
652 1084 738 1113 Nunc
759 1084 882 1113 dimittis
902 1092 1019 1112 seruum
1042 1087 1136 1117 tuum,
1164 1083 1218 1112 Do-

373 1134 448 1162 mine
469 1136 519 1161 etc.
542 1132 611 1168 Quia
633 1131 684 1159 fuit
713 1130 876 1167 purgatrix,
900 1130 959 1159 ideo
981 1133 1060 1159 vocat
1081 1138 1141 1159 eam
1170 1138 1218 1158 sa-

374 1180 468 1208 lutare
489 1180 516 1208 in
538 1179 648 1207 Cantico
669 1186 735 1212 suo,
757 1177 865 1206 dicens:
886 1177 964 1213 Quia
986 1177 1122 1206 viderunt
1143 1176 1220 1205 oculi

372 1227 428 1256 mei·
445 1227 577 1255 salutare
592 1230 694 1258 tuum,-
710 1225 776 1262 quia
790 1225 842 1254 fuit
856 1224 1050 1259 illuminatrix,
1066 1224 1126 1253 ideo
1142 1227 1220 1253 vocat

373 1282 432 1303 eam
455 1274 551 1302 lumen
573 1273 612 1301 ud
626 1272 828 1300 revelationem
841 1272 989 1309 yentiztm,·
1003 1272 1069 1308 quia
1086 1271 1138 1300 fuit
1157 1279 1219 1308 per-

373 1320 472 1350 fectrix
482 1342 489 1353 ,
510 1319 571 1348 ideo
592 1322 707 1347 vocatur
727 1318 825 1355 yloria
837 1318 938 1355 plebis.
953 1318 1082 1347 Diximus
1097 1318 1124 1346 in
1139 1325 1219 1346 mane

373 1367 407 1396 de
419 1366 611 1404 puryattone,
627 1365 707 1394 modo
728 1365 851 1394 dicemus
872 1365 905 1394 de
925 1365 1069 1402 puritate,
1085 1373 1156 1401 qnae
1172 1364 1219 1393 de-

374 1414 420 1443 het
440 1421 499 1442 esse
520 1413 547 1441 in
570 1413 702 1441 ministris
724 1412 866 1441 Ecclesiae.
887 1413 1000 1449 Semper
1021 1420 1117 1440 omnes
1138 1411 1220 1440 dehe-

375 1469 437 1489 mus
458 1468 516 1489 esse
533 1459 604 1496 puri,
620 1460 685 1496 quia
698 1467 794 1488 omnes
808 1467 906 1488 snmus
921 1459 1021 1488 clerici.
1039 1459 1076 1487 De
1090 1459 1220 1496 puritate

374 1512 399 1536 et
416 1507 511 1535 ltostiu
524 1507 662 1540 dicemus,
684 1514 768 1543 quam
790 1506 926 1540 oss'eretis,
948 1506 1059 1542 quando
1080 1505 1157 1534 eritis
1178 1513 1220 1534 sa-

374 1555 505 1584 cerdotes.
529 1554 694 1590 Rogabimus
715 1554 742 1582 in
764 1553 899 1590 principio
920 1556 971 1582 etc.

454 1600 601 1642 Putyabit
619 1600 694 1637 filios
715 1600 783 1629 Levi
803 1604 854 1629 etc.

453 1648 528 1676 Sicut
555 1655 699 1684 coeperam
728 1647 836 1681 dicere,
860 1648 887 1676 in
916 1647 1080 1684 purgatione
1103 1647 1222 1684 Virginis

375 1695 508 1732 gloriosae
530 1699 570 1723 est
592 1695 736 1731 exemplar
757 1695 930 1731 purgationis
951 1695 1124 1723 hierarchiae
1139 1695 1222 1723 eccle-

375 1742 513 1776 siasticae,
535 1745 561 1770 et
583 1742 641 1778 ipsa
662 1744 704 1770 est
724 1741 873 1778 exemplar
890 1742 1034 1778 puritatis
1050 1741 1223 1770 hierarchiae

375 1788 580 1817 ecclesiasticae.
605 1788 753 1817 l'uritatem
770 1797 845 1822 vero,
867 1796 938 1825 qnae
952 1789 1034 1817 debet
1049 1796 1108 1817 esse
1123 1789 1154 1816 in
1168 1787 1223 1815 mi-

375 1835 477 1863 nistris
494 1835 645 1869 Ecclesiae,
661 1835 790 1872 explicat,
806 1843 869 1864 cnm
884 1835 964 1864 dicit:
987 1834 1134 1871 Puryabil
1147 1834 1223 1871 filios

377 1882 443 1910 Leni
463 1886 487 1909 et
509 1882 612 1910 colabit
633 1886 684 1911 etc.
704 1882 807 1911 Omnes
827 1882 945 1911 ministri
970 1882 1103 1911 Ecclesiae
1124 1882 1224 1910 debent

377 1937 435 1958 esse
454 1930 578 1967 purgati
599 1933 626 1958 et
647 1929 742 1958 eotcttz'.
765 1929 869 1958 Verum
891 1932 948 1963 est,
970 1929 1044 1966 quod
1059 1930 1143 1966 Virgo
1167 1929 1224 1966 glo-

378 1977 450 2006 riosa
472 1977 618 2014 purissima
633 1977 685 2005 snit
700 1979 727 2005 et
741 1977 885 2013 exemplar
901 1977 1039 2013 puritatis,
1054 1984 1126 2013 quae
1144 1976 1225 2005 debet

378 2032 436 2053 esse
452 2024 478 2052 in
494 2024 626 2052 ministris
642 2024 783 2052 Ecclesiae.
796 2024 828 2052 Et
840 2024 891 2052 t'uit
906 2024 932 2052 in
948 2032 980 2052 ea
995 2024 1101 2060 puritas
1117 2031 1226 2051 summa.

378 2075 491 2108 propter
506 2071 697 2099 excellentiam
712 2071 863 2105 virtutum,
885 2079 969 2108 quam
992 2071 1098 2099 habuit.
1119 2087 1159 2091 ——
1179 2071 1226 2099 Se-

379 2118 500 2147 cundum
523 2118 700 2155 philosophos
713 2118 723 2133 ²
745 2121 810 2147 sunt
832 2118 966 2155 quaedam
988 2118 1106 2146 virtutes
1127 2117 1226 2146 curtli-

378 2165 459 2193 nules
485 2168 511 2194 et
537 2165 671 2202 quaedam
696 2165 916 2199 intellectualem
941 2165 1093 2194 secundnm
1119 2172 1226 2193 sacram

380 2213 549 2249 scripturam
571 2215 636 2241 sunt
658 2213 775 2242 virtutes
790 2213 903 2241 (letinae
923 2216 952 2242 et
972 2212 1227 2249 contemplativae,-

380 2260 531 2288 secundum
548 2260 693 2296 magistros
707 2263 772 2288 sunt
784 2260 918 2297 quaedam
931 2260 1049 2288 virtutes
1061 2259 1227 2296 operativae

381 2310 407 2335 et
428 2307 561 2343 quaedam
583 2307 844 2335 consuetudinales.
867 2307 970 2335 Verum
997 2309 1050 2340 est,
1073 2307 1147 2343 quod
1168 2306 1228 2343 Spi-

381 2354 452 2382 ritus
473 2357 584 2382 sanctus
605 2354 687 2382 datur
708 2362 758 2391 per
780 2354 961 2388 infusionem,
984 2353 1030 2382 sed
1047 2353 1158 2382 habitus
1173 2353 1227 2381 vir-

382 2404 473 2429 tutum
486 2401 623 2429 habentur
638 2409 687 2437 per
702 2401 959 2438 frequentationem.
972 2401 1076 2429 Verum
1088 2403 1138 2433 est,
1154 2400 1227 2437 quod

382 2447 465 2483 Virgo
486 2448 603 2483 gloriosa
630 2448 827 2484 perfectissime
855 2448 952 2477 habuit
980 2456 1076 2476 omnes
1101 2448 1226 2476 virtutes.

383 2493 505 2521 Virtutes
516 2494 709 2530 speculatiuae
720 2495 777 2523 sive
788 2495 1015 2531 contemplativae
1031 2493 1229 2523 transcendunt

384 2540 506 2574 activas,
528 2541 599 2569 sicut
619 2549 720 2569 aurum
746 2541 914 2570 transcendit
935 2544 1097 2578 argentum,
1119 2544 1146 2570 et
1166 2540 1229 2569 sinis

384 2587 552 2615 transcendit
572 2595 604 2616 ea
624 2596 694 2624 quae
715 2592 780 2626 sunt
801 2588 834 2617 ad
857 2589 954 2623 finem;
980 2589 1053 2617 unde
1078 2588 1180 2617 dicitur
1201 2588 1229 2616 in

385 2634 544 2670 Evangelio,
573 2634 646 2671 quod
676 2635 775 2663 Maria
804 2636 943 2672 optimam
969 2639 1086 2672 partem
1114 2635 1228 2673 elcyitss.

957 169 1129 199 SERMONES
1150 168 1193 196 DE
1214 167 1242 195 B.
1265 166 1396 195 VIRGlNE
1417 165 1524 194 tulum.

1268 243 1375 272 Martha
1392 242 1527 279 significat
1548 241 1663 270 activam
1687 241 1769 269 vitani
1791 244 1818 270 et
1838 241 1922 270 Maria
1944 241 2026 270 vitain
2049 250 2112 272 con—

1268 289 1463 325 templativam.
1487 289 1601 325 Propter
1623 288 1770 325 puritatem
1796 288 2034 318 intellectualium
2054 290 2111 319 sive

1267 334 1543 371 contemplativarum
1569 334 1705 363 virtutum
1737 338 1914 372 comparatur
1942 336 2025 373 Virgo
2055 337 2112 374 glo-

1269 382 1342 410 riosa
1355 389 1433 409 auro
1437 391 1448 414 ;
1460 381 1533 409 unde
1548 381 1575 409 in
1591 381 1699 409 Exodo:
1716 382 1828 410 Arcam
1841 382 1962 411 Domino
1977 383 2010 412 de
2025 383 2113 421 liquis

1268 427 1349 456 setim
1365 427 1547 464 compteque,
1562 427 1723 456 deaurabis
1740 436 1804 456 eam.
1819 437 1895 457 auro
1909 430 2112 460 mundissimo.

1270 476 1366 508 Arca,
1382 482 1467 511 super
1482 482 1565 511 quam
1580 477 1660 503 erant
1673 475 1731 503 cluo
1747 474 1903 504 Cherubim
1920 476 2115 506 obumbrantia
2129 480 2133 484 ⁴

1266 520 1524 558 propitiatorium,
1539 523 1582 549 est
1595 521 1678 558 Virgo
1699 522 1830 558 gloriosa,
1846 523 1950 559 repleta
1965 523 2116 553 luminibus

1269 567 1383 601 deificis,
1397 567 1471 596 circa
1484 567 1577 596 divina
1591 571 1647 597 tota
1661 569 1772 597 intenta.
1790 569 1903 606 Propter
1921 570 2115 607 perfectionem

1270 617 1363 642 autem
1383 614 1518 642 virtutum
1541 615 1829 644 consuetudi-nattum
1846 619 1874 645 et
1894 617 2116 653 operatium-um

1271 663 1450 697 comparatur
1471 660 1549 689 beata
1572 660 1655 698 Virgo
1676 665 1816 698 arycnto;
1837 662 1911 691 unde
1925 662 1990 692 dicit
2004 663 2116 700 Sapien-

1273 707 1309 735 tia
1329 707 1450 736 increata
1465 708 1491 735 4:
1513 707 1614 736 Melior
1635 711 1674 736 est
1694 708 1772 737 enim
1791 708 1910 746 fructus
1933 718 2015 739 meus
2040 719 2127 739 auro-

1271 756 1296 782 el
1317 753 1413 790 lapide
1432 753 1574 790 pretioso,
1597 758 1623 782 et
1641 755 1792 791 yenimina
1807 764 1872 784 mea
1890 760 2011 794 arqento
2026 757 2117 786 electo.

1275 800 1432 829 Geniminct
1443 803 1507 828 sunt
1519 800 1636 830 virtutes
1646 796 1803 838 operativae
1815 803 1990 839 pullulantes.
2010 805 2119 833 Trans-

1272 847 1325 880 ite,
1347 847 1437 884 inquit
1458 847 1611 884 Sapientia,
1632 849 1673 876 acl
1693 857 1754 882 nze,
1776 858 1883 884 omnes,
1912 851 1964 888 qui
1984 852 2118 888 concupi-

1272 894 1354 922 scitis
1374 902 1432 928 ine,
1454 897 1479 922 et
1500 902 1519 922 a
1539 895 1778 932 generationibus
1799 897 1870 925 meis
1892 897 2059 935 implemini.
2075 898 2120 927 Ar-

1273 944 1386 978 gentum
1418 941 1613 970 electissimum
1649 945 1675 971 et
1707 943 1932 980 purgatissimum
1965 947 2006 973 est
2036 945 2120 983 Virgo

1273 987 1400 1024 gloriosa.
1422 988 1498 1016 Unde
1519 988 1661 1023 Salomon,
1687 989 1780 1019 volens
1804 990 1963 1027 exprimere
1984 1000 2120 1021 summam

1273 1034 1423 1070 puritatem
1441 1034 1572 1071 Virginis,
1587 1035 1653 1064 dicit
1674 1036 1700 1064 in
1722 1036 1854 1065 Canticis:
1877 1038 2032 1067 Ferculum
2053 1037 2122 1076 fecit

1273 1081 1331 1109 sibi
1351 1090 1404 1109 rea:
1425 1081 1562 1110 Salomon
1580 1082 1614 1110 de
1635 1082 1723 1120 liynis
1744 1083 1866 1117 Libani;
1887 1084 2039 1114 columnas
2059 1085 2122 1114 eius

1274 1128 1341 1166 fecit
1356 1132 1527 1165 aryenleaS,
1549 1129 1772 1158 reclinatorium
1792 1138 1935 1165 aureum,
1956 1131 2053 1160 media
2074 1140 2122 1161 ect-

1275 1175 1362 1204 rilate
1383 1176 1542 1204 constravit
1562 1180 1682 1212 propter
1709 1176 1789 1213 filias
1817 1177 1984 1207 Jerusalem.
2014 1179 2122 1207 Fercu-

1276 1222 1336 1251 lum
1357 1231 1373 1251 a
1399 1222 1513 1251 ferendo
1540 1223 1660 1257 dictum,
1682 1223 1708 1251 id
1730 1227 1771 1252 est
1802 1224 1895 1259 sedes,
1917 1225 2018 1254 dicitur
2040 1226 2123 1263 Virgo

1275 1272 1409 1309 gloriosa;
1431 1272 1505 1301 unde
1526 1272 1597 1301 dixit
1618 1273 1729 1310 quidam
1745 1273 1772 1301 ⁵:

1295 1351 1305 1362 (ι
1318 1342 1393 1369 Salve,
1410 1343 1480 1365 Mater
1498 1343 1589 1371 pietatis
1605 1346 1628 1365 et
1644 1343 1713 1366 totius
1725 1344 1842 1367 Trinitatis
1859 1344 1935 1368 nobile
1953 1346 2073 1369 triclinium
2086 1354 2108 1368 n.

1278 1412 1436 1441 Columnas
1457 1411 1552 1449 (fecit)
1574 1417 1738 1451 ctrgycntcaS,
1760 1415 1785 1444 id
1808 1418 1849 1444 est
1864 1416 2015 1445 cardinales
2037 1416 2125 1445 virtu-

1277 1463 1317 1487 tes
1338 1463 1365 1488 et
1385 1460 1541 1496 operativas
1562 1460 1625 1489 fecit
1646 1461 1672 1489 in
1689 1461 1800 1498 Virgine
1821 1462 1940 1499 gloriosa
1955 1471 2039 1499 puras
2054 1463 2125 1492 sicut

1276 1509 1422 1542 argentum
1438 1508 1466 1534 et
1481 1506 1631 1543 perfectas,
1646 1507 1712 1544 quia
1727 1507 1824 1536 habuit
1838 1508 1957 1537 virtutes
1971 1509 2054 1537 animi
2069 1509 2123 1538 iam

1278 1553 1397 1589 purgati.
1413 1553 1642 1582 Reclinutorium
1654 1562 1791 1588 aureum,
1804 1558 1918 1592 propter
1929 1555 2125 1592 perfectionem

1278 1600 1414 1628 virtutum
1430 1600 1716 1637 contemplativarum.
1732 1602 1894 1631 Coniunctio
1909 1610 1974 1632 vero
1988 1603 2126 1632 virtutum

1278 1647 1554 1683 contemplativarum
1578 1651 1605 1676 et
1625 1648 1831 1685 operativarum
1847 1649 1858 1666 ⁰
1879 1649 1910 1678 fit
1931 1658 1980 1686 per
2009 1650 2126 1679 mediam

1279 1694 1437 1727 caritatem;
1469 1694 1530 1722 ideo
1561 1695 1641 1723 dicit:
1674 1696 1771 1724 inedia
1802 1696 1926 1725 caritate
1957 1697 2125 1726 constravit.

1280 1743 1440 1769 Ascensum
1468 1740 1536 1778 fecit
1566 1750 1770 1779 purpureum,
1793 1743 1818 1771 id
1847 1747 1889 1772 est
1916 1744 2049 1781 sanguine
2076 1752 2127 1773 suo

1280 1788 1463 1817 rubricatum.
1486 1788 1591 1817 Caritas
1619 1789 1708 1818 media
1735 1793 1776 1818 est
1804 1790 1876 1819 inter
1897 1791 2015 1820 virtutes
2039 1791 2128 1820 cardi-

1280 1836 1356 1864 nales
1377 1838 1404 1864 et
1424 1836 1605 1873 theologicas;
1624 1837 1777 1865 secundum
1793 1837 1866 1874 quod
1881 1838 1981 1867 caritas
1996 1842 2037 1867 est
2051 1846 2128 1867 amor

1281 1882 1345 1917 Dei,
1367 1886 1408 1911 est
1430 1883 1519 1911 virtus
1541 1883 1708 1920 tlieologica3
1731 1884 1883 1913 secundum
1905 1893 1972 1914 vero
1992 1885 2067 1922 qnod
2088 1887 2129 1914 est

1281 1938 1358 1958 amor
1374 1929 1505 1967 proximi,
1520 1933 1561 1958 est
1576 1930 1666 1959 virtus
1680 1930 1826 1960 cardinalis
1841 1933 1886 1968 (2³).
1903 1932 2030 1969 Purpura
2047 1933 2130 1962 tincta

1281 1980 1322 2005 est
1343 1977 1377 2005 de
1405 1977 1539 2013 sangnine
1566 1977 1785 2012 conchiliorum,
1813 1981 1841 2006 et
1871 1981 1912 2007 est
1933 1979 2128 2008 vestimentum

1283 2024 1389 2061 regium
1412 2027 1439 2052 et
1460 2024 1595 2061 significat
1619 2025 1778 2059 caritatem,
1800 2033 1871 2062 quae
1889 2026 2006 2062 patiens
2034 2029 2076 2055 est
2103 2029 2130 2055 et

1283 2071 1425 2108 beniynm
1446 2071 1474 2099 in
1489 2074 1625 2108 quantum
1638 2071 1754 2108 patiens
1768 2075 1824 2106 est,
1839 2072 1924 2101 tincta
1941 2076 1983 2102 est
1997 2073 2131 2110 sanguine

1282 2118 1399 2152 Christi3
1428 2118 1456 2146 in
1485 2122 1621 2155 qnantum
1648 2122 1689 2147 est
1710 2119 1851 2156 benigyna,
1873 2122 1915 2148 est
1935 2119 2130 2149 indumentum

1283 2165 1356 2202 regis
1380 2165 1513 2193 adornati.
1543 2165 1663 2199 Caritas,
1690 2165 1716 2193 in
1745 2169 1880 2202 quantum
1900 2167 2032 2203 patiens,
2054 2166 2131 2204 origo

1283 2216 1324 2241 est
1356 2212 1492 2240 virtutum
1517 2212 1688 2246 activaruni;
1721 2213 1748 2240 in
1779 2217 1915 2250 qnantum
1943 2214 2064 2242 amatrix
2091 2216 2132 2242 est

1283 2259 1393 2292 Christi,
1422 2259 1499 2296 origo
1520 2263 1562 2288 est
1584 2260 1719 2288 virtutum
1742 2260 2026 2297 contemplativarum.
2049 2260 2132 2297 Virgo

1283 2306 1335 2335 suit
1356 2314 1421 2335 arca
1440 2306 1474 2334 de
1498 2314 1567 2334 auro
1588 2310 1615 2335 et
1636 2310 1750 2343 argento
1771 2307 1936 2344 purissimo,
1958 2310 1986 2336 et
2005 2307 2058 2336 fuit
2078 2307 2133 2336 fer-

1285 2353 1378 2381 culum
1398 2354 1499 2381 summi
1516 2353 1602 2390 Regis.
1618 2353 1732 2390 Inspice
1752 2357 1777 2382 et
1790 2353 1841 2391 fac
1862 2354 2022 2391 sectandum
2040 2363 2133 2382 exem-

1284 2400 1361 2437 plar.
1379 2401 1512 2429 Volumus
1532 2408 1592 2429 esse
1613 2400 1676 2429 honi
1700 2401 1817 2429 ministri
1839 2401 1959 2438 Virginis
1979 2401 2134 2438 gloriosae?

1285 2447 1409 2484 Oportet,
1424 2455 1474 2476 nos
1488 2455 1547 2476 esse
1569 2456 1679 2476 aurum
1696 2451 1721 2476 ct
1735 2451 1891 2485 arqentutn
1905 2448 2033 2482 electum,
2052 2447 2078 2476 id
2093 2450 2134 2477 est

1287 2494 1389 2522 habere
1411 2494 1528 2523 virtutes
1549 2495 1651 2523 activas
1672 2498 1699 2523 et
1720 2495 1953 2531 contemplativas.

1365 2540 1480 2577 Oportet
1501 2541 1592 2575 etiam,
1614 2541 1687 2578 quod
1707 2541 1842 2570 colentur.
1858 2542 1909 2570 Sed
1924 2541 2042 2579 qualiter
2057 2542 2133 2571 cola-

1287 2587 1404 2616 bimur?
1426 2588 1518 2622 Certe,
1537 2588 1625 2626 quasi
1638 2597 1750 2617 aurum
1772 2592 1796 2616 et
1818 2592 1982 2626 arpentum.
1998 2589 2064 2617 Dico
2085 2597 2134 2617 au-

1288 2638 1358 2669 tem,
1378 2635 1449 2671 quod
1466 2635 1584 2663 virtutes
1598 2635 1702 2664 activae
1718 2638 1744 2664 et
1759 2635 1987 2671 contemplativae
2009 2636 2135 2664 colantur

451 2810 456 2823 ¹
475 2812 529 2833 Luc.
548 2812 569 2838 2,
587 2813 623 2834 29.
641 2819 718 2840 seqq,
737 2813 765 2835 [le
783 2814 858 2835 triduo
876 2815 916 2836 cfr.
933 2814 989 2836 ibid.
1007 2821 1029 2836 V.
1049 2814 1084 2836 46.

449 2849 457 2861 ²
474 2851 573 2874 Aristot..
592 2851 616 2873 ll.
633 2851 703 2872 Ethic.
719 2858 740 2873 c.
758 2852 778 2873 ¹i.
804 2852 849 2874 Cl'r.
867 2853 961 2879 Bonan,
980 2857 1035 2875 tom.
1059 2854 1089 2875 111.
1108 2859 1160 2881 pag.
1180 2853 1232 2880 472,

388 2892 441 2910 nota
460 2890 480 2911 2.
497 2901 527 2905 —
545 2890 577 2911 Dc
599 2890 748 2917 seruientibus
766 2891 819 2913 vide
836 2897 906 2918 snpra
925 2898 978 2919 pag.
996 2892 1059 2920 555:
1072 2896 1147 2914 notant
1172 2893 1193 2914 8.
1211 2896 1233 2914 et

388 2933 442 2954 pag.
460 2927 512 2954 556,
532 2931 608 2950 notum
631 2929 648 2951 1.

451 2965 459 2978 ³
477 2967 529 2989 Luc.
542 2968 574 2993 10,
584 2967 623 2994 433
634 2971 760 2996 sequnntur
770 2969 839 2991 Exod.
849 2970 886 2997 255,
898 2970 930 2991 lO.
940 2975 987 2998 seq.
999 2974 1020 2992 ει
1029 2970 1081 2992 dein
1092 2977 1114 2992 r.
1126 2971 1232 2999 18.seq(1.

1352 2813 1362 2826 ‘²
1380 2814 1446 2836 Prov.
1465 2814 1486 2841 8,
1506 2815 1545 2839 19:
1563 2816 1692 2842 sequnntur
1710 2814 1776 2836 Eccli.
1795 2814 1832 2840 et,
1850 2814 1887 2836 26.
1905 2817 1926 2836 et
1944 2813 2007 2836 Cant.
2019 2814 2041 2840 3,
2053 2814 2075 2835 9.
2087 2820 2136 2842 seq.

1352 2852 1361 2864 ⁵
1380 2852 1437 2875 Vide
1456 2853 1527 2880 illone,
1545 2853 1628 2880 Hymni
1646 2854 1692 2875 Lat.
1711 2853 1782 2875 medii
1798 2853 1861 2881 aevi,
1879 2856 1933 2875 tom.
1951 2853 1974 2874 ll.
1992 2853 2070 2880 hymn.
2083 2852 2135 2874 517.

1289 2899 1311 2915 v.
1330 2893 1375 2914 1-3.

1352 2930 1361 2943 ‘³
1380 2930 1454 2953 Verba
1473 2930 1611 2954 Goniunctio
1628 2936 1683 2954 vero
1700 2930 1817 2953 virtutum
1829 2933 1872 2953 etc.
1886 2930 1962 2952 addita
1975 2932 2029 2952 sunt
2045 2935 2072 2951 ex
2084 2929 2136 2952 cod.

1288 2970 1403 2992 Trecensi.
1421 2982 1451 2986 --
1469 2970 1527 2992 lnsra
1544 2970 1666 2998 respicitnr
1684 2971 1696 2991 1.
1715 2969 1766 2993 Cor.
1788 2970 1824 2997 13,
1844 2969 1864 2991 i.

2150 2544 2177 2563 De
2190 2548 2243 2563 secun

2159 2567 2243 2592 duplicitt
