2243 3348
44 426 118 450 Quinta.

57 986 119 1004 Sexta.

32 1546 121 1570 Septima.

47 1874 123 1893 Octava.

68 2249 126 2268 Nona.

708 155 738 182 lN
760 155 955 183 NATlVlTATE
975 155 1101 184 DOMlNl.
1123 156 1232 185 SERMO
1255 157 1306 184 Vll.

136 241 192 262 una
213 232 359 269 temperies
379 231 499 268 gratiosa
518 231 599 260 aeris.
622 232 664 260 Sic
691 232 818 261 Christus
845 241 861 260 a
881 233 978 261 nativi-

136 282 191 307 tate
212 286 261 315 per
284 281 367 306 totam
389 277 473 306 vitam
494 277 546 305 fuit
568 278 707 306 maximae
733 279 892 315 temperiei,
914 279 979 316 quia

136 325 248 353 modum
269 328 297 353 et
318 331 412 360 pacem
434 326 461 352 et
481 323 604 352 ordinem
633 324 659 351 in
681 324 810 353 omnibus
835 333 980 354 conserva-

137 372 190 405 vit;
213 371 324 400 Genesis
345 370 442 399 tertio:
467 369 688 398 Deambulamis
718 371 749 399 in
767 372 913 407 paradiso
941 372 981 400 ad

136 426 247 447 auram
265 420 330 454 post
351 417 509 445 meridiem.
526 432 562 437 —
577 417 712 445 Maximae
726 418 910 446 amoenitatis
924 418 981 447 sive

136 464 314 493 iucunditatis
335 466 362 492 et
383 463 570 496 recreationis,
592 463 657 499 quia
677 463 711 491 ibi
733 464 848 492 fontium
866 465 981 501 irrigan-

138 512 207 540 tium
227 511 386 544 multitudo,
407 510 443 538 ibi
466 509 579 538 floridae
601 510 709 546 plantae
730 514 757 538 et
777 511 892 539 arbores
910 519 981 539 sem-

137 566 186 595 per
207 558 329 586 sructum
350 557 478 590 ferentes,
500 557 536 584 ibi
561 559 614 584 tam
636 556 768 584 arborum
792 560 818 585 et
839 557 940 585 florum
955 561 982 586 et

137 605 275 634 frondium
298 612 425 632 rosarum
446 606 473 632 et
494 603 613 631 liliorum
643 603 878 632 immarcescibilis
906 604 982 632 viror

137 655 164 681 et
185 651 263 685 odor,
282 650 433 680 secundum
450 650 648 678 Damascenum
661 651 680 677 ¹.
703 650 746 678 Sic
760 650 887 679 Christus
902 653 983 679 natus

137 698 188 726 fuit
210 697 345 726 maximae
367 696 552 725 amoenitatis
566 699 593 724 et
607 696 787 724 iucunditatis
800 699 827 724 et
846 696 981 724 virtutum

137 747 164 773 et
178 744 329 780 gratiarum
344 743 537 780 plenitudinis;
553 742 627 779 quia,
643 743 670 770 in
684 745 820 778 quantum
835 746 876 771 est
891 743 982 777 homo,

137 790 352 827 pulcritudinem
378 793 405 818 et
433 789 562 819 laetitiam
593 788 709 825 paradisi
739 796 849 825 semper
877 797 893 817 a
918 797 982 817 con-

137 839 219 874 ceptu
241 836 363 873 percepit
384 840 411 865 et
431 836 519 872 ipsius
533 835 645 864 odorem
664 843 718 863 non
734 835 852 872 perdidit
866 839 893 864 et
908 836 935 863 in
950 844 982 864 eo

137 891 246 920 semper
267 883 418 912 delectatus
438 882 505 916 fuit;
527 882 639 910 Genesis
659 881 765 910 decimo
787 882 883 910 tertio:
909 882 983 910 Vidit

136 938 247 959 omnem
269 930 350 958 eirca
371 929 516 966 regionem
532 929 680 962 Iordanis,
695 937 769 967 quae
790 929 930 957 universa
945 929 984 957 ir-

137 976 296 1014 riyabatur
319 976 395 1005 sieut
418 976 585 1012 paradisus
607 976 725 1004 Domz‘m‘
752 978 802 1004 etc.
832 993 869 995 —
897 976 983 1004 Maxi-

136 1032 197 1053 mae
217 1023 392 1056 suavitatis,
408 1023 474 1060 quia
488 1023 523 1051 ibi
538 1022 681 1051 fructuum
704 1022 830 1051 omnium
851 1022 982 1056 dulcedo,

136 1079 219 1099 omne
240 1070 352 1107 liquam
370 1069 510 1106 pulcrum
531 1069 596 1097 visu
617 1072 642 1097 et
661 1069 701 1097 ad
722 1069 890 1097 vescendam
913 1078 983 1097 sua-

138 1125 187 1150 ve,·
209 1117 243 1146 ibi
266 1120 363 1146 cantus
381 1116 474 1145 avium
506 1119 533 1144 et
560 1116 731 1149 obedientia,
753 1116 863 1153 quando
884 1124 983 1144 vocan-

138 1168 199 1198 tur,
226 1164 378 1193 secundum
410 1163 483 1200 quod
508 1163 683 1199 praedicabat
709 1163 806 1191 beatus
830 1163 854 1191 M
858 1185 902 1190 .....
913 1174 918 1196 ;
946 1163 980 1191 ibi

137 1211 219 1240 etiarn
240 1211 405 1247 Angelorum
427 1209 559 1238 melodice
579 1217 683 1246 organa
704 1213 812 1243 sonant,
831 1209 982 1238 secundum

137 1258 210 1295 quod
232 1257 339 1286 dicebat
360 1257 457 1286 beatus
479 1257 502 1285 M
506 1279 570 1284 .......
593 1256 636 1285 Sic.
666 1256 794 1285 Christus
823 1260 904 1285 natus
932 1257 983 1286 sibi

138 1309 164 1334 et
185 1305 245 1333 aliis
268 1304 405 1332 maximae
426 1303 478 1332 fuit
498 1304 666 1337 suavitati&
682 1303 746 1340 quia
768 1312 782 1332 a
805 1311 903 1340 sapore
924 1311 984 1332 cae-

139 1351 197 1381 lesti
220 1359 363 1388 nunquam
385 1351 501 1379 cessavit
522 1353 578 1379 tam
600 1350 735 1379 nascendo
757 1358 839 1387 quam
865 1350 983 1385 orando,

138 1398 341 1431 conversando,
363 1397 546 1434 praedicando
578 1401 605 1426 et
636 1397 794 1431 moriendo,
820 1397 905 1426 immo
926 1398 985 1434 ipsa

139 1445 260 1474 suavitas
281 1445 438 1473 animarum
460 1448 486 1472 et
507 1444 672 1481 Angelorum
701 1444 754 1473 suit
775 1447 802 1473 et
824 1444 910 1481 ipsius
931 1445 985 1472 Ma-

140 1493 205 1526 tris;
236 1492 348 1520 Genesis
380 1491 538 1520 secundo²t
569 1491 692 1519 Flavius
722 1491 925 1528 eyrediebatur
951 1491 985 1519 de

139 1539 197 1568 loeo
218 1539 374 1576 voluptatis
396 1539 435 1566 ad
457 1539 647 1575 irriyaiidum
666 1538 856 1575 paradisum.
872 1555 910 1558 —
931 1539 985 1566 Ma-

138 1586 231 1615 ximae
261 1585 446 1619 sanctitatis;
474 1593 537 1614 nam
565 1585 602 1613 ibi
631 1593 739 1622 semper
760 1585 835 1614 Deus
856 1585 985 1614 laudatur

138 1633 173 1662 ab
194 1633 317 1670 Angelis,
339 1632 374 1661 ab
395 1632 504 1661 Henocb
527 1635 554 1661 et
575 1632 632 1660 Elia
653 1634 680 1660 et
701 1640 752 1660 suo
774 1632 855 1660 modo
876 1640 892 1660 a
913 1636 985 1661 oete-

138 1679 178 1709 ris
197 1679 327 1708 omnihus
347 1678 491 1708 creaturis.
514 1678 557 1707 Sic
578 1678 705 1707 Christus
726 1681 808 1707 natus
829 1686 879 1715 per
900 1681 985 1707 totam

139 1726 224 1755 vitam
245 1726 382 1755 maximae
402 1726 455 1754 fuit
474 1725 658 1760 sanctitatis,
679 1726 745 1762 quia
766 1726 794 1754 in
815 1729 909 1755 sancta
931 1726 986 1755 vita

139 1776 166 1802 et
187 1773 267 1802 laude
282 1776 398 1810 paterna
413 1775 440 1802 et
454 1772 642 1801 aedificatione
662 1772 785 1801 fraterna
800 1781 908 1810 semper
923 1780 987 1810 per-

140 1820 290 1855 severavit;
307 1819 486 1849 Ecclesiastici
501 1819 728 1856 quadragesimo:
751 1820 850 1848 Timor
870 1820 988 1848 Domini

139 1867 218 1895 sieut
234 1867 400 1904 paradisus
428 1866 640 1895 benedictionis.
663 1883 699 1886 —
721 1867 856 1895 Maximae
876 1866 987 1895 securi-

141 1914 227 1947 tatis;
248 1922 311 1942 nam
338 1925 352 1939 «
366 1913 435 1942 nulli
457 1913 568 1950 spiritui
590 1913 662 1942 malo
684 1913 727 1942 vel
742 1913 818 1942 carni
841 1913 986 1950 peccatrici

141 1963 215 1997 patet
235 1961 295 1989 eius
316 1960 407 1989 aditus
418 1972 445 1993 »,
461 1960 612 1988 secundum
630 1960 780 1993 isidorum,
796 1960 867 1988 libro
881 1960 987 1988 decimo

141 2011 242 2045 quarto
257 2008 489 2044 Etymologiarnm
502 2008 521 2035 3.
538 2007 581 2035 Sic
595 2007 723 2036 Christus
744 2015 760 2035 a
781 2015 832 2035 sua
846 2007 987 2035 nativitate

140 2055 193 2084 suit
213 2054 351 2083 maximae
371 2054 550 2087 securitatis,
566 2054 631 2091 quia
646 2054 713 2082 nulli
731 2054 797 2082 vitio
812 2054 853 2082 vel
869 2053 985 2082 defectui

141 2101 185 2130 vel
207 2101 347 2130 tentationi
377 2101 476 2130 diaboli
511 2101 552 2129 vel
581 2101 672 2129 carnis
700 2101 741 2129 vel
765 2101 858 2129 mundi
881 2100 985 2129 aditum

141 2148 231 2182 dedit;
255 2148 403 2176 Ezechielis
426 2147 565 2184 trigesimo
588 2148 677 2184 primo
692 2148 719 2175 4:
742 2147 899 2175 Aemulata
920 2150 987 2175 sum

143 2203 208 2223 eum.
229 2194 330 2223 onmia
351 2194 431 2231 liqna
452 2194 627 2231 voluptatis,
649 2203 724 2232 quae
744 2198 830 2222 eraut
843 2196 875 2222 iii
893 2202 987 2231 para-

144 2242 208 2270 diso
232 2242 291 2270 Dei.
315 2258 350 2261 —
372 2241 507 2270 Maximae
536 2241 841 2278 incorruptibilitatis,·
867 2249 929 2270 nam
952 2240 987 2268 ibi

143 2291 208 2317 sunt
230 2296 319 2325 usque
340 2288 421 2317 hodie
443 2289 551 2317 Henoch
573 2292 600 2317 et
622 2288 691 2316 Elias
713 2288 867 2324 incorrupti
883 2290 909 2316 et
926 2287 988 2320 vivi,

143 2338 170 2364 et
191 2335 269 2370 nihil,
284 2335 357 2372 quod
372 2339 413 2364 est
428 2335 463 2363 ibi
480 2335 584 2369 vivens,
600 2338 690 2372 potest
705 2335 789 2369 mori;
805 2342 855 2363 nec
878 2334 988 2367 mirum,

144 2383 209 2419 quia
229 2383 256 2410 in
279 2382 407 2411 Hibernia
427 2383 508 2411 etiam
532 2386 572 2411 est
594 2383 683 2411 insula
705 2391 777 2416 una,
798 2383 824 2410 in
841 2390 896 2419 qua
916 2389 990 2409 mor—

145 2432 257 2458 tuorum
279 2437 396 2466 corpora
417 2437 471 2457 non
494 2432 675 2466 putrescunt,
691 2432 716 2458 et
732 2429 800 2463 alia,
822 2429 849 2456 in
871 2436 926 2465 qua
941 2428 989 2456 ho-

144 2476 231 2504 mines
253 2484 306 2504 non
330 2480 444 2513 possunt
460 2476 528 2504 mori
542 2479 582 2511 (l).
599 2476 642 2504 Sic
659 2476 787 2505 Christus
806 2478 886 2503 natus
901 2482 989 2511 usque

145 2522 178 2550 ad
200 2526 315 2551 mortem
339 2522 497 2551 inviolatas
519 2523 671 2559 permansit
694 2525 721 2551 et
742 2523 810 2551 nihil
832 2525 989 2554 mortuum,

146 2569 192 2598 sed
214 2573 302 2597 totum
324 2570 420 2598 vivens
440 2573 467 2598 et
488 2570 660 2598 meritorium
684 2570 710 2597 in
733 2577 765 2597 eo
786 2569 852 2603 suit;
867 2568 989 2597 Cantico-

146 2625 208 2645 runi
225 2620 341 2653 quarto:
356 2617 467 2645 Hortus
481 2617 645 2650 conclusus,
661 2616 728 2654 fons
743 2617 891 2653 siparum,
906 2615 991 2643 emis-

145 2663 239 2691 siones
254 2667 321 2691 tuae
333 2664 498 2700 para-disus
512 2663 658 2691 malorum
671 2663 848 2700 punicorum
864 2670 930 2690 cum
942 2670 990 2698 po-

210 2788 216 2800 ¹
236 2789 289 2810 Loc.
305 2789 342 2811 cit.
359 2790 491 2817 sequnntur
509 2789 566 2811 Gen.
587 2789 626 2815 13,
648 2789 682 2811 10.
699 2791 721 2810 et
739 2788 793 2810 ibid.
812 2790 837 2815 2,
854 2788 876 2809 9.

209 2826 218 2839 2
236 2828 300 2850 Vers.
323 2828 359 2855 1ος
377 2828 480 2856 sequitui·
498 2829 564 2850 Eccli.
578 2828 620 2855 40,
634 2829 670 2850 28.
688 2828 720 2849 De
737 2828 830 2849 Henoch
849 2830 870 2849 et
888 2826 931 2848 lilia
949 2826 988 2848 cfr.

148 2866 213 2887 liet-li.
232 2866 276 2892 44,
299 2867 330 2888 16,
348 2869 369 2888 et
387 2867 424 2888 lv.
441 2867 498 2894 Reg.
516 2868 543 2893 ⁴2,
564 2868 597 2888 11.
869 2864 878 2877 ³
895 2864 948 2891 Cup.
968 2865 989 2886 33.

209 2903 218 2916 ⁴
236 2905 300 2927 Vers.
319 2905 345 2931 93
363 2906 467 2934 sequitur
483 2905 546 2927 (lant.
569 2906 586 2932 1,
608 2906 641 2927 12.
658 2911 706 2933 seq.

210 2943 219 2955 ¹'¹
236 2944 300 2966 Vers.
324 2944 356 2966 15.

1821 163 1874 190 115

1034 242 1151 262 moram
1171 233 1327 270 fructibus.
1346 236 1480 264 Maximae
1500 237 1732 275 tranquillitatis,
1754 240 1818 276 quia
1839 241 1875 269 ibi

1035 279 1111 307 nulla
1135 279 1245 314 invidia,
1267 281 1342 309 nulla
1362 282 1480 316 malitia,
1502 284 1578 312 nulla
1599 292 1702 321 pugna,
1724 287 1875 321 contentio,

1036 325 1140 353 clamor
1156 326 1197 354 vel
1213 327 1349 361 violentia,
1364 329 1440 357 nulla
1455 330 1550 358 relatio
1572 331 1719 366 turbativa,
1735 333 1781 361 sed
1797 333 1877 369 plena

1037 379 1091 408 pax
1113 372 1219 402 animae
1240 376 1266 402 et
1286 375 1425 411 corporis;
1448 376 1484 404 ibi
1512 379 1577 405 sunt
1597 378 1689 407 omnia
1709 379 1830 415 quietata
1850 383 1877 408 et

1039 418 1222 447 mansuefacta
1249 424 1384 456 quantum
1415 422 1448 450 ad
1479 423 1590 457 bestias,
1613 425 1684 453 sicut
1708 425 1821 455 suerunt
1850 427 1876 455 in

1037 472 1101 492 arca
1122 465 1184 493 Noe.
1201 466 1243 494 Sic
1257 466 1384 496 Christus
1399 472 1479 497 natus
1500 478 1588 507 usqne
1603 471 1635 499 ad
1651 476 1767 501 mortem
1783 481 1876 502 omnes

1038 514 1129 539 motus
1143 510 1246 540 liabuit
1257 517 1379 549 pacatos
1393 515 1503 543 omnino
1526 520 1578 544 tam
1602 517 1700 546 inentis
1714 527 1796 555 quam
1816 528 1875 548 ror-

1039 557 1125 593 poris,
1149 561 1202 586 tam
1234 567 1289 595 quo
1320 560 1347 588 in
1373 561 1458 589 Deum
1482 571 1563 599 quam
1587 563 1612 591 in
1635 572 1663 592 se
1685 568 1711 593 et
1734 565 1759 593 in
1782 567 1876 602 proxi-

1038 611 1127 637 mum;
1149 604 1260 634 Genesis
1281 607 1438 635 secundo⁵:
1467 609 1543 637 Tulit
1557 618 1623 647 erqo
1641 611 1715 640 Deus
1734 611 1875 641 hominem

1038 654 1062 677 et
1082 651 1181 686 posuit
1200 660 1265 679 eum
1286 652 1317 680 in
1332 654 1476 689 paradiso
1498 656 1667 693 uoluptatis,
1691 658 1715 686 id
1737 662 1790 693 est,
1812 668 1875 688 con-

1039 696 1128 724 stituit
1150 697 1175 725 in
1198 701 1270 726 statu
1293 700 1506 736 tranquillitatis.
1529 718 1565 722 —
1588 704 1727 739 Angelirae
1748 706 1874 735 admini-

1038 744 1209 777 strationis;
1230 753 1292 773 nam
1315 746 1350 774 ibi
1372 750 1413 774 est
1434 748 1615 777 ministerium
1637 754 1664 778 et
1683 753 1873 789 «Angelorum

1040 789 1206 824 praesidium
1228 792 1353 821 arcendis
1373 793 1517 828 spiritibus
1530 795 1608 824 malis
1623 807 1649 830 »‚
1665 798 1814 827 seeundum
1831 800 1875 828 isi-

1039 835 1138 864 dorum
1151 836 1170 864 6.
1193 837 1236 865 Sic
1257 837 1383 867 Christus
1404 843 1485 868 natus
1506 848 1555 876 per
1578 844 1659 870 totam
1676 843 1760 872 vitam
1780 845 1877 874 habuit

1040 882 1244 911 multitudinem
1267 884 1431 920 Angelorum
1459 886 1492 914 ad
1522 887 1702 917 ministerium
1724 893 1751 918 et
1771 892 1878 920 consor-

1040 928 1169 957 tationem
1191 932 1218 957 et
1239 931 1439 965 reverentiam3
1460 932 1571 961 Genesis
1602 935 1697 963 tertio:
1726 936 1878 966 Collocavit

1041 974 1113 1003 Deus
1138 980 1204 1003 ante
1222 977 1402 1012 paradisum
1419 978 1572 1015 voluptatis
1589 979 1741 1010 Cherubim
1756 987 1781 1011 et
1793 983 1878 1019 flam-

1040 1030 1135 1049 meam
1155 1022 1290 1059 ytadz'am
1311 1027 1396 1061 atque
1419 1026 1580 1054 versatilem
1601 1027 1641 1055 ad
1661 1029 1878 1059 custodiendam

1040 1068 1120 1096 viam
1142 1068 1216 1106 tigyni
1235 1070 1319 1098 vitae.
1342 1087 1379 1091 —a
1401 1072 1578 1101 Deisormium
1611 1074 1733 1103 virorum
1763 1084 1878 1105 eonver-

1039 1114 1163 1143 sationis
1171 1125 1181 1148 ,·
1203 1124 1264 1144 nam
1288 1120 1353 1145 sunt
1380 1117 1416 1146 ibi
1449 1119 1500 1147 viri
1522 1119 1578 1147 duo
1598 1121 1699 1154 sancti,
1720 1122 1766 1158 qui
1789 1123 1821 1151 ad
1844 1124 1879 1152 si-

1040 1162 1223 1191 militudinem
1245 1164 1408 1200 Angelorum
1430 1165 1534 1202 degunt
1555 1166 1580 1194 in
1604 1168 1698 1201 terris,
1720 1169 1810 1197 onmia
1831 1170 1879 1198 ho-

1041 1211 1116 1237 neste
1138 1212 1164 1237 et
1185 1210 1337 1239 secundum
1358 1211 1482 1240 ordinem
1509 1213 1574 1241 caeli
1606 1218 1732 1250 agentes,
1763 1216 1796 1244 de
1823 1216 1878 1245 Deo

1040 1258 1067 1283 et
1087 1255 1120 1284 de
1141 1256 1240 1285 divinis
1261 1257 1438 1292 meditantes,
1459 1263 1569 1288 orantes
1590 1264 1616 1289 et
1638 1262 1815 1291 conferentes.
1837 1263 1880 1292 Sic

1040 1302 1166 1331 Christus
1187 1307 1268 1332 natus
1289 1312 1338 1340 per
1360 1308 1442 1333 totam
1475 1306 1557 1335 vitam
1578 1307 1739 1337 familiarem
1765 1317 1880 1337 conver*

1040 1349 1179 1378 sationem
1203 1350 1299 1379 habuit
1320 1359 1382 1379 cum
1405 1352 1498 1381 electis
1520 1353 1560 1381 vel
1582 1353 1748 1390 eligibilibus
1769 1355 1831 1390 Dei,
1853 1359 1880 1385 et

1042 1396 1096 1424 vita
1117 1404 1167 1425 sua
1192 1400 1248 1425 tota
1279 1397 1331 1426 fuit
1351 1398 1385 1426 ed
1416 1399 1622 1429 similitudinem
1651 1401 1718 1429 caeli
1740 1403 1878 1439 empyrei;

1041 1442 1152 1472 Genesis
1173 1444 1308 1473 secundo:
1328 1445 1519 1474 plantaverat
1534 1450 1631 1475 autem
1648 1448 1788 1477 Dominus
1805 1450 1880 1478 Deus

1040 1490 1215 1526 paradisum
1240 1491 1395 1527 voluptatis
1417 1501 1436 1520 a
1452 1493 1616 1530 principio,
1639 1494 1663 1522 id
1686 1498 1736 1528 est,
1758 1495 1879 1525 decrevit

1012 1563 1014 1571 ,
1042 1537 1237 1573 plantandum,
1259 1538 1290 1566 in
1311 1547 1382 1576 qao,
1405 1543 1535 1575 concepto
1556 1540 1665 1568 Christo
1692 1541 1809 1575 scilicet,
1830 1551 1880 1578 ρο-

1041 1583 1101 1611 suit
1122 1582 1278 1618 hominem,
1293 1593 1376 1623 quem
1390 1584 1589 1621 formaverat,
1612 1586 1636 1614 id
1658 1590 1708 1621 est,
1729 1588 1878 1617 humanam

1042 1632 1169 1659 naturam
1191 1631 1348 1660 salvandam
1375 1632 1516 1660 constituit
1536 1632 1569 1660 ad
1590 1633 1650 1662 eius
1673 1634 1831 1670 exemplum
1853 1638 1880 1663 et

1042 1677 1193 1713 speculum.

1367 1781 1457 1809 Sentio
1479 1781 1522 1809 Vll
1535 1781 1553 1808 ⁷.

1112 1874 1190 1904 Item,
1210 1882 1290 1899 sermo
1308 1874 1395 1899 fratris
1414 1874 1601 1900 Bonaventurae
1620 1875 1645 1899 in
1668 1874 1808 1899 Nativitate
1835 1875 1881 1900 Do-

1043 1917 1116 1946 mini,
1135 1924 1217 1942 coram
1235 1925 1293 1948 rege
1312 1917 1430 1942 Frauciae
1449 1918 1473 1942 et
1492 1917 1550 1942 filiis
1569 1918 1594 1942 et
1612 1917 1713 1942 familia.

1124 2006 1241 2035 Orietur
1261 2006 1340 2034 stella
1361 2015 1395 2034 etr
1418 2006 1518 2040 Iacob,
1540 2007 1724 2035 Numerorum
1750 2007 1880 2043 vigesimo

1043 2057 1143 2090 quarto
1155 2053 1174 2081 ⁸.

1121 2100 1246 2129 Christus
1268 2100 1293 2128 in
1316 2108 1366 2128 sua
1387 2100 1526 2128 nativitate
1547 2100 1674 2136 apparuit
1689 2099 1790 2127 mundo
1809 2099 1880 2128 sicut

1044 2147 1135 2180 stella,
1158 2147 1223 2183 quia
1243 2147 1427 2175 clarissimus
1446 2146 1574 2183 puritate
1588 2146 1751 2174 universalis
1773 2146 1879 2174 mundi-

1045 2195 1111 2228 tiae;
1134 2193 1306 2230 Apocalypsis
1326 2193 1439 2221 ultimo:
1463 2194 1521 2229 Eyo
1541 2201 1607 2220 sam
1629 2192 1719 2220 radia·
1745 2196 1769 2220 et
1788 2201 1880 2229 qeiius

1047 2240 1157 2273 David,
1179 2239 1260 2267 stella
1280 2239 1432 2276 splendida
1453 2243 1478 2266 et
1504 2239 1659 2267 matutina.
1683 2254 1718 2259 —
1744 2237 1880 2266 Pulcher-

1043 2287 1139 2315 rimus
1169 2286 1349 2323 formositate
1380 2286 1543 2314 universalis
1564 2285 1678 2321 gratiae;
1702 2284 1878 2313 Ecclesiastiei

1044 2333 1271 2371 quinquagesimo
1283 2333 1309 2360 ⁹:
1326 2332 1418 2368 Quasi
1431 2332 1511 2360 stella
1523 2331 1669 2360 matutina
1685 2332 1715 2359 in
1732 2331 1822 2359 medio
1833 2340 1880 2359 ite-

1045 2381 1127 2409 bulae
1148 2383 1198 2408 etc.
1222 2380 1315 2415 Quasi
1334 2379 1387 2415 flos
1401 2387 1540 2407 rosarum
1559 2382 1608 2407 etc.
1625 2395 1661 2399 —
1678 2377 1880 2406 ,Vobilissimas

1047 2427 1215 2456 liberalitate
1243 2426 1406 2454 universalis
1433 2425 1607 2459 clementiae3
1640 2425 1812 2461 Apocalypsis
1843 2432 1881 2453 se-

1045 2474 1135 2503 cundo
1161 2473 1244 2501 dicit:
1268 2472 1326 2508 Qui
1347 2472 1458 2505 vicerit,
1480 2471 1553 2499 dabo
1585 2471 1628 2499 illi
1647 2471 1756 2499 stellam
1788 2475 1881 2499 matu-

1045 2521 1153 2553 tinam,
1176 2520 1200 2547 id
1229 2522 1270 2547 est
1299 2527 1341 2547 me
1366 2519 1454 2555 ipsum
1478 2518 1566 2546 talem.
1589 2534 1625 2537 —
1654 2517 1881 2555 Effieaeissimus

1045 2566 1248 2603 fructuositate
1263 2565 1424 2593 universalis
1439 2564 1645 2597 beiiefioentiae;
1662 2564 1768 2591 Baruch
1784 2563 1809 2591 in
1826 2563 1883 2599 Epi-

1046 2613 1163 2642 stola10:
1187 2612 1235 2640 Sol
1254 2611 1369 2649 quidem
1389 2615 1414 2638 et
1434 2611 1506 2638 lima
1531 2619 1565 2638 ae
1585 2610 1702 2643 sidera,
1731 2618 1797 2637 eum
1824 2610 1883 2637 sint

1045 2659 1196 2696 splendida
1218 2662 1241 2686 et
1266 2657 1388 2691 emissa,
1417 2657 1456 2685 ad
1484 2657 1619 2684 utilitates
1647 2656 1816 2684 obaudiunt.
1846 2671 1882 2674 —

1108 2783 1116 2796 ⁶
1134 2783 1194 2805 Libr.
1215 2783 1274 2805 ΚΝ.
1294 2782 1420 2809 Etymolog.
1438 2788 1457 2803 c.
1475 2781 1496 2802 3.
1514 2787 1535 2802 n.
1557 2780 1580 2807 ’ῖς
1599 2780 1701 2809 sequitui·
1718 2781 1773 2801 Gen.
1797 2780 1822 2806 3,
1846 2779 1882 2801 24,

1046 2827 1068 2846 et
1084 2830 1103 2845 c.
1121 2824 1146 2847 2.
1164 2823 1184 2844 8.
1656 2818 1664 2831 ⁷
1683 2820 1711 2841 lix
1730 2821 1746 2840 A
1765 2819 1800 2840 sol.
1819 2819 1847 2840 5ss
1865 2825 1883 2840 r.

1107 2861 1116 2874 ⁸
1135 2862 1198 2883 Vors.
1220 2861 1253 2887 173
1274 2860 1376 2888 seqnitur
1394 2861 1463 2887 Apov.
1482 2860 1522 2886 22,
1545 2859 1577 2880 lii.

1107 2900 1116 2912 '³
1134 2901 1198 2922 Vers.
1216 2901 1237 2921 6.
1255 2902 1277 2921 et
1295 2900 1319 2925 ὃς
1338 2899 1440 2926 sequitur
1458 2899 1527 2925 Apov.
1545 2898 1566 2923 2,
1584 2897 1620 2919 26.
1640 2898 1675 2918 25³.

1108 2939 1127 2951 ¹⁰
1144 2938 1197 2966 Cap.
1216 2940 1243 2965 ⁴3,
1261 2938 1301 2964 59;
1319 2941 1446 2965 sequuntur
1465 2936 1531 2958 indic.
1550 2936 1563 2957 3
1594 2937 1630 2957 20.
1648 2939 1669 2957 et
1687 2935 1725 2957 lob
1743 2936 1779 2961 38,
1798 2935 1834 2957 31.

1893 244 1974 263 Decima.

1892 708 2001 727 Undecima.

1895 1079 2014 1098 Duodecim.

1896 2101 1931 2119 Sex
1944 2101 2013 2127 Christi

1899 2127 2011 2147 praerogati-

1936 2152 1976 2166 vae.
