<?xml version="1.0" encoding="UTF-8"?>
<!DOCTYPE html PUBLIC "-//W3C//DTD XHTML 1.0 Transitional//EN"
    "http://www.w3.org/TR/xhtml1/DTD/xhtml1-transitional.dtd">
<html xmlns="http://www.w3.org/1999/xhtml" xml:lang="en" lang="en">
 <head>
  <title>
</title>
<meta http-equiv="Content-Type" content="text/html;charset=utf-8" />
  <meta name='ocr-system' content='tesseract 3.04.00' />
  <meta name='ocr-capabilities' content='ocr_page ocr_carea ocr_par ocr_line ocrx_word'/>
</head>
<body>
  <div class='ocr_page' id='page_1' title='image "./doctorisseraphic09bona_0124.png"; bbox 0 0 2243 3348; ppageno 0'>
   <div class='ocr_carea' id='block_1_1' title="bbox 235 853 350 895">
    <p class='ocr_par' dir='ltr' id='par_1_1' title="bbox 235 853 350 895">
     <span class='ocr_line' id='line_1_1' title="bbox 235 853 337 871; baseline 0 0"><span class='ocrx_word' id='word_1_1' title='bbox 235 853 306 871; x_wconf 72' lang='lat' dir='ltr'>Divisio</span> <span class='ocrx_word' id='word_1_2' title='bbox 319 853 337 871; x_wconf 87' lang='lat' dir='ltr'>in</span> 
     </span>
     <span class='ocr_line' id='line_1_2' title="bbox 261 877 350 895; baseline 0 0"><span class='ocrx_word' id='word_1_3' title='bbox 261 877 350 895; x_wconf 73' lang='lat' dir='ltr'>membra.</span> 
     </span>
    </p>
   </div>
   <div class='ocr_carea' id='block_1_2' title="bbox 287 1694 358 1713">
    <p class='ocr_par' dir='ltr' id='par_1_2' title="bbox 287 1694 358 1713">
     <span class='ocr_line' id='line_1_3' title="bbox 287 1694 358 1713; baseline 0 -1"><span class='ocrx_word' id='word_1_4' title='bbox 287 1694 332 1713; x_wconf 79' lang='lat' dir='ltr'>Pars</span> <span class='ocrx_word' id='word_1_5' title='bbox 346 1694 358 1712; x_wconf 92' lang='lat' dir='ltr'>l.</span> 
     </span>
    </p>
   </div>
   <div class='ocr_carea' id='block_1_3' title="bbox 278 2349 357 2367">
    <p class='ocr_par' dir='ltr' id='par_1_3' title="bbox 278 2349 357 2367">
     <span class='ocr_line' id='line_1_4' title="bbox 278 2349 357 2367; baseline 0 0"><span class='ocrx_word' id='word_1_6' title='bbox 278 2349 324 2367; x_wconf 79' lang='lat' dir='ltr'>Pars</span> <span class='ocrx_word' id='word_1_7' title='bbox 337 2349 357 2367; x_wconf 94' lang='lat' dir='ltr'>ll.</span> 
     </span>
    </p>
   </div>
   <div class='ocr_carea' id='block_1_4' title="bbox 381 162 415 190">
    <p class='ocr_par' dir='ltr' id='par_1_4' title="bbox 381 162 415 190">
     <span class='ocr_line' id='line_1_5' title="bbox 381 162 415 190; baseline -0.059 0"><span class='ocrx_word' id='word_1_8' title='bbox 381 162 396 190; x_wconf 73' lang='grc'><strong>9</strong></span> <span class='ocrx_word' id='word_1_9' title='bbox 400 163 415 190; x_wconf 70' lang='lat'>(5</span> 
     </span>
    </p>
   </div>
   <div class='ocr_carea' id='block_1_5' title="bbox 700 238 898 267">
    <p class='ocr_par' dir='ltr' id='par_1_5' title="bbox 700 238 898 267">
     <span class='ocr_line' id='line_1_6' title="bbox 700 238 898 267; baseline -0.01 0"><span class='ocrx_word' id='word_1_10' title='bbox 700 240 790 267; x_wconf 65' lang='lat' dir='ltr'>sicinio</span> <span class='ocrx_word' id='word_1_11' title='bbox 812 238 866 266; x_wconf 81' lang='lat' dir='ltr'>Vlll</span> <span class='ocrx_word' id='word_1_12' title='bbox 879 239 898 265; x_wconf 87' lang='lat'>¹.</span> 
     </span>
    </p>
   </div>
   <div class='ocr_carea' id='block_1_6' title="bbox 380 339 1224 409">
    <p class='ocr_par' dir='ltr' id='par_1_6' title="bbox 380 339 1224 409">
     <span class='ocr_line' id='line_1_7' title="bbox 450 339 1224 370; baseline -0.004 -4"><span class='ocrx_word' id='word_1_13' title='bbox 450 342 528 370; x_wconf 69' lang='lat' dir='ltr'>Item,</span> <span class='ocrx_word' id='word_1_14' title='bbox 549 348 629 366; x_wconf 83' lang='lat' dir='ltr'>sermo</span> <span class='ocrx_word' id='word_1_15' title='bbox 648 341 735 365; x_wconf 79' lang='lat' dir='ltr'>fratris</span> <span class='ocrx_word' id='word_1_16' title='bbox 760 340 950 365; x_wconf 77' lang='lat' dir='ltr'>Bonaventurae</span> <span class='ocrx_word' id='word_1_17' title='bbox 978 339 1059 364; x_wconf 78' lang='lat' dir='ltr'>editus</span> <span class='ocrx_word' id='word_1_18' title='bbox 1083 346 1163 364; x_wconf 85' lang='lat' dir='ltr'>coram</span> <span class='ocrx_word' id='word_1_19' title='bbox 1187 345 1224 363; x_wconf 83' lang='lat' dir='ltr'>ca-</span> 
     </span>
     <span class='ocr_line' id='line_1_8' title="bbox 380 383 884 409; baseline 0 -1"><span class='ocrx_word' id='word_1_20' title='bbox 380 385 474 409; x_wconf 81' lang='lat' dir='ltr'>nonicis</span> <span class='ocrx_word' id='word_1_21' title='bbox 493 384 605 408; x_wconf 86' lang='lat' dir='ltr'>Parisius</span> <span class='ocrx_word' id='word_1_22' title='bbox 625 384 649 407; x_wconf 89' lang='lat' dir='ltr'>in</span> <span class='ocrx_word' id='word_1_23' title='bbox 669 383 770 407; x_wconf 77' lang='lat' dir='ltr'>ecclesia</span> <span class='ocrx_word' id='word_1_24' title='bbox 790 383 884 408; x_wconf 85' lang='lat' dir='ltr'>maiori.</span> 
     </span>
    </p>
   </div>
   <div class='ocr_carea' id='block_1_7' title="bbox 380 470 1224 834">
    <p class='ocr_par' dir='ltr' id='par_1_7' title="bbox 380 470 1224 644">
     <span class='ocr_line' id='line_1_9' title="bbox 462 470 1224 509; baseline -0.001 -9"><span class='ocrx_word' id='word_1_25' title='bbox 462 472 643 509; x_wconf 65' lang='lat' dir='ltr'>Eyredimini</span> <span class='ocrx_word' id='word_1_26' title='bbox 663 475 688 500; x_wconf 85' lang='lat' dir='ltr'>et</span> <span class='ocrx_word' id='word_1_27' title='bbox 710 472 814 505; x_wconf 73' lang='lat' dir='ltr'>uidete,</span> <span class='ocrx_word' id='word_1_28' title='bbox 842 470 921 507; x_wconf 76' lang='lat' dir='ltr'>filiae</span> <span class='ocrx_word' id='word_1_29' title='bbox 943 471 1029 505; x_wconf 86' lang='lat' dir='ltr'>Sion,</span> <span class='ocrx_word' id='word_1_30' title='bbox 1053 479 1147 508; x_wconf 72' lang='lat' dir='ltr'>reyem</span> <span class='ocrx_word' id='word_1_31' title='bbox 1170 470 1224 499; x_wconf 84' lang='lat' dir='ltr'>Sa-</span> 
     </span>
     <span class='ocr_line' id='line_1_10' title="bbox 381 517 1224 555; baseline -0.001 -9"><span class='ocrx_word' id='word_1_32' title='bbox 381 518 518 546; x_wconf 79' lang='lat' dir='ltr'>lomonem</span> <span class='ocrx_word' id='word_1_33' title='bbox 542 518 573 546; x_wconf 82' lang='lat' dir='ltr'>in</span> <span class='ocrx_word' id='word_1_34' title='bbox 592 518 771 551; x_wconf 83' lang='lat' dir='ltr'>diademate,</span> <span class='ocrx_word' id='word_1_35' title='bbox 794 526 850 555; x_wconf 80' lang='lat' dir='ltr'>quo</span> <span class='ocrx_word' id='word_1_36' title='bbox 879 518 1031 546; x_wconf 76' lang='lat' dir='ltr'>coronavit</span> <span class='ocrx_word' id='word_1_37' title='bbox 1057 517 1139 545; x_wconf 80' lang='lat' dir='ltr'>ittam</span> <span class='ocrx_word' id='word_1_38' title='bbox 1161 525 1224 545; x_wconf 73' lang='lat' dir='ltr'>inct-</span> 
     </span>
     <span class='ocr_line' id='line_1_11' title="bbox 381 563 1224 600; baseline -0.001 -8"><span class='ocrx_word' id='word_1_39' title='bbox 381 569 422 593; x_wconf 79' lang='lat' dir='ltr'>ter</span> <span class='ocrx_word' id='word_1_40' title='bbox 442 573 499 592; x_wconf 71' lang='lat' dir='ltr'>sua</span> <span class='ocrx_word' id='word_1_41' title='bbox 523 564 552 592; x_wconf 77' lang='grc' dir='ltr'>ῑη</span> <span class='ocrx_word' id='word_1_42' title='bbox 573 564 618 593; x_wconf 82' lang='lat' dir='ltr'>dic</span> <span class='ocrx_word' id='word_1_43' title='bbox 639 564 870 600; x_wconf 70' lang='lat' dir='ltr'><em>desponsationis</em></span> <span class='ocrx_word' id='word_1_44' title='bbox 893 564 971 592; x_wconf 75' lang='lat' dir='ltr'>tttz&#39;as</span> <span class='ocrx_word' id='word_1_45' title='bbox 986 564 1055 592; x_wconf 82' lang='lat' dir='ltr'>etin</span> <span class='ocrx_word' id='word_1_46' title='bbox 1076 564 1121 592; x_wconf 80' lang='lat' dir='ltr'>die</span> <span class='ocrx_word' id='word_1_47' title='bbox 1142 563 1224 592; x_wconf 82' lang='lat' dir='ltr'>tacti-</span> 
     </span>
     <span class='ocr_line' id='line_1_12' title="bbox 380 611 980 644; baseline -0.002 -5"><span class='ocrx_word' id='word_1_48' title='bbox 380 611 436 639; x_wconf 80' lang='lat' dir='ltr'>tiae</span> <span class='ocrx_word' id='word_1_49' title='bbox 457 611 554 639; x_wconf 78' lang='lat' dir='ltr'>cordis</span> <span class='ocrx_word' id='word_1_50' title='bbox 575 611 647 644; x_wconf 76' lang='lat' dir='ltr'>eius,</span> <span class='ocrx_word' id='word_1_51' title='bbox 669 611 844 639; x_wconf 80' lang='lat' dir='ltr'>Canticorum</span> <span class='ocrx_word' id='word_1_52' title='bbox 868 611 949 639; x_wconf 86' lang='lat' dir='ltr'>tertio</span> <span class='ocrx_word' id='word_1_53' title='bbox 961 611 980 638; x_wconf 87' lang='lat'>2.</span> 
     </span>
    </p>

    <p class='ocr_par' dir='ltr' id='par_1_8' title="bbox 380 657 1224 834">
     <span class='ocr_line' id='line_1_13' title="bbox 458 657 1224 694; baseline 0.001 -9"><span class='ocrx_word' id='word_1_54' title='bbox 458 658 579 694; x_wconf 82' lang='lat' dir='ltr'>Sapiens,</span> <span class='ocrx_word' id='word_1_55' title='bbox 601 658 704 694; x_wconf 78' lang='lat' dir='ltr'>Spiritu</span> <span class='ocrx_word' id='word_1_56' title='bbox 727 660 820 686; x_wconf 82' lang='lat' dir='ltr'>saneto</span> <span class='ocrx_word' id='word_1_57' title='bbox 836 661 1014 694; x_wconf 86' lang='lat' dir='ltr'>praeventus,</span> <span class='ocrx_word' id='word_1_58' title='bbox 1039 658 1165 686; x_wconf 85' lang='lat' dir='ltr'>hortatur</span> <span class='ocrx_word' id='word_1_59' title='bbox 1181 657 1224 686; x_wconf 88' lang='lat' dir='ltr'>his</span> 
     </span>
     <span class='ocr_line' id='line_1_14' title="bbox 380 704 1224 732; baseline 0.001 -1"><span class='ocrx_word' id='word_1_60' title='bbox 380 704 472 732; x_wconf 76' lang='lat' dir='ltr'>verbis</span> <span class='ocrx_word' id='word_1_61' title='bbox 494 712 601 732; x_wconf 87' lang='lat' dir='ltr'>omnem</span> <span class='ocrx_word' id='word_1_62' title='bbox 623 704 741 732; x_wconf 87' lang='lat' dir='ltr'>animam</span> <span class='ocrx_word' id='word_1_63' title='bbox 764 704 796 732; x_wconf 82' lang='lat' dir='ltr'>ad</span> <span class='ocrx_word' id='word_1_64' title='bbox 825 704 997 732; x_wconf 86' lang='lat' dir='ltr'>Nativitatem</span> <span class='ocrx_word' id='word_1_65' title='bbox 1019 704 1119 732; x_wconf 79' lang='lat' dir='ltr'>Christi</span> <span class='ocrx_word' id='word_1_66' title='bbox 1142 704 1224 732; x_wconf 84' lang='lat' dir='ltr'>devo-</span> 
     </span>
     <span class='ocr_line' id='line_1_15' title="bbox 381 750 1224 787; baseline 0 -9"><span class='ocrx_word' id='word_1_67' title='bbox 381 751 483 779; x_wconf 76' lang='lat' dir='ltr'>tissime</span> <span class='ocrx_word' id='word_1_68' title='bbox 505 751 695 779; x_wconf 71' lang='lat' dir='ltr'>celebrandam</span> <span class='ocrx_word' id='word_1_69' title='bbox 718 755 745 779; x_wconf 86' lang='lat' dir='ltr'>et</span> <span class='ocrx_word' id='word_1_70' title='bbox 765 751 974 787; x_wconf 74' lang='lat' dir='ltr'>diligentissime</span> <span class='ocrx_word' id='word_1_71' title='bbox 989 750 1181 779; x_wconf 82' lang='lat' dir='ltr'>ruminandam</span> <span class='ocrx_word' id='word_1_72' title='bbox 1197 754 1224 779; x_wconf 88' lang='lat' dir='ltr'>et</span> 
     </span>
     <span class='ocr_line' id='line_1_16' title="bbox 380 797 1223 834; baseline 0.001 -9"><span class='ocrx_word' id='word_1_73' title='bbox 380 797 582 834; x_wconf 72' lang='lat' dir='ltr'>speculandam.</span> <span class='ocrx_word' id='word_1_74' title='bbox 606 798 734 834; x_wconf 80' lang='lat' dir='ltr'>Proponit</span> <span class='ocrx_word' id='word_1_75' title='bbox 755 801 848 826; x_wconf 85' lang='lat' dir='ltr'>autem</span> <span class='ocrx_word' id='word_1_76' title='bbox 869 798 902 826; x_wconf 89' lang='lat' dir='ltr'>de</span> <span class='ocrx_word' id='word_1_77' title='bbox 925 798 975 826; x_wconf 82' lang='lat' dir='ltr'>ista</span> <span class='ocrx_word' id='word_1_78' title='bbox 997 806 1074 826; x_wconf 82' lang='lat' dir='ltr'>sacra</span> <span class='ocrx_word' id='word_1_79' title='bbox 1096 797 1223 826; x_wconf 88' lang='lat' dir='ltr'>solemni-</span> 
     </span>
    </p>
   </div>
   <div class='ocr_carea' id='block_1_8' title="bbox 355 844 1224 882">
    <p class='ocr_par' dir='ltr' id='par_1_9' title="bbox 355 844 1224 882">
     <span class='ocr_line' id='line_1_17' title="bbox 355 844 1224 882; baseline 0 -10"><span class='ocrx_word' id='word_1_80' title='bbox 355 853 364 870; x_wconf 52' lang='grc' dir='ltr'>ἰ</span> <span class='ocrx_word' id='word_1_81' title='bbox 381 847 436 872; x_wconf 84' lang='lat' dir='ltr'>tate</span> <span class='ocrx_word' id='word_1_82' title='bbox 458 844 557 880; x_wconf 84' lang='lat' dir='ltr'>primo,</span> <span class='ocrx_word' id='word_1_83' title='bbox 578 845 720 882; x_wconf 79' lang='lat' dir='ltr'>quomodo</span> <span class='ocrx_word' id='word_1_84' title='bbox 741 844 838 873; x_wconf 86' lang='lat' dir='ltr'>debeat</span> <span class='ocrx_word' id='word_1_85' title='bbox 869 845 1020 878; x_wconf 84' lang='lat' dir='ltr'>celebrari,</span> <span class='ocrx_word' id='word_1_86' title='bbox 1043 845 1107 881; x_wconf 83' lang='lat' dir='ltr'>quia</span> <span class='ocrx_word' id='word_1_87' title='bbox 1129 844 1224 873; x_wconf 78' lang='lat' dir='ltr'>devote</span> 
     </span>
    </p>
   </div>
   <div class='ocr_carea' id='block_1_9' title="bbox 374 891 1224 2658">
    <p class='ocr_par' dir='ltr' id='par_1_10' title="bbox 376 891 1224 1629">
     <span class='ocr_line' id='line_1_18' title="bbox 380 891 1223 928; baseline 0 -9"><span class='ocrx_word' id='word_1_88' title='bbox 380 893 406 919; x_wconf 82' lang='lat' dir='ltr'>et</span> <span class='ocrx_word' id='word_1_89' title='bbox 425 899 500 927; x_wconf 80' lang='lat' dir='ltr'>pure</span> <span class='ocrx_word' id='word_1_90' title='bbox 521 894 548 919; x_wconf 87' lang='lat' dir='ltr'>et</span> <span class='ocrx_word' id='word_1_91' title='bbox 568 891 694 924; x_wconf 78' lang='lat' dir='ltr'>sincere,</span> <span class='ocrx_word' id='word_1_92' title='bbox 716 899 778 919; x_wconf 81' lang='lat' dir='ltr'>cum</span> <span class='ocrx_word' id='word_1_93' title='bbox 801 891 880 919; x_wconf 76' lang='lat' dir='ltr'>dicit:</span> <span class='ocrx_word' id='word_1_94' title='bbox 906 891 1093 928; x_wconf 72' lang='lat' dir='ltr'>Eyredimini.</span> <span class='ocrx_word' id='word_1_95' title='bbox 1111 891 1161 920; x_wconf 80' lang='lat' dir='ltr'>Iste</span> <span class='ocrx_word' id='word_1_96' title='bbox 1175 899 1223 919; x_wconf 85' lang='lat' dir='ltr'>au-</span> 
     </span>
     <span class='ocr_line' id='line_1_19' title="bbox 381 938 1223 975; baseline 0 -10"><span class='ocrx_word' id='word_1_97' title='bbox 381 941 434 965; x_wconf 88' lang='lat' dir='ltr'>tem</span> <span class='ocrx_word' id='word_1_98' title='bbox 457 945 585 974; x_wconf 76' lang='lat' dir='ltr'>egressus</span> <span class='ocrx_word' id='word_1_99' title='bbox 606 946 659 966; x_wconf 90' lang='lat' dir='ltr'>non</span> <span class='ocrx_word' id='word_1_100' title='bbox 682 942 723 966; x_wconf 85' lang='lat' dir='ltr'>est</span> <span class='ocrx_word' id='word_1_101' title='bbox 750 939 799 967; x_wconf 85' lang='lat' dir='ltr'>nisi</span> <span class='ocrx_word' id='word_1_102' title='bbox 830 938 964 975; x_wconf 81' lang='lat' dir='ltr'>quaedam</span> <span class='ocrx_word' id='word_1_103' title='bbox 988 938 1161 975; x_wconf 70' lang='lat' dir='ltr'>praeparatio</span> <span class='ocrx_word' id='word_1_104' title='bbox 1183 938 1223 966; x_wconf 92' lang='lat' dir='ltr'>di-</span> 
     </span>
     <span class='ocr_line' id='line_1_20' title="bbox 380 984 1224 1023; baseline 0.001 -11"><span class='ocrx_word' id='word_1_105' title='bbox 380 992 432 1020; x_wconf 81' lang='lat' dir='ltr'>gna</span> <span class='ocrx_word' id='word_1_106' title='bbox 453 984 566 1013; x_wconf 86' lang='lat' dir='ltr'>devotae</span> <span class='ocrx_word' id='word_1_107' title='bbox 581 985 687 1013; x_wconf 88' lang='lat' dir='ltr'>mentis.</span> <span class='ocrx_word' id='word_1_108' title='bbox 704 1001 740 1005; x_wconf 84' lang='lat'>—-</span> <span class='ocrx_word' id='word_1_109' title='bbox 756 985 889 1019; x_wconf 80' lang='lat' dir='ltr'>Secundo,</span> <span class='ocrx_word' id='word_1_110' title='bbox 905 994 924 1013; x_wconf 86' lang='lat' dir='ltr'>a</span> <span class='ocrx_word' id='word_1_111' title='bbox 939 985 1045 1023; x_wconf 64' lang='lat' dir='ltr'>[litibus</span> <span class='ocrx_word' id='word_1_112' title='bbox 1065 985 1162 1013; x_wconf 88' lang='lat' dir='ltr'>debeat</span> <span class='ocrx_word' id='word_1_113' title='bbox 1183 993 1224 1013; x_wconf 79' lang='lat' dir='ltr'>ee-</span> 
     </span>
     <span class='ocr_line' id='line_1_21' title="bbox 381 1031 1222 1069; baseline 0.001 -10"><span class='ocrx_word' id='word_1_114' title='bbox 381 1031 497 1064; x_wconf 84' lang='lat' dir='ltr'>lebrari‚</span> <span class='ocrx_word' id='word_1_115' title='bbox 513 1032 578 1068; x_wconf 85' lang='lat' dir='ltr'>quia</span> <span class='ocrx_word' id='word_1_116' title='bbox 592 1040 607 1060; x_wconf 84' lang='lat' dir='ltr'>a</span> <span class='ocrx_word' id='word_1_117' title='bbox 629 1032 751 1066; x_wconf 77' lang='lat' dir='ltr'>clericis,</span> <span class='ocrx_word' id='word_1_118' title='bbox 768 1032 908 1069; x_wconf 78' lang='lat' dir='ltr'>Religiosis</span> <span class='ocrx_word' id='word_1_119' title='bbox 923 1036 950 1061; x_wconf 89' lang='lat' dir='ltr'>et</span> <span class='ocrx_word' id='word_1_120' title='bbox 965 1032 1037 1061; x_wconf 88' lang='lat' dir='ltr'>veris</span> <span class='ocrx_word' id='word_1_121' title='bbox 1051 1032 1222 1065; x_wconf 86' lang='lat' dir='ltr'>Christianis,</span> 
     </span>
     <span class='ocr_line' id='line_1_22' title="bbox 380 1078 1222 1115; baseline 0.001 -9"><span class='ocrx_word' id='word_1_122' title='bbox 380 1086 442 1106; x_wconf 76' lang='lat' dir='ltr'>rum</span> <span class='ocrx_word' id='word_1_123' title='bbox 464 1078 543 1106; x_wconf 79' lang='lat' dir='ltr'>dicit:</span> <span class='ocrx_word' id='word_1_124' title='bbox 565 1078 644 1114; x_wconf 72' lang='lat' dir='ltr'>filiae</span> <span class='ocrx_word' id='word_1_125' title='bbox 666 1079 751 1112; x_wconf 81' lang='lat' dir='ltr'>Sion,</span> <span class='ocrx_word' id='word_1_126' title='bbox 768 1086 838 1115; x_wconf 80' lang='lat' dir='ltr'>quae</span> <span class='ocrx_word' id='word_1_127' title='bbox 854 1079 1016 1115; x_wconf 73' lang='lat' dir='ltr'>intelligitur</span> <span class='ocrx_word' id='word_1_128' title='bbox 1037 1079 1155 1115; x_wconf 72' lang='lat' dir='ltr'>specula</span> <span class='ocrx_word' id='word_1_129' title='bbox 1181 1079 1222 1107; x_wconf 89' lang='lat' dir='ltr'>vel</span> 
     </span>
     <span class='ocr_line' id='line_1_23' title="bbox 378 1125 1223 1162; baseline 0.002 -10"><span class='ocrx_word' id='word_1_130' title='bbox 378 1125 545 1161; x_wconf 73' lang='lat' dir='ltr'>speculatio.</span> <span class='ocrx_word' id='word_1_131' title='bbox 568 1142 605 1145; x_wconf 86' lang='lat'><strong>—</strong></span> <span class='ocrx_word' id='word_1_132' title='bbox 623 1125 723 1157; x_wconf 72' lang='lat' dir='ltr'>Tertio,</span> <span class='ocrx_word' id='word_1_133' title='bbox 745 1125 779 1153; x_wconf 80' lang='lat' dir='ltr'>de</span> <span class='ocrx_word' id='word_1_134' title='bbox 800 1134 855 1162; x_wconf 77' lang='lat' dir='ltr'>quo</span> <span class='ocrx_word' id='word_1_135' title='bbox 876 1125 973 1154; x_wconf 85' lang='lat' dir='ltr'>debeat</span> <span class='ocrx_word' id='word_1_136' title='bbox 994 1126 1141 1160; x_wconf 81' lang='lat' dir='ltr'>celebrari,</span> <span class='ocrx_word' id='word_1_137' title='bbox 1157 1126 1223 1162; x_wconf 78' lang='lat' dir='ltr'>quia</span> 
     </span>
     <span class='ocr_line' id='line_1_24' title="bbox 378 1171 1222 1209; baseline 0.002 -10"><span class='ocrx_word' id='word_1_138' title='bbox 378 1171 411 1199; x_wconf 82' lang='lat' dir='ltr'>de</span> <span class='ocrx_word' id='word_1_139' title='bbox 426 1171 490 1199; x_wconf 85' lang='lat' dir='ltr'>Filio</span> <span class='ocrx_word' id='word_1_140' title='bbox 506 1172 584 1208; x_wconf 79' lang='lat' dir='ltr'>Regis</span> <span class='ocrx_word' id='word_1_141' title='bbox 599 1172 712 1202; x_wconf 81' lang='lat' dir='ltr'>aeterni.</span> <span class='ocrx_word' id='word_1_142' title='bbox 728 1180 790 1200; x_wconf 83' lang='lat' dir='ltr'>eum</span> <span class='ocrx_word' id='word_1_143' title='bbox 803 1172 882 1200; x_wconf 85' lang='lat' dir='ltr'>dicit:</span> <span class='ocrx_word' id='word_1_144' title='bbox 895 1176 921 1200; x_wconf 86' lang='lat' dir='ltr'>et</span> <span class='ocrx_word' id='word_1_145' title='bbox 936 1172 1023 1201; x_wconf 63' lang='lat' dir='ltr'>videte</span> <span class='ocrx_word' id='word_1_146' title='bbox 1036 1181 1127 1209; x_wconf 62' lang='lat' dir='ltr'>recem</span> <span class='ocrx_word' id='word_1_147' title='bbox 1142 1173 1222 1201; x_wconf 83' lang='lat' dir='ltr'>Salo-</span> 
     </span>
     <span class='ocr_line' id='line_1_25' title="bbox 379 1218 1221 1256; baseline 0.002 -10"><span class='ocrx_word' id='word_1_148' title='bbox 379 1226 507 1252; x_wconf 83' lang='lat' dir='ltr'>monem,</span> <span class='ocrx_word' id='word_1_149' title='bbox 524 1218 668 1255; x_wconf 77' lang='lat' dir='ltr'>pacificum</span> <span class='ocrx_word' id='word_1_150' title='bbox 684 1222 710 1247; x_wconf 88' lang='lat' dir='ltr'>et</span> <span class='ocrx_word' id='word_1_151' title='bbox 725 1219 878 1252; x_wconf 68' lang='lat' dir='ltr'>anialssiilein,</span> <span class='ocrx_word' id='word_1_152' title='bbox 893 1219 1043 1247; x_wconf 75' lang='lat' dir='ltr'>Christum.</span> <span class='ocrx_word' id='word_1_153' title='bbox 1058 1236 1092 1239; x_wconf 86' lang='lat'>——</span> <span class='ocrx_word' id='word_1_154' title='bbox 1108 1222 1221 1256; x_wconf 82' lang='lat' dir='ltr'>Quarto,</span> 
     </span>
     <span class='ocr_line' id='line_1_26' title="bbox 376 1265 1222 1303; baseline 0.002 -10"><span class='ocrx_word' id='word_1_155' title='bbox 376 1274 432 1302; x_wconf 73' lang='lat' dir='ltr'>pro</span> <span class='ocrx_word' id='word_1_156' title='bbox 453 1274 513 1303; x_wconf 75' lang='lat' dir='ltr'>qua</span> <span class='ocrx_word' id='word_1_157' title='bbox 534 1274 565 1293; x_wconf 79' lang='lat' dir='ltr'>re</span> <span class='ocrx_word' id='word_1_158' title='bbox 595 1265 691 1294; x_wconf 86' lang='lat' dir='ltr'>debeat</span> <span class='ocrx_word' id='word_1_159' title='bbox 722 1266 871 1299; x_wconf 82' lang='lat' dir='ltr'>celebrari,</span> <span class='ocrx_word' id='word_1_160' title='bbox 900 1266 965 1302; x_wconf 80' lang='lat' dir='ltr'>quia</span> <span class='ocrx_word' id='word_1_161' title='bbox 997 1274 1046 1302; x_wconf 88' lang='lat' dir='ltr'>pro</span> <span class='ocrx_word' id='word_1_162' title='bbox 1078 1267 1222 1295; x_wconf 84' lang='lat' dir='ltr'>Nativitate</span> 
     </span>
     <span class='ocr_line' id='line_1_27' title="bbox 379 1312 1222 1350; baseline 0.001 -10"><span class='ocrx_word' id='word_1_163' title='bbox 379 1312 542 1346; x_wconf 78' lang='lat' dir='ltr'>salvatoris,</span> <span class='ocrx_word' id='word_1_164' title='bbox 565 1320 627 1340; x_wconf 88' lang='lat' dir='ltr'>cum</span> <span class='ocrx_word' id='word_1_165' title='bbox 649 1312 729 1340; x_wconf 77' lang='lat' dir='ltr'>dicit:</span> <span class='ocrx_word' id='word_1_166' title='bbox 752 1312 782 1340; x_wconf 81' lang='lat' dir='ltr'>in</span> <span class='ocrx_word' id='word_1_167' title='bbox 804 1312 977 1345; x_wconf 82' lang='lat' dir='ltr'>diademate,</span> <span class='ocrx_word' id='word_1_168' title='bbox 999 1321 1055 1350; x_wconf 84' lang='lat' dir='ltr'>quo</span> <span class='ocrx_word' id='word_1_169' title='bbox 1071 1313 1222 1341; x_wconf 73' lang='lat' dir='ltr'>coroncwit</span> 
     </span>
     <span class='ocr_line' id='line_1_28' title="bbox 380 1359 1222 1396; baseline 0.002 -10"><span class='ocrx_word' id='word_1_170' title='bbox 380 1359 460 1387; x_wconf 74' lang='lat' dir='ltr'>ittam</span> <span class='ocrx_word' id='word_1_171' title='bbox 482 1363 576 1387; x_wconf 81' lang='lat' dir='ltr'>mater</span> <span class='ocrx_word' id='word_1_172' title='bbox 597 1367 664 1392; x_wconf 76' lang='lat' dir='ltr'>sua,</span> <span class='ocrx_word' id='word_1_173' title='bbox 687 1367 735 1395; x_wconf 86' lang='lat' dir='ltr'>per</span> <span class='ocrx_word' id='word_1_174' title='bbox 757 1367 884 1393; x_wconf 79' lang='lat' dir='ltr'>carnem,</span> <span class='ocrx_word' id='word_1_175' title='bbox 907 1359 935 1387; x_wconf 79' lang='lat' dir='ltr'>in</span> <span class='ocrx_word' id='word_1_176' title='bbox 959 1359 1004 1387; x_wconf 79' lang='lat' dir='ltr'>(lie</span> <span class='ocrx_word' id='word_1_177' title='bbox 1025 1359 1222 1396; x_wconf 73' lang='lat' dir='ltr'>desponsatio-</span> 
     </span>
     <span class='ocr_line' id='line_1_29' title="bbox 378 1405 1220 1441; baseline 0.002 -8"><span class='ocrx_word' id='word_1_178' title='bbox 378 1406 425 1433; x_wconf 75' lang='lat' dir='ltr'>nis</span> <span class='ocrx_word' id='word_1_179' title='bbox 447 1405 526 1433; x_wconf 73' lang='lat' dir='ltr'>illia-s</span> <span class='ocrx_word' id='word_1_180' title='bbox 547 1409 607 1439; x_wconf 61' lang='lat' dir='ltr'>ete„</span> <span class='ocrx_word' id='word_1_181' title='bbox 631 1406 739 1434; x_wconf 88' lang='lat' dir='ltr'>unionis</span> <span class='ocrx_word' id='word_1_182' title='bbox 760 1406 867 1434; x_wconf 88' lang='lat' dir='ltr'>divinae</span> <span class='ocrx_word' id='word_1_183' title='bbox 889 1410 1005 1435; x_wconf 85' lang='lat' dir='ltr'>naturae</span> <span class='ocrx_word' id='word_1_184' title='bbox 1026 1409 1053 1435; x_wconf 88' lang='lat' dir='ltr'>et</span> <span class='ocrx_word' id='word_1_185' title='bbox 1074 1407 1220 1441; x_wconf 79' lang='lat' dir='ltr'>humanae,</span> 
     </span>
     <span class='ocr_line' id='line_1_30' title="bbox 378 1452 1221 1488; baseline 0.002 -8"><span class='ocrx_word' id='word_1_186' title='bbox 378 1452 488 1481; x_wconf 90' lang='lat' dir='ltr'>unionis</span> <span class='ocrx_word' id='word_1_187' title='bbox 509 1460 572 1480; x_wconf 82' lang='lat' dir='ltr'>cum</span> <span class='ocrx_word' id='word_1_188' title='bbox 597 1453 729 1486; x_wconf 78' lang='lat' dir='ltr'>Ecclesia,</span> <span class='ocrx_word' id='word_1_189' title='bbox 745 1456 769 1480; x_wconf 88' lang='lat' dir='ltr'>et</span> <span class='ocrx_word' id='word_1_190' title='bbox 792 1453 821 1481; x_wconf 77' lang='lat' dir='ltr'>[n</span> <span class='ocrx_word' id='word_1_191' title='bbox 836 1453 881 1481; x_wconf 87' lang='lat' dir='ltr'>die</span> <span class='ocrx_word' id='word_1_192' title='bbox 895 1453 1022 1481; x_wconf 81' lang='lat' dir='ltr'>laetitiae</span> <span class='ocrx_word' id='word_1_193' title='bbox 1036 1454 1134 1482; x_wconf 63' lang='lat' dir='ltr'>cordis</span> <span class='ocrx_word' id='word_1_194' title='bbox 1148 1454 1221 1488; x_wconf 72' lang='lat' dir='ltr'>eius,</span> 
     </span>
     <span class='ocr_line' id='line_1_31' title="bbox 378 1499 1222 1538; baseline 0.004 -11"><span class='ocrx_word' id='word_1_195' title='bbox 378 1500 403 1527; x_wconf 90' lang='lat' dir='ltr'>id</span> <span class='ocrx_word' id='word_1_196' title='bbox 425 1503 466 1528; x_wconf 88' lang='lat' dir='ltr'>est</span> <span class='ocrx_word' id='word_1_197' title='bbox 487 1499 611 1527; x_wconf 76' lang='lat' dir='ltr'>utilitatis</span> <span class='ocrx_word' id='word_1_198' title='bbox 632 1500 808 1528; x_wconf 77' lang='lat' dir='ltr'>assumtionis</span> <span class='ocrx_word' id='word_1_199' title='bbox 829 1503 855 1528; x_wconf 91' lang='lat' dir='ltr'>et</span> <span class='ocrx_word' id='word_1_200' title='bbox 876 1500 986 1529; x_wconf 89' lang='lat' dir='ltr'>unionis</span> <span class='ocrx_word' id='word_1_201' title='bbox 1007 1501 1080 1529; x_wconf 92' lang='lat' dir='ltr'>illius</span> <span class='ocrx_word' id='word_1_202' title='bbox 1104 1504 1131 1529; x_wconf 88' lang='lat' dir='ltr'>et</span> <span class='ocrx_word' id='word_1_203' title='bbox 1155 1510 1222 1538; x_wconf 80' lang='lat' dir='ltr'>gau-</span> 
     </span>
     <span class='ocr_line' id='line_1_32' title="bbox 377 1546 1220 1581; baseline 0.004 -8"><span class='ocrx_word' id='word_1_204' title='bbox 377 1546 412 1574; x_wconf 90' lang='lat' dir='ltr'>dii</span> <span class='ocrx_word' id='word_1_205' title='bbox 435 1553 468 1574; x_wconf 82' lang='lat' dir='ltr'>ex</span> <span class='ocrx_word' id='word_1_206' title='bbox 493 1546 543 1573; x_wconf 86' lang='lat' dir='ltr'>hoc</span> <span class='ocrx_word' id='word_1_207' title='bbox 565 1546 723 1581; x_wconf 74' lang='lat' dir='ltr'>sempiterni</span> <span class='ocrx_word' id='word_1_208' title='bbox 747 1546 841 1575; x_wconf 85' lang='lat' dir='ltr'>beatae</span> <span class='ocrx_word' id='word_1_209' title='bbox 860 1547 958 1576; x_wconf 84' lang='lat' dir='ltr'>Mariae</span> <span class='ocrx_word' id='word_1_210' title='bbox 973 1551 1000 1576; x_wconf 92' lang='lat' dir='ltr'>et</span> <span class='ocrx_word' id='word_1_211' title='bbox 1014 1548 1179 1576; x_wconf 86' lang='lat' dir='ltr'>universalis</span> <span class='ocrx_word' id='word_1_212' title='bbox 1194 1548 1220 1576; x_wconf 91' lang='lat' dir='ltr'>in</span> 
     </span>
     <span class='ocr_line' id='line_1_33' title="bbox 378 1592 792 1629; baseline 0.002 -9"><span class='ocrx_word' id='word_1_213' title='bbox 378 1593 428 1620; x_wconf 86' lang='lat' dir='ltr'>hoc</span> <span class='ocrx_word' id='word_1_214' title='bbox 450 1592 629 1629; x_wconf 71' lang='lat' dir='ltr'>desponsatae</span> <span class='ocrx_word' id='word_1_215' title='bbox 651 1593 792 1622; x_wconf 74' lang='lat' dir='ltr'>Ecclesiae.</span> 
     </span>
    </p>

    <p class='ocr_par' dir='ltr' id='par_1_11' title="bbox 375 1639 1222 2285">
     <span class='ocr_line' id='line_1_34' title="bbox 456 1639 1222 1677; baseline 0.004 -10"><span class='ocrx_word' id='word_1_216' title='bbox 456 1639 472 1667; x_wconf 95' lang='lat' dir='ltr'>I.</span> <span class='ocrx_word' id='word_1_217' title='bbox 496 1639 572 1667; x_wconf 83' lang='lat' dir='ltr'>Circa</span> <span class='ocrx_word' id='word_1_218' title='bbox 595 1639 715 1676; x_wconf 84' lang='lat' dir='ltr'>primum</span> <span class='ocrx_word' id='word_1_219' title='bbox 739 1644 817 1674; x_wconf 84' lang='lat' dir='ltr'>nota,</span> <span class='ocrx_word' id='word_1_220' title='bbox 840 1641 913 1677; x_wconf 87' lang='lat' dir='ltr'>quod</span> <span class='ocrx_word' id='word_1_221' title='bbox 940 1642 960 1670; x_wconf 90' lang='lat' dir='ltr'>si</span> <span class='ocrx_word' id='word_1_222' title='bbox 991 1642 1121 1670; x_wconf 81' lang='lat' dir='ltr'>volumus</span> <span class='ocrx_word' id='word_1_223' title='bbox 1152 1642 1222 1670; x_wconf 82' lang='lat' dir='ltr'>eele-</span> 
     </span>
     <span class='ocr_line' id='line_1_35' title="bbox 378 1686 1220 1723; baseline 0.004 -9"><span class='ocrx_word' id='word_1_224' title='bbox 378 1686 458 1714; x_wconf 82' lang='lat' dir='ltr'>brare</span> <span class='ocrx_word' id='word_1_225' title='bbox 479 1686 575 1714; x_wconf 72' lang='lat' dir='ltr'>devote</span> <span class='ocrx_word' id='word_1_226' title='bbox 596 1690 622 1715; x_wconf 90' lang='lat' dir='ltr'>et</span> <span class='ocrx_word' id='word_1_227' title='bbox 642 1695 716 1723; x_wconf 81' lang='lat' dir='ltr'>pure</span> <span class='ocrx_word' id='word_1_228' title='bbox 737 1690 763 1715; x_wconf 87' lang='lat' dir='ltr'>et</span> <span class='ocrx_word' id='word_1_229' title='bbox 784 1688 894 1716; x_wconf 73' lang='lat' dir='ltr'>sineere</span> <span class='ocrx_word' id='word_1_230' title='bbox 915 1688 1014 1717; x_wconf 87' lang='lat' dir='ltr'>Christi</span> <span class='ocrx_word' id='word_1_231' title='bbox 1039 1689 1220 1723; x_wconf 77' lang='lat' dir='ltr'>Nativitatem,</span> 
     </span>
     <span class='ocr_line' id='line_1_36' title="bbox 376 1732 1221 1771; baseline 0.004 -10"><span class='ocrx_word' id='word_1_232' title='bbox 376 1732 509 1761; x_wconf 86' lang='lat' dir='ltr'>debemus</span> <span class='ocrx_word' id='word_1_233' title='bbox 529 1733 628 1770; x_wconf 57' lang='lat' dir='ltr'>egredi</span> <span class='ocrx_word' id='word_1_234' title='bbox 647 1733 680 1762; x_wconf 88' lang='lat' dir='ltr'>de</span> <span class='ocrx_word' id='word_1_235' title='bbox 701 1734 869 1770; x_wconf 67' lang='lat' dir='ltr'>eapn&#39;maate</span> <span class='ocrx_word' id='word_1_236' title='bbox 888 1739 1075 1771; x_wconf 75' lang='lat' dir='ltr'>peecatorum</span> <span class='ocrx_word' id='word_1_237' title='bbox 1090 1735 1123 1763; x_wconf 85' lang='lat' dir='ltr'>ad</span> <span class='ocrx_word' id='word_1_238' title='bbox 1140 1736 1221 1764; x_wconf 89' lang='lat' dir='ltr'>liber-</span> 
     </span>
     <span class='ocr_line' id='line_1_37' title="bbox 378 1780 1220 1817; baseline 0.004 -10"><span class='ocrx_word' id='word_1_239' title='bbox 378 1783 459 1808; x_wconf 82' lang='lat' dir='ltr'>tatem</span> <span class='ocrx_word' id='word_1_240' title='bbox 482 1780 617 1808; x_wconf 85' lang='lat' dir='ltr'>virtutum</span> <span class='ocrx_word' id='word_1_241' title='bbox 639 1780 743 1817; x_wconf 74' lang='lat' dir='ltr'>gratiae</span> <span class='ocrx_word' id='word_1_242' title='bbox 764 1784 791 1809; x_wconf 88' lang='lat' dir='ltr'>et</span> <span class='ocrx_word' id='word_1_243' title='bbox 816 1781 999 1810; x_wconf 82' lang='lat' dir='ltr'>desertionem</span> <span class='ocrx_word' id='word_1_244' title='bbox 1022 1782 1220 1815; x_wconf 85' lang='lat' dir='ltr'>1nundialium;</span> 
     </span>
     <span class='ocr_line' id='line_1_38' title="bbox 377 1825 1221 1864; baseline 0.005 -11"><span class='ocrx_word' id='word_1_245' title='bbox 377 1825 488 1854; x_wconf 85' lang='lat' dir='ltr'>Genesis</span> <span class='ocrx_word' id='word_1_246' title='bbox 508 1826 708 1855; x_wconf 67' lang='lat' dir='ltr'>duodecimoss:</span> <span class='ocrx_word' id='word_1_247' title='bbox 734 1828 874 1864; x_wconf 66' lang='lat' dir='ltr'>Eyredere</span> <span class='ocrx_word' id='word_1_248' title='bbox 895 1828 928 1856; x_wconf 89' lang='lat' dir='ltr'>de</span> <span class='ocrx_word' id='word_1_249' title='bbox 960 1832 1041 1856; x_wconf 86' lang='lat' dir='ltr'>terra</span> <span class='ocrx_word' id='word_1_250' title='bbox 1063 1834 1115 1856; x_wconf 85' lang='lat' dir='ltr'>tua</span> <span class='ocrx_word' id='word_1_251' title='bbox 1136 1833 1161 1856; x_wconf 84' lang='lat' dir='ltr'>et</span> <span class='ocrx_word' id='word_1_252' title='bbox 1188 1829 1221 1857; x_wconf 84' lang='lat' dir='ltr'>de</span> 
     </span>
     <span class='ocr_line' id='line_1_39' title="bbox 377 1873 1221 1911; baseline 0.005 -11"><span class='ocrx_word' id='word_1_253' title='bbox 377 1873 546 1909; x_wconf 60' lang='lat' dir='ltr'>connatione</span> <span class='ocrx_word' id='word_1_254' title='bbox 568 1877 620 1901; x_wconf 82' lang='lat' dir='ltr'>tua</span> <span class='ocrx_word' id='word_1_255' title='bbox 641 1877 665 1901; x_wconf 86' lang='lat' dir='ltr'>et</span> <span class='ocrx_word' id='word_1_256' title='bbox 693 1874 726 1902; x_wconf 85' lang='lat' dir='ltr'>dc</span> <span class='ocrx_word' id='word_1_257' title='bbox 751 1874 835 1902; x_wconf 83' lang='lat' dir='ltr'>domo</span> <span class='ocrx_word' id='word_1_258' title='bbox 857 1875 953 1911; x_wconf 80' lang='lat' dir='ltr'>patris</span> <span class='ocrx_word' id='word_1_259' title='bbox 980 1875 1024 1903; x_wconf 81' lang='lat' dir='ltr'>tui</span> <span class='ocrx_word' id='word_1_260' title='bbox 1044 1878 1094 1903; x_wconf 78' lang='lat' dir='ltr'>ete.</span> <span class='ocrx_word' id='word_1_261' title='bbox 1118 1892 1153 1896; x_wconf 96' lang='lat'>—</span> <span class='ocrx_word' id='word_1_262' title='bbox 1183 1876 1221 1904; x_wconf 88' lang='lat' dir='ltr'>De</span> 
     </span>
     <span class='ocr_line' id='line_1_40' title="bbox 377 1920 1221 1956; baseline 0.005 -9"><span class='ocrx_word' id='word_1_263' title='bbox 377 1920 519 1956; x_wconf 74' lang='lat' dir='ltr'>opacitate</span> <span class='ocrx_word' id='word_1_264' title='bbox 547 1920 737 1949; x_wconf 68' lang='lat' dir='ltr'>intellectuum</span> <span class='ocrx_word' id='word_1_265' title='bbox 767 1921 800 1949; x_wconf 88' lang='lat' dir='ltr'>ad</span> <span class='ocrx_word' id='word_1_266' title='bbox 832 1922 984 1950; x_wconf 74' lang='lat' dir='ltr'>claritatem</span> <span class='ocrx_word' id='word_1_267' title='bbox 1016 1923 1152 1951; x_wconf 89' lang='lat' dir='ltr'>luminum</span> <span class='ocrx_word' id='word_1_268' title='bbox 1179 1931 1221 1951; x_wconf 88' lang='lat' dir='ltr'>sa-</span> 
     </span>
     <span class='ocr_line' id='line_1_41' title="bbox 377 1966 1221 2006; baseline 0.002 -11"><span class='ocrx_word' id='word_1_269' title='bbox 377 1966 493 2003; x_wconf 78' lang='lat' dir='ltr'>pientiae</span> <span class='ocrx_word' id='word_1_270' title='bbox 516 1974 564 2002; x_wconf 88' lang='lat' dir='ltr'>per</span> <span class='ocrx_word' id='word_1_271' title='bbox 586 1967 788 1996; x_wconf 76' lang='lat' dir='ltr'>meditationem</span> <span class='ocrx_word' id='word_1_272' title='bbox 813 1968 987 2001; x_wconf 75' lang='lat' dir='ltr'>caelestium3</span> <span class='ocrx_word' id='word_1_273' title='bbox 1014 1968 1125 1997; x_wconf 84' lang='lat' dir='ltr'>Genesis</span> <span class='ocrx_word' id='word_1_274' title='bbox 1148 1969 1221 2006; x_wconf 82' lang='lat' dir='ltr'>vige-</span> 
     </span>
     <span class='ocr_line' id='line_1_42' title="bbox 376 2013 1221 2051; baseline 0.004 -10"><span class='ocrx_word' id='word_1_275' title='bbox 376 2013 445 2041; x_wconf 85' lang='lat' dir='ltr'>simo</span> <span class='ocrx_word' id='word_1_276' title='bbox 466 2017 578 2050; x_wconf 80' lang='lat' dir='ltr'>quarto:</span> <span class='ocrx_word' id='word_1_277' title='bbox 602 2014 744 2051; x_wconf 69' lang='lat' dir='ltr'>Egyres-sas</span> <span class='ocrx_word' id='word_1_278' title='bbox 765 2013 865 2050; x_wconf 80' lang='lat' dir='ltr'>fuerat</span> <span class='ocrx_word' id='word_1_279' title='bbox 887 2015 927 2043; x_wconf 85' lang='lat' dir='ltr'>ad</span> <span class='ocrx_word' id='word_1_280' title='bbox 957 2016 1157 2044; x_wconf 81' lang='lat' dir='ltr'>meditandum</span> <span class='ocrx_word' id='word_1_281' title='bbox 1190 2017 1221 2044; x_wconf 87' lang='lat' dir='ltr'>in</span> 
     </span>
     <span class='ocr_line' id='line_1_43' title="bbox 376 2061 1221 2099; baseline 0.005 -11"><span class='ocrx_word' id='word_1_282' title='bbox 376 2068 450 2097; x_wconf 70' lang='lat' dir='ltr'>(tyro</span> <span class='ocrx_word' id='word_1_283' title='bbox 472 2063 522 2088; x_wconf 78' lang='lat' dir='ltr'>etc.</span> <span class='ocrx_word' id='word_1_284' title='bbox 546 2077 582 2081; x_wconf 80' lang='lat'>-</span> <span class='ocrx_word' id='word_1_285' title='bbox 604 2061 642 2089; x_wconf 91' lang='lat' dir='ltr'>De</span> <span class='ocrx_word' id='word_1_286' title='bbox 665 2065 825 2098; x_wconf 72' lang='lat' dir='ltr'>tempestate</span> <span class='ocrx_word' id='word_1_287' title='bbox 847 2063 1070 2099; x_wconf 81' lang='lat' dir='ltr'>occupationum</span> <span class='ocrx_word' id='word_1_288' title='bbox 1102 2064 1221 2092; x_wconf 85' lang='lat' dir='ltr'>exterio-</span> 
     </span>
     <span class='ocr_line' id='line_1_44' title="bbox 377 2107 1219 2146; baseline 0.005 -12"><span class='ocrx_word' id='word_1_289' title='bbox 377 2115 438 2135; x_wconf 87' lang='lat' dir='ltr'>rum</span> <span class='ocrx_word' id='word_1_290' title='bbox 460 2107 492 2135; x_wconf 86' lang='lat' dir='ltr'>ad</span> <span class='ocrx_word' id='word_1_291' title='bbox 515 2107 711 2136; x_wconf 81' lang='lat' dir='ltr'>iucunditatem</span> <span class='ocrx_word' id='word_1_292' title='bbox 734 2111 910 2137; x_wconf 83' lang='lat' dir='ltr'>aeternorum</span> <span class='ocrx_word' id='word_1_293' title='bbox 928 2117 976 2146; x_wconf 92' lang='lat' dir='ltr'>per</span> <span class='ocrx_word' id='word_1_294' title='bbox 992 2110 1219 2146; x_wconf 76' lang='lat' dir='ltr'>tranquillitatem</span> 
     </span>
     <span class='ocr_line' id='line_1_45' title="bbox 376 2154 1221 2193; baseline 0.005 -12"><span class='ocrx_word' id='word_1_295' title='bbox 376 2154 555 2188; x_wconf 71' lang='lat' dir='ltr'>interiorumg</span> <span class='ocrx_word' id='word_1_296' title='bbox 584 2154 760 2183; x_wconf 81' lang='lat' dir='ltr'>Cautieorum</span> <span class='ocrx_word' id='word_1_297' title='bbox 793 2156 923 2192; x_wconf 91' lang='lat' dir='ltr'>septimo:</span> <span class='ocrx_word' id='word_1_298' title='bbox 960 2156 1158 2193; x_wconf 71' lang='lat' dir='ltr'>Eyrediamur</span> <span class='ocrx_word' id='word_1_299' title='bbox 1190 2157 1221 2185; x_wconf 82' lang='lat' dir='ltr'>in</span> 
     </span>
     <span class='ocr_line' id='line_1_46' title="bbox 376 2202 1221 2241; baseline 0.004 -13"><span class='ocrx_word' id='word_1_300' title='bbox 376 2209 501 2236; x_wconf 62' lang='lat' dir='ltr'>(tortian,</span> <span class='ocrx_word' id='word_1_301' title='bbox 524 2209 738 2229; x_wconf 74' lang='lat' dir='ltr'>conmnoremur</span> <span class='ocrx_word' id='word_1_302' title='bbox 771 2202 801 2230; x_wconf 85' lang='lat' dir='ltr'>in</span> <span class='ocrx_word' id='word_1_303' title='bbox 829 2202 923 2237; x_wconf 61' lang='lat' dir='ltr'>vitus,</span> <span class='ocrx_word' id='word_1_304' title='bbox 945 2212 1031 2231; x_wconf 83' lang='lat' dir='ltr'>mane</span> <span class='ocrx_word' id='word_1_305' title='bbox 1057 2212 1221 2241; x_wconf 72' lang='lat' dir='ltr'>surgyamus</span> 
     </span>
     <span class='ocr_line' id='line_1_47' title="bbox 375 2247 1012 2285; baseline 0.005 -10"><span class='ocrx_word' id='word_1_306' title='bbox 375 2248 415 2275; x_wconf 85' lang='lat' dir='ltr'>ad</span> <span class='ocrx_word' id='word_1_307' title='bbox 438 2247 545 2281; x_wconf 68' lang='lat' dir='ltr'>vineas5</span> <span class='ocrx_word' id='word_1_308' title='bbox 568 2248 729 2282; x_wconf 76' lang='lat' dir='ltr'>videamus,</span> <span class='ocrx_word' id='word_1_309' title='bbox 751 2249 779 2277; x_wconf 74' lang='lat' dir='ltr'>Si</span> <span class='ocrx_word' id='word_1_310' title='bbox 797 2248 899 2285; x_wconf 74' lang='lat' dir='ltr'>floruit</span> <span class='ocrx_word' id='word_1_311' title='bbox 919 2250 1012 2278; x_wconf 77' lang='lat' dir='ltr'>vinea.</span> 
     </span>
    </p>

    <p class='ocr_par' dir='ltr' id='par_1_12' title="bbox 374 2294 1221 2658">
     <span class='ocr_line' id='line_1_48' title="bbox 455 2294 1220 2333; baseline 0.007 -12"><span class='ocrx_word' id='word_1_312' title='bbox 455 2294 482 2321; x_wconf 86' lang='lat' dir='ltr'>ll.</span> <span class='ocrx_word' id='word_1_313' title='bbox 504 2294 581 2323; x_wconf 82' lang='lat' dir='ltr'>Circa</span> <span class='ocrx_word' id='word_1_314' title='bbox 603 2295 753 2323; x_wconf 85' lang='lat' dir='ltr'>secundum</span> <span class='ocrx_word' id='word_1_315' title='bbox 780 2299 860 2329; x_wconf 85' lang='lat' dir='ltr'>nota,</span> <span class='ocrx_word' id='word_1_316' title='bbox 883 2297 956 2333; x_wconf 84' lang='lat' dir='ltr'>quod</span> <span class='ocrx_word' id='word_1_317' title='bbox 985 2297 1075 2326; x_wconf 79' lang='lat' dir='ltr'>cleriei</span> <span class='ocrx_word' id='word_1_318' title='bbox 1103 2300 1130 2326; x_wconf 90' lang='lat' dir='ltr'>et</span> <span class='ocrx_word' id='word_1_319' title='bbox 1152 2298 1220 2326; x_wconf 81' lang='lat' dir='ltr'>Reli-</span> 
     </span>
     <span class='ocr_line' id='line_1_49' title="bbox 376 2341 1220 2379; baseline 0.005 -11"><span class='ocrx_word' id='word_1_320' title='bbox 376 2341 441 2377; x_wconf 68' lang='lat' dir='ltr'>giosi</span> <span class='ocrx_word' id='word_1_321' title='bbox 465 2345 491 2369; x_wconf 93' lang='lat' dir='ltr'>et</span> <span class='ocrx_word' id='word_1_322' title='bbox 513 2341 570 2369; x_wconf 79' lang='lat' dir='ltr'>veri</span> <span class='ocrx_word' id='word_1_323' title='bbox 592 2341 700 2375; x_wconf 83' lang='lat' dir='ltr'>fideles,</span> <span class='ocrx_word' id='word_1_324' title='bbox 722 2342 802 2379; x_wconf 79' lang='lat' dir='ltr'>digne</span> <span class='ocrx_word' id='word_1_325' title='bbox 824 2343 946 2372; x_wconf 87' lang='lat' dir='ltr'>volentes</span> <span class='ocrx_word' id='word_1_326' title='bbox 970 2343 1069 2372; x_wconf 84' lang='lat' dir='ltr'>Christi</span> <span class='ocrx_word' id='word_1_327' title='bbox 1092 2344 1220 2372; x_wconf 87' lang='lat' dir='ltr'>Nativita-</span> 
     </span>
     <span class='ocr_line' id='line_1_50' title="bbox 377 2388 1221 2426; baseline 0.006 -12"><span class='ocrx_word' id='word_1_328' title='bbox 377 2390 429 2415; x_wconf 87' lang='lat' dir='ltr'>tem</span> <span class='ocrx_word' id='word_1_329' title='bbox 452 2388 555 2421; x_wconf 74' lang='lat' dir='ltr'>eolere,</span> <span class='ocrx_word' id='word_1_330' title='bbox 570 2388 670 2416; x_wconf 86' lang='lat' dir='ltr'>debent</span> <span class='ocrx_word' id='word_1_331' title='bbox 685 2396 743 2417; x_wconf 88' lang='lat' dir='ltr'>esse</span> <span class='ocrx_word' id='word_1_332' title='bbox 764 2388 843 2425; x_wconf 77' lang='lat' dir='ltr'>filiae</span> <span class='ocrx_word' id='word_1_333' title='bbox 865 2389 934 2418; x_wconf 83' lang='lat' dir='ltr'>Sion</span> <span class='ocrx_word' id='word_1_334' title='bbox 954 2398 1003 2426; x_wconf 89' lang='lat' dir='ltr'>per</span> <span class='ocrx_word' id='word_1_335' title='bbox 1029 2390 1156 2418; x_wconf 82' lang='lat' dir='ltr'>decorem</span> <span class='ocrx_word' id='word_1_336' title='bbox 1181 2391 1221 2419; x_wconf 90' lang='lat' dir='ltr'>in-</span> 
     </span>
     <span class='ocr_line' id='line_1_51' title="bbox 376 2435 1220 2471; baseline 0.004 -8"><span class='ocrx_word' id='word_1_337' title='bbox 376 2435 510 2471; x_wconf 77' lang='lat' dir='ltr'>tegritatis</span> <span class='ocrx_word' id='word_1_338' title='bbox 532 2443 680 2469; x_wconf 87' lang='lat' dir='ltr'>sensuum;</span> <span class='ocrx_word' id='word_1_339' title='bbox 703 2436 878 2464; x_wconf 87' lang='lat' dir='ltr'>Canticorum</span> <span class='ocrx_word' id='word_1_340' title='bbox 901 2437 1061 2465; x_wconf 69' lang='lat' dir='ltr'>seeundo42</span> <span class='ocrx_word' id='word_1_341' title='bbox 1084 2437 1166 2466; x_wconf 83' lang='lat' dir='ltr'>Sicut</span> <span class='ocrx_word' id='word_1_342' title='bbox 1187 2437 1220 2466; x_wconf 83' lang='lat' dir='ltr'>li—</span> 
     </span>
     <span class='ocr_line' id='line_1_52' title="bbox 375 2481 1221 2520; baseline 0.004 -12"><span class='ocrx_word' id='word_1_343' title='bbox 375 2481 447 2509; x_wconf 80' lang='lat' dir='ltr'>lium</span> <span class='ocrx_word' id='word_1_344' title='bbox 469 2481 544 2509; x_wconf 82' lang='lat' dir='ltr'>inter</span> <span class='ocrx_word' id='word_1_345' title='bbox 564 2482 682 2517; x_wconf 66' lang='lat' dir='ltr'>spinas,</span> <span class='ocrx_word' id='word_1_346' title='bbox 704 2482 746 2510; x_wconf 76' lang='lat' dir='ltr'>sic</span> <span class='ocrx_word' id='word_1_347' title='bbox 768 2483 867 2510; x_wconf 82' lang='lat' dir='ltr'>amica</span> <span class='ocrx_word' id='word_1_348' title='bbox 888 2492 953 2511; x_wconf 88' lang='lat' dir='ltr'>mea</span> <span class='ocrx_word' id='word_1_349' title='bbox 974 2484 1049 2512; x_wconf 75' lang='lat' dir='ltr'>inter</span> <span class='ocrx_word' id='word_1_350' title='bbox 1069 2483 1156 2520; x_wconf 54' lang='lat' dir='ltr'>silias».</span> <span class='ocrx_word' id='word_1_351' title='bbox 1182 2501 1221 2505; x_wconf 85' lang='lat'>—-</span> 
     </span>
     <span class='ocr_line' id='line_1_53' title="bbox 376 2528 1219 2566; baseline 0.005 -11"><span class='ocrx_word' id='word_1_352' title='bbox 376 2528 424 2556; x_wconf 85' lang='lat' dir='ltr'>Per</span> <span class='ocrx_word' id='word_1_353' title='bbox 444 2528 657 2564; x_wconf 75' lang='lat' dir='ltr'>gyratiositatem</span> <span class='ocrx_word' id='word_1_354' title='bbox 679 2530 906 2565; x_wconf 83' lang='lat' dir='ltr'>promptitudinis</span> <span class='ocrx_word' id='word_1_355' title='bbox 921 2530 1131 2566; x_wconf 82' lang='lat' dir='ltr'>mysteriorum;</span> <span class='ocrx_word' id='word_1_356' title='bbox 1149 2531 1219 2559; x_wconf 87' lang='lat' dir='ltr'>Psal-</span> 
     </span>
     <span class='ocr_line' id='line_1_54' title="bbox 374 2575 1217 2609; baseline 0.005 -7"><span class='ocrx_word' id='word_1_357' title='bbox 374 2582 451 2603; x_wconf 90' lang='lat' dir='ltr'>mus:</span> <span class='ocrx_word' id='word_1_358' title='bbox 475 2575 571 2608; x_wconf 79' lang='lat' dir='ltr'>Audi,</span> <span class='ocrx_word' id='word_1_359' title='bbox 593 2575 666 2609; x_wconf 72' lang='lat' dir='ltr'>lilia,</span> <span class='ocrx_word' id='word_1_360' title='bbox 688 2580 713 2604; x_wconf 80' lang='lat' dir='ltr'>et</span> <span class='ocrx_word' id='word_1_361' title='bbox 734 2576 798 2604; x_wconf 80' lang='lat' dir='ltr'>vide</span> <span class='ocrx_word' id='word_1_362' title='bbox 818 2580 844 2604; x_wconf 85' lang='lat' dir='ltr'>et</span> <span class='ocrx_word' id='word_1_363' title='bbox 869 2577 980 2605; x_wconf 81' lang='lat' dir='ltr'>inclina</span> <span class='ocrx_word' id='word_1_364' title='bbox 1001 2586 1105 2605; x_wconf 85' lang='lat' dir='ltr'>aurem</span> <span class='ocrx_word' id='word_1_365' title='bbox 1127 2581 1217 2606; x_wconf 85' lang='lat' dir='ltr'>tuam.</span> 
     </span>
     <span class='ocr_line' id='line_1_55' title="bbox 376 2622 1218 2658; baseline 0.005 -9"><span class='ocrx_word' id='word_1_366' title='bbox 376 2639 414 2642; x_wconf 87' lang='lat'><strong>—</strong></span> <span class='ocrx_word' id='word_1_367' title='bbox 436 2622 484 2650; x_wconf 86' lang='lat' dir='ltr'>Per</span> <span class='ocrx_word' id='word_1_368' title='bbox 506 2626 642 2650; x_wconf 79' lang='lat' dir='ltr'>ornatmn</span> <span class='ocrx_word' id='word_1_369' title='bbox 667 2623 895 2652; x_wconf 84' lang='lat' dir='ltr'>nuiltiformitatis</span> <span class='ocrx_word' id='word_1_370' title='bbox 910 2624 1062 2658; x_wconf 87' lang='lat' dir='ltr'>virtutum;</span> <span class='ocrx_word' id='word_1_371' title='bbox 1080 2625 1218 2653; x_wconf 82' lang='lat' dir='ltr'>Psalmus:</span> 
     </span>
    </p>
   </div>
   <div class='ocr_carea' id='block_1_10' title="bbox 375 2754 1220 2978">
    <p class='ocr_par' dir='ltr' id='par_1_13' title="bbox 440 2754 670 2777">
     <span class='ocr_line' id='line_1_56' title="bbox 440 2754 670 2777; baseline 0 -1"><span class='ocrx_word' id='word_1_372' title='bbox 440 2754 444 2768; x_wconf 80' lang='lat'>¹</span> <span class='ocrx_word' id='word_1_373' title='bbox 463 2755 492 2777; x_wconf 77' lang='lat' dir='ltr'>Ex</span> <span class='ocrx_word' id='word_1_374' title='bbox 511 2756 528 2776; x_wconf 73' lang='lat' dir='ltr'>A</span> <span class='ocrx_word' id='word_1_375' title='bbox 546 2755 582 2777; x_wconf 75' lang='lat' dir='ltr'>l&#39;ol.</span> <span class='ocrx_word' id='word_1_376' title='bbox 600 2756 629 2777; x_wconf 77' lang='lat'>52</span> <span class='ocrx_word' id='word_1_377' title='bbox 647 2761 670 2776; x_wconf 85' lang='lat' dir='ltr'>v.</span> 
     </span>
    </p>

    <p class='ocr_par' dir='ltr' id='par_1_14' title="bbox 437 2792 584 2816">
     <span class='ocr_line' id='line_1_57' title="bbox 437 2792 584 2816; baseline 0 -1"><span class='ocrx_word' id='word_1_378' title='bbox 437 2792 445 2805; x_wconf 74' lang='lat'><strong>²</strong></span> <span class='ocrx_word' id='word_1_379' title='bbox 464 2794 529 2816; x_wconf 71' lang='lat' dir='ltr'>Vers.</span> <span class='ocrx_word' id='word_1_380' title='bbox 551 2795 584 2815; x_wconf 93' lang='lat' dir='ltr'>ll.</span> 
     </span>
    </p>

    <p class='ocr_par' dir='ltr' id='par_1_15' title="bbox 436 2831 1196 2865">
     <span class='ocr_line' id='line_1_58' title="bbox 436 2831 1196 2865; baseline 0.007 -11"><span class='ocrx_word' id='word_1_381' title='bbox 436 2831 445 2844; x_wconf 80' lang='lat'>³</span> <span class='ocrx_word' id='word_1_382' title='bbox 465 2833 528 2855; x_wconf 73' lang='lat' dir='ltr'>Vers.</span> <span class='ocrx_word' id='word_1_383' title='bbox 551 2834 573 2860; x_wconf 81' lang='lat' dir='ltr'>l;</span> <span class='ocrx_word' id='word_1_384' title='bbox 591 2837 719 2861; x_wconf 81' lang='lat' dir='ltr'>sequuntur</span> <span class='ocrx_word' id='word_1_385' title='bbox 737 2834 792 2856; x_wconf 84' lang='lat' dir='ltr'>Gen.</span> <span class='ocrx_word' id='word_1_386' title='bbox 812 2834 853 2861; x_wconf 64' lang='lat'>-24,</span> <span class='ocrx_word' id='word_1_387' title='bbox 873 2834 910 2856; x_wconf 84' lang='grc'>63.</span> <span class='ocrx_word' id='word_1_388' title='bbox 928 2838 950 2857; x_wconf 83' lang='lat' dir='ltr'>et</span> <span class='ocrx_word' id='word_1_389' title='bbox 966 2834 1031 2858; x_wconf 78' lang='lat' dir='ltr'>Cant.</span> <span class='ocrx_word' id='word_1_390' title='bbox 1048 2836 1074 2864; x_wconf 84' lang='lat'>7,</span> <span class='ocrx_word' id='word_1_391' title='bbox 1094 2837 1130 2858; x_wconf 82' lang='lat' dir='ltr'>lt.</span> <span class='ocrx_word' id='word_1_392' title='bbox 1148 2843 1196 2865; x_wconf 82' lang='lat' dir='ltr'>seq.</span> 
     </span>
    </p>

    <p class='ocr_par' dir='ltr' id='par_1_16' title="bbox 436 2871 1108 2901">
     <span class='ocr_line' id='line_1_59' title="bbox 436 2871 1108 2901; baseline 0.006 -8"><span class='ocrx_word' id='word_1_393' title='bbox 436 2871 444 2883; x_wconf 74' lang='lat'>⁴</span> <span class='ocrx_word' id='word_1_394' title='bbox 464 2872 529 2894; x_wconf 75' lang='lat' dir='ltr'>Vers.</span> <span class='ocrx_word' id='word_1_395' title='bbox 547 2873 567 2893; x_wconf 73' lang='lat'>2.</span> <span class='ocrx_word' id='word_1_396' title='bbox 587 2872 673 2895; x_wconf 83' lang='lat' dir='ltr'>Deinde</span> <span class='ocrx_word' id='word_1_397' title='bbox 690 2873 794 2901; x_wconf 81' lang='lat' dir='ltr'>sequitur</span> <span class='ocrx_word' id='word_1_398' title='bbox 813 2874 846 2895; x_wconf 72' lang='lat' dir='ltr'>l‘s.</span> <span class='ocrx_word' id='word_1_399' title='bbox 867 2873 902 2899; x_wconf 73' lang='lat' dir='ltr'>tt,</span> <span class='ocrx_word' id='word_1_400' title='bbox 924 2874 957 2896; x_wconf 88' lang='grc'>11.</span> <span class='ocrx_word' id='word_1_401' title='bbox 975 2877 997 2896; x_wconf 88' lang='lat' dir='ltr'>et</span> <span class='ocrx_word' id='word_1_402' title='bbox 1019 2875 1053 2897; x_wconf 72' lang='lat' dir='ltr'>lli.</span> <span class='ocrx_word' id='word_1_403' title='bbox 1075 2876 1108 2897; x_wconf 80' lang='lat'>15.</span> 
     </span>
    </p>

    <p class='ocr_par' dir='ltr' id='par_1_17' title="bbox 375 2909 1220 2978">
     <span class='ocr_line' id='line_1_60' title="bbox 436 2909 1220 2941; baseline 0.006 -9"><span class='ocrx_word' id='word_1_404' title='bbox 436 2909 444 2921; x_wconf 84' lang='lat'>⁵</span> <span class='ocrx_word' id='word_1_405' title='bbox 462 2911 527 2933; x_wconf 71' lang='lat' dir='ltr'>Yers.</span> <span class='ocrx_word' id='word_1_406' title='bbox 549 2911 588 2939; x_wconf 75' lang='lat'>163</span> <span class='ocrx_word' id='word_1_407' title='bbox 606 2915 735 2940; x_wconf 84' lang='lat' dir='ltr'>sequuntur</span> <span class='ocrx_word' id='word_1_408' title='bbox 754 2913 793 2934; x_wconf 82' lang='lat' dir='ltr'>ler.</span> <span class='ocrx_word' id='word_1_409' title='bbox 812 2913 848 2939; x_wconf 74' lang='lat'>23,</span> <span class='ocrx_word' id='word_1_410' title='bbox 867 2913 889 2935; x_wconf 73' lang='grc' dir='ltr'>ὃ.</span> <span class='ocrx_word' id='word_1_411' title='bbox 906 2916 927 2935; x_wconf 84' lang='lat' dir='ltr'>et</span> <span class='ocrx_word' id='word_1_412' title='bbox 946 2914 979 2935; x_wconf 66' lang='grc' dir='ltr'>ΡΞ.</span> <span class='ocrx_word' id='word_1_413' title='bbox 998 2914 1035 2941; x_wconf 86' lang='grc'>71,</span> <span class='ocrx_word' id='word_1_414' title='bbox 1054 2915 1075 2936; x_wconf 76' lang='lat'>2.</span> <span class='ocrx_word' id='word_1_415' title='bbox 1098 2918 1119 2937; x_wconf 84' lang='lat' dir='ltr'>et</span> <span class='ocrx_word' id='word_1_416' title='bbox 1144 2915 1167 2937; x_wconf 89' lang='lat'>7.</span> <span class='ocrx_word' id='word_1_417' title='bbox 1188 2927 1220 2932; x_wconf 92' lang='lat'><strong>—</strong></span> 
     </span>
     <span class='ocr_line' id='line_1_61' title="bbox 375 2949 609 2978; baseline 0.009 -8"><span class='ocrx_word' id='word_1_418' title='bbox 375 2949 427 2972; x_wconf 71' lang='lat' dir='ltr'>Pars</span> <span class='ocrx_word' id='word_1_419' title='bbox 439 2954 519 2978; x_wconf 81' lang='lat' dir='ltr'>quarta</span> <span class='ocrx_word' id='word_1_420' title='bbox 538 2950 609 2972; x_wconf 81' lang='lat' dir='ltr'>deest.</span> 
     </span>
    </p>
   </div>
   <div class='ocr_carea' id='block_1_11' title="bbox 1249 238 1256 2980">
    <p class='ocr_par' dir='ltr' id='par_1_18' title="bbox 1249 238 1256 2980">
     <span class='ocr_line' id='line_1_62' title="bbox 1249 238 1256 2980; baseline 0 0"><span class='ocrx_word' id='word_1_421' title='bbox 1249 238 1256 2980; x_wconf 95' lang='lat' dir='ltr'> </span> 
     </span>
    </p>
   </div>
   <div class='ocr_carea' id='block_1_12' title="bbox 1040 157 1458 187">
    <p class='ocr_par' dir='ltr' id='par_1_19' title="bbox 1040 157 1458 187">
     <span class='ocr_line' id='line_1_63' title="bbox 1040 157 1458 187; baseline -0.005 0"><span class='ocrx_word' id='word_1_422' title='bbox 1040 158 1211 187; x_wconf 82' lang='lat' dir='ltr'>SERMONES</span> <span class='ocrx_word' id='word_1_423' title='bbox 1231 157 1274 186; x_wconf 93' lang='lat' dir='ltr'>DE</span> <span class='ocrx_word' id='word_1_424' title='bbox 1296 157 1458 186; x_wconf 80' lang='lat' dir='ltr'>TEMPORE.</span> 
     </span>
    </p>
   </div>
   <div class='ocr_carea' id='block_1_13' title="bbox 1281 235 2126 1022">
    <p class='ocr_par' dir='ltr' id='par_1_20' title="bbox 1281 235 2124 315">
     <span class='ocr_line' id='line_1_64' title="bbox 1284 235 2124 273; baseline 0.004 -10"><span class='ocrx_word' id='word_1_425' title='bbox 1284 235 1384 263; x_wconf 76' lang='lat' dir='ltr'>Omnis</span> <span class='ocrx_word' id='word_1_426' title='bbox 1403 235 1501 272; x_wconf 69' lang='lat' dir='ltr'>yloria</span> <span class='ocrx_word' id='word_1_427' title='bbox 1522 235 1585 263; x_wconf 67' lang='lat' dir='ltr'>ecus</span> <span class='ocrx_word' id='word_1_428' title='bbox 1605 235 1683 271; x_wconf 78' lang='lat' dir='ltr'>filiae</span> <span class='ocrx_word' id='word_1_429' title='bbox 1705 235 1782 272; x_wconf 69' lang='lat' dir='ltr'>reyis</span> <span class='ocrx_word' id='word_1_430' title='bbox 1803 235 1839 264; x_wconf 80' lang='lat' dir='ltr'>ab</span> <span class='ocrx_word' id='word_1_431' title='bbox 1861 236 1940 264; x_wconf 70' lang='lat' dir='ltr'>intus</span> <span class='ocrx_word' id='word_1_432' title='bbox 1956 237 1985 265; x_wconf 61' lang='lat'>5„</span> <span class='ocrx_word' id='word_1_433' title='bbox 1999 237 2124 273; x_wconf 74' lang='lat' dir='ltr'>fimbriis</span> 
     </span>
     <span class='ocr_line' id='line_1_65' title="bbox 1281 281 1868 315; baseline 0.002 -6"><span class='ocrx_word' id='word_1_434' title='bbox 1281 282 1398 315; x_wconf 77' lang='lat' dir='ltr'>aurcis,</span> <span class='ocrx_word' id='word_1_435' title='bbox 1421 281 1646 310; x_wconf 81' lang='lat' dir='ltr'>circumamicta</span> <span class='ocrx_word' id='word_1_436' title='bbox 1668 281 1868 310; x_wconf 71' lang='lat' dir='ltr'>varietatibus.</span> 
     </span>
    </p>

    <p class='ocr_par' dir='ltr' id='par_1_21' title="bbox 1281 328 2126 1022">
     <span class='ocr_line' id='line_1_66' title="bbox 1361 328 2125 366; baseline 0.005 -10"><span class='ocrx_word' id='word_1_437' title='bbox 1361 329 1399 356; x_wconf 88' lang='lat' dir='ltr'>lll.</span> <span class='ocrx_word' id='word_1_438' title='bbox 1429 328 1507 356; x_wconf 81' lang='lat' dir='ltr'>Circa</span> <span class='ocrx_word' id='word_1_439' title='bbox 1539 328 1650 357; x_wconf 88' lang='lat' dir='ltr'>tertium</span> <span class='ocrx_word' id='word_1_440' title='bbox 1677 332 1755 363; x_wconf 80' lang='lat' dir='ltr'>nota,</span> <span class='ocrx_word' id='word_1_441' title='bbox 1787 329 1860 366; x_wconf 85' lang='lat' dir='ltr'>quod</span> <span class='ocrx_word' id='word_1_442' title='bbox 1890 330 2017 359; x_wconf 87' lang='lat' dir='ltr'>Christus</span> <span class='ocrx_word' id='word_1_443' title='bbox 2045 335 2125 361; x_wconf 82' lang='lat' dir='ltr'>natus</span> 
     </span>
     <span class='ocr_line' id='line_1_67' title="bbox 1282 375 2125 412; baseline 0.005 -10"><span class='ocrx_word' id='word_1_444' title='bbox 1282 375 1378 403; x_wconf 84' lang='lat' dir='ltr'>habuit</span> <span class='ocrx_word' id='word_1_445' title='bbox 1400 375 1462 411; x_wconf 86' lang='lat' dir='ltr'>plus</span> <span class='ocrx_word' id='word_1_446' title='bbox 1483 383 1565 411; x_wconf 85' lang='lat' dir='ltr'>quam</span> <span class='ocrx_word' id='word_1_447' title='bbox 1588 375 1714 403; x_wconf 78' lang='lat' dir='ltr'>Salomon</span> <span class='ocrx_word' id='word_1_448' title='bbox 1737 376 1951 412; x_wconf 85' lang='lat' dir='ltr'>pulcritudinem</span> <span class='ocrx_word' id='word_1_449' title='bbox 1974 377 2063 406; x_wconf 87' lang='lat' dir='ltr'>omnis</span> <span class='ocrx_word' id='word_1_450' title='bbox 2083 386 2125 407; x_wconf 85' lang='lat' dir='ltr'>sa-</span> 
     </span>
     <span class='ocr_line' id='line_1_68' title="bbox 1282 421 2125 457; baseline 0.006 -9"><span class='ocrx_word' id='word_1_451' title='bbox 1282 421 1412 457; x_wconf 84' lang='lat' dir='ltr'>pientiae,</span> <span class='ocrx_word' id='word_1_452' title='bbox 1433 421 1537 457; x_wconf 84' lang='lat' dir='ltr'>gratiae</span> <span class='ocrx_word' id='word_1_453' title='bbox 1559 424 1585 449; x_wconf 87' lang='lat' dir='ltr'>et</span> <span class='ocrx_word' id='word_1_454' title='bbox 1606 421 1771 450; x_wconf 84' lang='lat' dir='ltr'>affluentiae.</span> <span class='ocrx_word' id='word_1_455' title='bbox 1796 422 1856 450; x_wconf 89' lang='lat' dir='ltr'>ldeo</span> <span class='ocrx_word' id='word_1_456' title='bbox 1877 422 2010 451; x_wconf 89' lang='lat' dir='ltr'>debemus</span> <span class='ocrx_word' id='word_1_457' title='bbox 2033 424 2125 453; x_wconf 85' lang='lat' dir='ltr'>videre</span> 
     </span>
     <span class='ocr_line' id='line_1_69' title="bbox 1281 467 2125 504; baseline 0.006 -9"><span class='ocrx_word' id='word_1_458' title='bbox 1281 470 1307 495; x_wconf 90' lang='lat' dir='ltr'>et</span> <span class='ocrx_word' id='word_1_459' title='bbox 1329 467 1503 495; x_wconf 84' lang='lat' dir='ltr'>considerare</span> <span class='ocrx_word' id='word_1_460' title='bbox 1524 467 1550 495; x_wconf 92' lang='lat' dir='ltr'>in</span> <span class='ocrx_word' id='word_1_461' title='bbox 1573 475 1605 496; x_wconf 88' lang='lat' dir='ltr'>eo</span> <span class='ocrx_word' id='word_1_462' title='bbox 1627 467 1698 496; x_wconf 86' lang='lat' dir='ltr'>sicut</span> <span class='ocrx_word' id='word_1_463' title='bbox 1720 468 1745 496; x_wconf 92' lang='lat' dir='ltr'>in</span> <span class='ocrx_word' id='word_1_464' title='bbox 1770 476 1835 497; x_wconf 91' lang='lat' dir='ltr'>vero</span> <span class='ocrx_word' id='word_1_465' title='bbox 1866 469 2024 504; x_wconf 80' lang='lat' dir='ltr'>Salomone,</span> <span class='ocrx_word' id='word_1_466' title='bbox 2046 470 2125 500; x_wconf 87' lang='lat' dir='ltr'>cuius</span> 
     </span>
     <span class='ocr_line' id='line_1_70' title="bbox 1281 513 2126 554; baseline 0.005 -12"><span class='ocrx_word' id='word_1_467' title='bbox 1281 514 1326 542; x_wconf 87' lang='lat' dir='ltr'>ille</span> <span class='ocrx_word' id='word_1_468' title='bbox 1347 513 1438 550; x_wconf 79' lang='lat' dir='ltr'>figura</span> <span class='ocrx_word' id='word_1_469' title='bbox 1458 514 1525 548; x_wconf 81' lang='lat' dir='ltr'>fuit,</span> <span class='ocrx_word' id='word_1_470' title='bbox 1547 514 1745 551; x_wconf 87' lang='lat' dir='ltr'>plenitudinem</span> <span class='ocrx_word' id='word_1_471' title='bbox 1767 516 2013 552; x_wconf 83' lang='lat' dir='ltr'>superexcellentis</span> <span class='ocrx_word' id='word_1_472' title='bbox 2028 521 2126 554; x_wconf 79' lang='lat' dir='ltr'>poten-</span> 
     </span>
     <span class='ocr_line' id='line_1_71' title="bbox 1282 560 2126 601; baseline 0.006 -13"><span class='ocrx_word' id='word_1_473' title='bbox 1282 560 1339 588; x_wconf 84' lang='lat' dir='ltr'>tiae</span> <span class='ocrx_word' id='word_1_474' title='bbox 1360 561 1430 589; x_wconf 88' lang='lat' dir='ltr'>etei</span> <span class='ocrx_word' id='word_1_475' title='bbox 1463 561 1602 589; x_wconf 89' lang='lat' dir='ltr'>humiliari</span> <span class='ocrx_word' id='word_1_476' title='bbox 1635 564 1661 589; x_wconf 91' lang='lat' dir='ltr'>et</span> <span class='ocrx_word' id='word_1_477' title='bbox 1692 569 1756 589; x_wconf 91' lang='lat' dir='ltr'>eum</span> <span class='ocrx_word' id='word_1_478' title='bbox 1786 563 1926 596; x_wconf 88' lang='lat' dir='ltr'>venerari;</span> <span class='ocrx_word' id='word_1_479' title='bbox 1954 564 2126 601; x_wconf 73' lang='lat' dir='ltr'>Apocalypsis</span> 
     </span>
     <span class='ocr_line' id='line_1_72' title="bbox 1281 607 2126 647; baseline 0.006 -12"><span class='ocrx_word' id='word_1_480' title='bbox 1281 607 1386 635; x_wconf 84' lang='lat' dir='ltr'>decimo</span> <span class='ocrx_word' id='word_1_481' title='bbox 1408 607 1517 635; x_wconf 87' lang='lat' dir='ltr'>nono⁵:</span> <span class='ocrx_word' id='word_1_482' title='bbox 1540 607 1630 636; x_wconf 80' lang='lat' dir='ltr'>Habet</span> <span class='ocrx_word' id='word_1_483' title='bbox 1652 608 1681 635; x_wconf 86' lang='lat' dir='ltr'>in</span> <span class='ocrx_word' id='word_1_484' title='bbox 1709 608 1872 637; x_wconf 77' lang='lat' dir='ltr'>vestimento</span> <span class='ocrx_word' id='word_1_485' title='bbox 1904 613 1929 638; x_wconf 80' lang='lat' dir='ltr'>et</span> <span class='ocrx_word' id='word_1_486' title='bbox 1957 610 1987 638; x_wconf 87' lang='lat' dir='ltr'>in</span> <span class='ocrx_word' id='word_1_487' title='bbox 2018 609 2126 647; x_wconf 83' lang='lat' dir='ltr'>femore</span> 
     </span>
     <span class='ocr_line' id='line_1_73' title="bbox 1281 654 2125 692; baseline 0.005 -10"><span class='ocrx_word' id='word_1_488' title='bbox 1281 662 1334 682; x_wconf 76' lang='lat' dir='ltr'>Suo</span> <span class='ocrx_word' id='word_1_489' title='bbox 1355 654 1515 691; x_wconf 80' lang='lat' dir='ltr'>seriptum:</span> <span class='ocrx_word' id='word_1_490' title='bbox 1539 655 1597 683; x_wconf 68' lang='lat' dir='ltr'>Rea*</span> <span class='ocrx_word' id='word_1_491' title='bbox 1622 664 1725 692; x_wconf 73' lang='lat' dir='ltr'>reyam</span> <span class='ocrx_word' id='word_1_492' title='bbox 1753 659 1777 683; x_wconf 86' lang='lat' dir='ltr'>et</span> <span class='ocrx_word' id='word_1_493' title='bbox 1808 656 1950 685; x_wconf 77' lang='lat' dir='ltr'>Dominus</span> <span class='ocrx_word' id='word_1_494' title='bbox 1972 657 2125 686; x_wconf 83' lang='lat' dir='ltr'>dominan-</span> 
     </span>
     <span class='ocr_line' id='line_1_74' title="bbox 1282 699 2126 739; baseline 0.005 -10"><span class='ocrx_word' id='word_1_495' title='bbox 1282 701 1363 730; x_wconf 83' lang='lat' dir='ltr'>tium.</span> <span class='ocrx_word' id='word_1_496' title='bbox 1387 718 1422 722; x_wconf 97' lang='lat'><strong>—</strong></span> <span class='ocrx_word' id='word_1_497' title='bbox 1445 699 1703 738; x_wconf 63' lang='lat' dir='ltr'>supersplendentis</span> <span class='ocrx_word' id='word_1_498' title='bbox 1730 702 1905 739; x_wconf 72' lang='lat' dir='ltr'>sapientiae,</span> <span class='ocrx_word' id='word_1_499' title='bbox 1928 707 1954 732; x_wconf 87' lang='lat' dir='ltr'>et</span> <span class='ocrx_word' id='word_1_500' title='bbox 1975 711 2039 732; x_wconf 81' lang='lat' dir='ltr'>euni</span> <span class='ocrx_word' id='word_1_501' title='bbox 2062 712 2126 734; x_wconf 87' lang='lat' dir='ltr'>con-</span> 
     </span>
     <span class='ocr_line' id='line_1_75' title="bbox 1282 749 2126 788; baseline 0.006 -12"><span class='ocrx_word' id='word_1_502' title='bbox 1282 749 1424 785; x_wconf 88' lang='lat' dir='ltr'>templari,</span> <span class='ocrx_word' id='word_1_503' title='bbox 1456 749 1592 785; x_wconf 84' lang='lat' dir='ltr'>speculari</span> <span class='ocrx_word' id='word_1_504' title='bbox 1621 752 1648 777; x_wconf 88' lang='lat' dir='ltr'>et</span> <span class='ocrx_word' id='word_1_505' title='bbox 1677 749 1818 783; x_wconf 78' lang='lat' dir='ltr'>meditari3</span> <span class='ocrx_word' id='word_1_506' title='bbox 1846 750 1974 780; x_wconf 79' lang='lat' dir='ltr'>Ieremiae</span> <span class='ocrx_word' id='word_1_507' title='bbox 1995 751 2126 788; x_wconf 84' lang='lat' dir='ltr'>vigesimo</span> 
     </span>
     <span class='ocr_line' id='line_1_76' title="bbox 1283 795 2126 834; baseline 0.005 -11"><span class='ocrx_word' id='word_1_508' title='bbox 1283 795 1378 824; x_wconf 87' lang='lat' dir='ltr'>tertio:</span> <span class='ocrx_word' id='word_1_509' title='bbox 1402 795 1541 832; x_wconf 71' lang='lat' dir='ltr'>Regynabt&#39;t</span> <span class='ocrx_word' id='word_1_510' title='bbox 1564 804 1614 824; x_wconf 65' lang='lat' dir='ltr'>rea]</span> <span class='ocrx_word' id='word_1_511' title='bbox 1635 800 1659 823; x_wconf 81' lang='lat' dir='ltr'>et</span> <span class='ocrx_word' id='word_1_512' title='bbox 1680 796 1798 832; x_wconf 72' lang='lat' dir='ltr'>sapiens</span> <span class='ocrx_word' id='word_1_513' title='bbox 1819 797 1873 825; x_wconf 83' lang='lat' dir='ltr'>erit</span> <span class='ocrx_word' id='word_1_514' title='bbox 1894 800 1919 825; x_wconf 80' lang='lat' dir='ltr'>et</span> <span class='ocrx_word' id='word_1_515' title='bbox 1939 796 2027 834; x_wconf 80' lang='lat' dir='ltr'>faciet</span> <span class='ocrx_word' id='word_1_516' title='bbox 2048 798 2126 827; x_wconf 79' lang='lat' dir='ltr'>iudi-</span> 
     </span>
     <span class='ocr_line' id='line_1_77' title="bbox 1281 842 2126 882; baseline 0.005 -12"><span class='ocrx_word' id='word_1_517' title='bbox 1281 842 1362 870; x_wconf 83' lang='lat' dir='ltr'>cium</span> <span class='ocrx_word' id='word_1_518' title='bbox 1383 846 1408 870; x_wconf 85' lang='lat' dir='ltr'>et</span> <span class='ocrx_word' id='word_1_519' title='bbox 1428 842 1572 870; x_wconf 72' lang='lat' dir='ltr'>iustitiam</span> <span class='ocrx_word' id='word_1_520' title='bbox 1595 842 1625 870; x_wconf 77' lang='lat' dir='ltr'>tn</span> <span class='ocrx_word' id='word_1_521' title='bbox 1647 846 1736 871; x_wconf 80' lang='lat' dir='ltr'>terra.</span> <span class='ocrx_word' id='word_1_522' title='bbox 1762 860 1801 864; x_wconf 80' lang='lat'>—</span> <span class='ocrx_word' id='word_1_523' title='bbox 1822 844 2050 880; x_wconf 72' lang='lat' dir='ltr'>superaffluentis</span> <span class='ocrx_word' id='word_1_524' title='bbox 2071 854 2126 882; x_wconf 82' lang='lat' dir='ltr'>pa-</span> 
     </span>
     <span class='ocr_line' id='line_1_78' title="bbox 1282 888 2124 928; baseline 0.005 -11"><span class='ocrx_word' id='word_1_525' title='bbox 1282 888 1323 917; x_wconf 77' lang='lat' dir='ltr'>cis</span> <span class='ocrx_word' id='word_1_526' title='bbox 1344 892 1371 917; x_wconf 91' lang='lat' dir='ltr'>et</span> <span class='ocrx_word' id='word_1_527' title='bbox 1392 889 1562 922; x_wconf 75' lang='lat' dir='ltr'>concordiae,</span> <span class='ocrx_word' id='word_1_528' title='bbox 1585 892 1611 918; x_wconf 88' lang='lat' dir='ltr'>et</span> <span class='ocrx_word' id='word_1_529' title='bbox 1642 897 1704 918; x_wconf 86' lang='lat' dir='ltr'>euin</span> <span class='ocrx_word' id='word_1_530' title='bbox 1727 890 1898 925; x_wconf 84' lang='lat' dir='ltr'>desiderare,</span> <span class='ocrx_word' id='word_1_531' title='bbox 1930 891 2077 928; x_wconf 82' lang='lat' dir='ltr'>degustare</span> <span class='ocrx_word' id='word_1_532' title='bbox 2098 896 2124 921; x_wconf 81' lang='lat' dir='ltr'>et</span> 
     </span>
     <span class='ocr_line' id='line_1_79' title="bbox 1281 936 2124 976; baseline 0.006 -13"><span class='ocrx_word' id='word_1_533' title='bbox 1281 943 1391 969; x_wconf 86' lang='lat' dir='ltr'>amare;</span> <span class='ocrx_word' id='word_1_534' title='bbox 1424 936 1561 964; x_wconf 86' lang='lat' dir='ltr'>Psalmus:</span> <span class='ocrx_word' id='word_1_535' title='bbox 1586 937 1670 969; x_wconf 74' lang='lat' dir='ltr'>Deus,</span> <span class='ocrx_word' id='word_1_536' title='bbox 1703 937 1849 965; x_wconf 76' lang='lat' dir='ltr'>iudicium</span> <span class='ocrx_word' id='word_1_537' title='bbox 1878 941 1962 966; x_wconf 86' lang='lat' dir='ltr'>tuum</span> <span class='ocrx_word' id='word_1_538' title='bbox 1993 939 2057 976; x_wconf 70' lang='lat' dir='ltr'>reyi</span> <span class='ocrx_word' id='word_1_539' title='bbox 2076 940 2124 968; x_wconf 85' lang='lat' dir='ltr'>da.</span> 
     </span>
     <span class='ocr_line' id='line_1_80' title="bbox 1284 982 2124 1022; baseline 0.006 -13"><span class='ocrx_word' id='word_1_540' title='bbox 1284 982 1402 1010; x_wconf 82' lang='lat' dir='ltr'>Orietur</span> <span class='ocrx_word' id='word_1_541' title='bbox 1424 982 1454 1010; x_wconf 84' lang='lat' dir='ltr'>in</span> <span class='ocrx_word' id='word_1_542' title='bbox 1469 982 1569 1011; x_wconf 71' lang='lat' dir='ltr'>(tielrus</span> <span class='ocrx_word' id='word_1_543' title='bbox 1583 983 1645 1011; x_wconf 71' lang='lat' dir='ltr'>eius</span> <span class='ocrx_word' id='word_1_544' title='bbox 1660 984 1776 1012; x_wconf 74' lang='lat' dir='ltr'>iustitia</span> <span class='ocrx_word' id='word_1_545' title='bbox 1790 987 1815 1012; x_wconf 82' lang='lat' dir='ltr'>et</span> <span class='ocrx_word' id='word_1_546' title='bbox 1829 984 2016 1013; x_wconf 85' lang='lat' dir='ltr'>abundantia</span> <span class='ocrx_word' id='word_1_547' title='bbox 2032 986 2124 1022; x_wconf 76' lang='lat' dir='ltr'>pacis.</span> 
     </span>
    </p>
   </div>
   <div class='ocr_carea' id='block_1_14' title="bbox 1615 1070 1791 1098">
    <p class='ocr_par' dir='ltr' id='par_1_22' title="bbox 1615 1070 1791 1098">
     <span class='ocr_line' id='line_1_81' title="bbox 1615 1070 1791 1098; baseline 0.006 -1"><span class='ocrx_word' id='word_1_548' title='bbox 1615 1070 1706 1098; x_wconf 63' lang='lat' dir='ltr'>Sentio</span> <span class='ocrx_word' id='word_1_549' title='bbox 1728 1070 1760 1098; x_wconf 80' lang='lat' dir='ltr'>IX</span> <span class='ocrx_word' id='word_1_550' title='bbox 1772 1070 1791 1098; x_wconf 76' lang='lat'>⁵.</span> 
     </span>
    </p>
   </div>
   <div class='ocr_carea' id='block_1_15' title="bbox 1278 1150 2127 1261">
    <p class='ocr_par' dir='ltr' id='par_1_23' title="bbox 1278 1150 2127 1261">
     <span class='ocr_line' id='line_1_82' title="bbox 1351 1150 2126 1185; baseline 0.008 -11"><span class='ocrx_word' id='word_1_551' title='bbox 1351 1150 1424 1180; x_wconf 80' lang='lat' dir='ltr'>Item,</span> <span class='ocrx_word' id='word_1_552' title='bbox 1445 1158 1524 1176; x_wconf 85' lang='lat' dir='ltr'>sermo</span> <span class='ocrx_word' id='word_1_553' title='bbox 1544 1151 1631 1176; x_wconf 71' lang='lat' dir='ltr'>fratris</span> <span class='ocrx_word' id='word_1_554' title='bbox 1650 1152 1840 1178; x_wconf 76' lang='lat' dir='ltr'>Bonaventurae</span> <span class='ocrx_word' id='word_1_555' title='bbox 1860 1154 1884 1178; x_wconf 88' lang='lat' dir='ltr'>in</span> <span class='ocrx_word' id='word_1_556' title='bbox 1905 1153 1998 1185; x_wconf 72' lang='lat' dir='ltr'>vigilia</span> <span class='ocrx_word' id='word_1_557' title='bbox 2027 1155 2126 1180; x_wconf 74' lang='lat' dir='ltr'>Nativi-</span> 
     </span>
     <span class='ocr_line' id='line_1_83' title="bbox 1280 1192 2127 1225; baseline 0.006 -8"><span class='ocrx_word' id='word_1_558' title='bbox 1280 1192 1340 1217; x_wconf 74' lang='lat' dir='ltr'>tatis</span> <span class='ocrx_word' id='word_1_559' title='bbox 1369 1193 1466 1218; x_wconf 89' lang='lat' dir='ltr'>Domini</span> <span class='ocrx_word' id='word_1_560' title='bbox 1496 1201 1577 1218; x_wconf 80' lang='lat' dir='ltr'>coram</span> <span class='ocrx_word' id='word_1_561' title='bbox 1607 1202 1663 1225; x_wconf 70' lang='lat' dir='ltr'>rege</span> <span class='ocrx_word' id='word_1_562' title='bbox 1692 1194 1831 1220; x_wconf 79' lang='lat' dir='ltr'>Navarriae</span> <span class='ocrx_word' id='word_1_563' title='bbox 1859 1196 1884 1220; x_wconf 76' lang='lat' dir='ltr'>ct</span> <span class='ocrx_word' id='word_1_564' title='bbox 1913 1204 1987 1221; x_wconf 85' lang='lat' dir='ltr'>uxore</span> <span class='ocrx_word' id='word_1_565' title='bbox 2013 1198 2038 1222; x_wconf 73' lang='lat' dir='ltr'>et</span> <span class='ocrx_word' id='word_1_566' title='bbox 2056 1197 2127 1222; x_wconf 82' lang='lat' dir='ltr'>fami-</span> 
     </span>
     <span class='ocr_line' id='line_1_84' title="bbox 1278 1236 1393 1261; baseline 0 -1"><span class='ocrx_word' id='word_1_567' title='bbox 1278 1236 1313 1261; x_wconf 81' lang='lat' dir='ltr'>lia</span> <span class='ocrx_word' id='word_1_568' title='bbox 1331 1236 1393 1261; x_wconf 76' lang='lat' dir='ltr'>tota.</span> 
     </span>
    </p>
   </div>
   <div class='ocr_carea' id='block_1_16' title="bbox 1276 1310 2127 2663">
    <p class='ocr_par' dir='ltr' id='par_1_24' title="bbox 1279 1310 2127 1392">
     <span class='ocr_line' id='line_1_85' title="bbox 1359 1310 2127 1351; baseline 0.008 -13"><span class='ocrx_word' id='word_1_569' title='bbox 1359 1310 1594 1347; x_wconf 71' lang='lat' dir='ltr'>Sanctificamini</span> <span class='ocrx_word' id='word_1_570' title='bbox 1616 1312 1709 1347; x_wconf 89' lang='lat' dir='ltr'>hodie;</span> <span class='ocrx_word' id='word_1_571' title='bbox 1732 1321 1801 1341; x_wconf 72' lang='lat' dir='ltr'>eras</span> <span class='ocrx_word' id='word_1_572' title='bbox 1822 1314 1899 1342; x_wconf 78' lang='lat' dir='ltr'>enim</span> <span class='ocrx_word' id='word_1_573' title='bbox 1919 1313 2008 1351; x_wconf 79' lang='lat' dir='ltr'>faciet</span> <span class='ocrx_word' id='word_1_574' title='bbox 2032 1315 2127 1344; x_wconf 83' lang='lat' dir='ltr'>Domi-</span> 
     </span>
     <span class='ocr_line' id='line_1_86' title="bbox 1279 1357 1922 1392; baseline 0.008 -8"><span class='ocrx_word' id='word_1_575' title='bbox 1279 1366 1336 1385; x_wconf 76' lang='lat' dir='ltr'>nus</span> <span class='ocrx_word' id='word_1_576' title='bbox 1360 1357 1433 1385; x_wconf 84' lang='lat' dir='ltr'>inter</span> <span class='ocrx_word' id='word_1_577' title='bbox 1456 1366 1504 1386; x_wconf 65' lang='grc' dir='ltr'>ωας</span> <span class='ocrx_word' id='word_1_578' title='bbox 1525 1358 1687 1392; x_wconf 81' lang='lat' dir='ltr'>nu&#39;rabitia‚</span> <span class='ocrx_word' id='word_1_579' title='bbox 1712 1360 1787 1388; x_wconf 81' lang='lat' dir='ltr'>[osne</span> <span class='ocrx_word' id='word_1_580' title='bbox 1810 1360 1922 1389; x_wconf 80' lang='lat' dir='ltr'>tertio⁷.</span> 
     </span>
    </p>

    <p class='ocr_par' dir='ltr' id='par_1_25' title="bbox 1279 1404 2126 1817">
     <span class='ocr_line' id='line_1_87' title="bbox 1359 1404 2126 1445; baseline 0.007 -13"><span class='ocrx_word' id='word_1_581' title='bbox 1359 1404 1474 1433; x_wconf 81' lang='lat' dir='ltr'>Sanctus</span> <span class='ocrx_word' id='word_1_582' title='bbox 1497 1405 1588 1439; x_wconf 84' lang='lat' dir='ltr'>losue,</span> <span class='ocrx_word' id='word_1_583' title='bbox 1605 1413 1747 1434; x_wconf 83' lang='lat' dir='ltr'>successor</span> <span class='ocrx_word' id='word_1_584' title='bbox 1763 1407 1860 1443; x_wconf 82' lang='lat' dir='ltr'>Moysi,</span> <span class='ocrx_word' id='word_1_585' title='bbox 1877 1408 1903 1436; x_wconf 90' lang='lat' dir='ltr'>in</span> <span class='ocrx_word' id='word_1_586' title='bbox 1920 1408 2072 1445; x_wconf 84' lang='lat' dir='ltr'>prophetiis</span> <span class='ocrx_word' id='word_1_587' title='bbox 2086 1408 2126 1437; x_wconf 86' lang='lat' dir='ltr'>di—</span> 
     </span>
     <span class='ocr_line' id='line_1_88' title="bbox 1280 1451 2126 1492; baseline 0.007 -14"><span class='ocrx_word' id='word_1_588' title='bbox 1280 1451 1344 1479; x_wconf 91' lang='lat' dir='ltr'>vino</span> <span class='ocrx_word' id='word_1_589' title='bbox 1365 1451 1516 1488; x_wconf 86' lang='lat' dir='ltr'>inspiratus</span> <span class='ocrx_word' id='word_1_590' title='bbox 1540 1452 1615 1480; x_wconf 86' lang='lat' dir='ltr'>radio</span> <span class='ocrx_word' id='word_1_591' title='bbox 1647 1453 1672 1480; x_wconf 93' lang='lat' dir='ltr'>in</span> <span class='ocrx_word' id='word_1_592' title='bbox 1703 1453 1745 1482; x_wconf 89' lang='lat' dir='ltr'>his</span> <span class='ocrx_word' id='word_1_593' title='bbox 1773 1454 1866 1482; x_wconf 85' lang='lat' dir='ltr'>verbis</span> <span class='ocrx_word' id='word_1_594' title='bbox 1888 1455 2017 1483; x_wconf 86' lang='lat' dir='ltr'>hortatur</span> <span class='ocrx_word' id='word_1_595' title='bbox 2039 1463 2126 1492; x_wconf 89' lang='lat' dir='ltr'>popu-</span> 
     </span>
     <span class='ocr_line' id='line_1_89' title="bbox 1280 1498 2126 1531; baseline 0.007 -6"><span class='ocrx_word' id='word_1_596' title='bbox 1280 1498 1337 1526; x_wconf 86' lang='lat' dir='ltr'>lum</span> <span class='ocrx_word' id='word_1_597' title='bbox 1361 1498 1405 1526; x_wconf 89' lang='lat' dir='ltr'>Dei</span> <span class='ocrx_word' id='word_1_598' title='bbox 1429 1498 1462 1526; x_wconf 87' lang='lat' dir='ltr'>ad</span> <span class='ocrx_word' id='word_1_599' title='bbox 1485 1499 1585 1528; x_wconf 89' lang='lat' dir='ltr'>Christi</span> <span class='ocrx_word' id='word_1_600' title='bbox 1610 1500 1797 1529; x_wconf 89' lang='lat' dir='ltr'>imminentem</span> <span class='ocrx_word' id='word_1_601' title='bbox 1819 1501 1991 1531; x_wconf 78' lang='lat' dir='ltr'>Nativitatem</span> <span class='ocrx_word' id='word_1_602' title='bbox 2008 1502 2126 1531; x_wconf 87' lang='lat' dir='ltr'>devotis-</span> 
     </span>
     <span class='ocr_line' id='line_1_90' title="bbox 1280 1546 2125 1586; baseline 0.006 -13"><span class='ocrx_word' id='word_1_603' title='bbox 1280 1546 1347 1573; x_wconf 86' lang='lat' dir='ltr'>sime</span> <span class='ocrx_word' id='word_1_604' title='bbox 1366 1546 1611 1582; x_wconf 75' lang='lat' dir='ltr'>praeveniendam</span> <span class='ocrx_word' id='word_1_605' title='bbox 1635 1550 1662 1575; x_wconf 89' lang='lat' dir='ltr'>et</span> <span class='ocrx_word' id='word_1_606' title='bbox 1683 1548 1863 1577; x_wconf 87' lang='lat' dir='ltr'>attentissime</span> <span class='ocrx_word' id='word_1_607' title='bbox 1892 1550 2125 1586; x_wconf 75' lang='lat' dir='ltr'>exspectandam.</span> 
     </span>
     <span class='ocr_line' id='line_1_91' title="bbox 1280 1592 2126 1634; baseline 0.006 -14"><span class='ocrx_word' id='word_1_608' title='bbox 1280 1592 1400 1621; x_wconf 86' lang='lat' dir='ltr'>Primum</span> <span class='ocrx_word' id='word_1_609' title='bbox 1423 1593 1487 1621; x_wconf 80' lang='lat' dir='ltr'>facit</span> <span class='ocrx_word' id='word_1_610' title='bbox 1509 1597 1622 1630; x_wconf 89' lang='lat' dir='ltr'>propter</span> <span class='ocrx_word' id='word_1_611' title='bbox 1653 1594 1833 1624; x_wconf 81' lang='lat' dir='ltr'>solemnitatis</span> <span class='ocrx_word' id='word_1_612' title='bbox 1861 1596 2007 1625; x_wconf 86' lang='lat' dir='ltr'>sublimem</span> <span class='ocrx_word' id='word_1_613' title='bbox 2031 1596 2126 1634; x_wconf 62' lang='lat' dir='ltr'>(tioni-</span> 
     </span>
     <span class='ocr_line' id='line_1_92' title="bbox 1281 1640 2126 1679; baseline 0.005 -12"><span class='ocrx_word' id='word_1_614' title='bbox 1281 1642 1366 1667; x_wconf 85' lang='lat' dir='ltr'>tatem</span> <span class='ocrx_word' id='word_1_615' title='bbox 1374 1650 1384 1672; x_wconf 89' lang='grc'>,·</span> <span class='ocrx_word' id='word_1_616' title='bbox 1405 1640 1558 1668; x_wconf 82' lang='lat' dir='ltr'>seeundum</span> <span class='ocrx_word' id='word_1_617' title='bbox 1582 1644 1694 1677; x_wconf 88' lang='lat' dir='ltr'>propter</span> <span class='ocrx_word' id='word_1_618' title='bbox 1717 1642 1913 1676; x_wconf 83' lang='lat' dir='ltr'>mysteriorum</span> <span class='ocrx_word' id='word_1_619' title='bbox 1936 1643 1993 1671; x_wconf 83' lang='lat' dir='ltr'>sive</span> <span class='ocrx_word' id='word_1_620' title='bbox 2014 1643 2126 1679; x_wconf 87' lang='lat' dir='ltr'>privile-</span> 
     </span>
     <span class='ocr_line' id='line_1_93' title="bbox 1279 1686 2124 1727; baseline 0.006 -13"><span class='ocrx_word' id='word_1_621' title='bbox 1279 1686 1389 1722; x_wconf 80' lang='lat' dir='ltr'>giorum</span> <span class='ocrx_word' id='word_1_622' title='bbox 1418 1690 1508 1715; x_wconf 86' lang='lat' dir='ltr'>tantae</span> <span class='ocrx_word' id='word_1_623' title='bbox 1535 1687 1587 1716; x_wconf 89' lang='lat' dir='ltr'>dlei</span> <span class='ocrx_word' id='word_1_624' title='bbox 1616 1686 1831 1724; x_wconf 75' lang='lat' dir='ltr'>fecunditatem.</span> <span class='ocrx_word' id='word_1_625' title='bbox 1863 1689 1976 1726; x_wconf 86' lang='lat' dir='ltr'>Propter</span> <span class='ocrx_word' id='word_1_626' title='bbox 2003 1690 2124 1727; x_wconf 85' lang='lat' dir='ltr'>primum</span> 
     </span>
     <span class='ocr_line' id='line_1_94' title="bbox 1279 1732 2124 1772; baseline 0.007 -12"><span class='ocrx_word' id='word_1_627' title='bbox 1279 1732 1359 1761; x_wconf 78' lang='lat' dir='ltr'>dicit:</span> <span class='ocrx_word' id='word_1_628' title='bbox 1383 1733 1621 1769; x_wconf 74' lang='lat' dir='ltr'>Sanctificamini</span> <span class='ocrx_word' id='word_1_629' title='bbox 1635 1735 1732 1769; x_wconf 79' lang='lat' dir='ltr'>hoclie;</span> <span class='ocrx_word' id='word_1_630' title='bbox 1748 1738 1862 1772; x_wconf 85' lang='lat' dir='ltr'>propter</span> <span class='ocrx_word' id='word_1_631' title='bbox 1878 1737 2031 1765; x_wconf 86' lang='lat' dir='ltr'>secundum</span> <span class='ocrx_word' id='word_1_632' title='bbox 2046 1737 2124 1766; x_wconf 85' lang='lat' dir='ltr'>dicit:</span> 
     </span>
     <span class='ocr_line' id='line_1_95' title="bbox 1282 1780 2084 1817; baseline 0.005 -9"><span class='ocrx_word' id='word_1_633' title='bbox 1282 1780 1357 1808; x_wconf 78' lang='lat' dir='ltr'>Cras</span> <span class='ocrx_word' id='word_1_634' title='bbox 1378 1781 1453 1808; x_wconf 85' lang='lat' dir='ltr'>enim</span> <span class='ocrx_word' id='word_1_635' title='bbox 1475 1780 1564 1817; x_wconf 84' lang='lat' dir='ltr'>faciet</span> <span class='ocrx_word' id='word_1_636' title='bbox 1587 1782 1730 1810; x_wconf 68' lang='lat' dir='ltr'>Dominus</span> <span class='ocrx_word' id='word_1_637' title='bbox 1751 1782 1826 1811; x_wconf 76' lang='lat' dir='ltr'>inter</span> <span class='ocrx_word' id='word_1_638' title='bbox 1851 1791 1901 1811; x_wconf 74' lang='lat' dir='ltr'>vos</span> <span class='ocrx_word' id='word_1_639' title='bbox 1923 1783 2084 1812; x_wconf 75' lang='lat' dir='ltr'>mirabilia.</span> 
     </span>
    </p>

    <p class='ocr_par' dir='ltr' id='par_1_26' title="bbox 1276 1827 2126 2663">
     <span class='ocr_line' id='line_1_96' title="bbox 1359 1827 2123 1866; baseline 0.005 -11"><span class='ocrx_word' id='word_1_640' title='bbox 1359 1827 1375 1855; x_wconf 87' lang='grc' dir='ltr'>Ι.</span> <span class='ocrx_word' id='word_1_641' title='bbox 1398 1827 1424 1855; x_wconf 85' lang='lat' dir='ltr'>Si</span> <span class='ocrx_word' id='word_1_642' title='bbox 1446 1835 1512 1864; x_wconf 85' lang='lat' dir='ltr'>ergo</span> <span class='ocrx_word' id='word_1_643' title='bbox 1544 1829 1671 1857; x_wconf 89' lang='lat' dir='ltr'>volumus</span> <span class='ocrx_word' id='word_1_644' title='bbox 1702 1829 1799 1858; x_wconf 86' lang='lat' dir='ltr'>devote</span> <span class='ocrx_word' id='word_1_645' title='bbox 1829 1830 2002 1866; x_wconf 78' lang='lat' dir='ltr'>praevenire</span> <span class='ocrx_word' id='word_1_646' title='bbox 2022 1830 2123 1860; x_wconf 87' lang='lat' dir='ltr'>Christi</span> 
     </span>
     <span class='ocr_line' id='line_1_97' title="bbox 1279 1874 2123 1913; baseline 0.005 -11"><span class='ocrx_word' id='word_1_647' title='bbox 1279 1874 1468 1908; x_wconf 87' lang='lat' dir='ltr'>Nativitatem,</span> <span class='ocrx_word' id='word_1_648' title='bbox 1483 1874 1616 1903; x_wconf 88' lang='lat' dir='ltr'>debemus</span> <span class='ocrx_word' id='word_1_649' title='bbox 1630 1875 1816 1912; x_wconf 69' lang='lat' dir='ltr'>sanctificari</span> <span class='ocrx_word' id='word_1_650' title='bbox 1830 1876 1910 1905; x_wconf 84' lang='lat' dir='ltr'>hodie</span> <span class='ocrx_word' id='word_1_651' title='bbox 1932 1885 1980 1913; x_wconf 87' lang='lat' dir='ltr'>per</span> <span class='ocrx_word' id='word_1_652' title='bbox 2001 1877 2123 1906; x_wconf 88' lang='lat' dir='ltr'>studium</span> 
     </span>
     <span class='ocr_line' id='line_1_98' title="bbox 1276 1920 2124 1958; baseline 0.006 -10"><span class='ocrx_word' id='word_1_653' title='bbox 1276 1920 1497 1958; x_wconf 77' lang='lat' dir='ltr'>purificationis</span> <span class='ocrx_word' id='word_1_654' title='bbox 1518 1922 1668 1955; x_wconf 82' lang='lat' dir='ltr'>internae,·</span> <span class='ocrx_word' id='word_1_655' title='bbox 1690 1922 1825 1952; x_wconf 86' lang='lat' dir='ltr'>secundae</span> <span class='ocrx_word' id='word_1_656' title='bbox 1847 1924 1880 1952; x_wconf 87' lang='lat' dir='ltr'>ad</span> <span class='ocrx_word' id='word_1_657' title='bbox 1896 1924 2070 1953; x_wconf 88' lang='lat' dir='ltr'>Timotheum</span> <span class='ocrx_word' id='word_1_658' title='bbox 2086 1932 2124 1953; x_wconf 88' lang='lat' dir='ltr'>se-</span> 
     </span>
     <span class='ocr_line' id='line_1_99' title="bbox 1279 1967 2125 2005; baseline 0.006 -10"><span class='ocrx_word' id='word_1_659' title='bbox 1279 1967 1407 1996; x_wconf 67' lang='lat' dir='ltr'>cundoss:</span> <span class='ocrx_word' id='word_1_660' title='bbox 1430 1968 1462 1996; x_wconf 81' lang='lat' dir='ltr'>Si</span> <span class='ocrx_word' id='word_1_661' title='bbox 1482 1968 1548 2005; x_wconf 70' lang='lat' dir='ltr'>[sitis</span> <span class='ocrx_word' id='word_1_662' title='bbox 1569 1977 1637 2005; x_wconf 65' lang='lat' dir='ltr'>erqo</span> <span class='ocrx_word' id='word_1_663' title='bbox 1658 1970 1861 1998; x_wconf 77' lang='lat' dir='ltr'>emundaverit</span> <span class='ocrx_word' id='word_1_664' title='bbox 1881 1979 1911 1999; x_wconf 77' lang='lat' dir='ltr'>se</span> <span class='ocrx_word' id='word_1_665' title='bbox 1925 1970 2056 2005; x_wconf 74' lang='lat' dir='ltr'>abistis,</span> <span class='ocrx_word' id='word_1_666' title='bbox 2071 1972 2125 2000; x_wconf 82' lang='lat' dir='ltr'>erit</span> 
     </span>
     <span class='ocr_line' id='line_1_100' title="bbox 1279 2014 2125 2052; baseline 0.006 -11"><span class='ocrx_word' id='word_1_667' title='bbox 1279 2022 1331 2042; x_wconf 73' lang='lat' dir='ltr'>vas</span> <span class='ocrx_word' id='word_1_668' title='bbox 1353 2015 1384 2042; x_wconf 81' lang='lat' dir='ltr'>in</span> <span class='ocrx_word' id='word_1_669' title='bbox 1406 2014 1542 2043; x_wconf 71' lang='lat' dir='ltr'>honorem</span> <span class='ocrx_word' id='word_1_670' title='bbox 1562 2015 1779 2052; x_wconf 76' lang='lat' dir='ltr'>sanctificatum</span> <span class='ocrx_word' id='word_1_671' title='bbox 1802 2021 1828 2045; x_wconf 86' lang='lat' dir='ltr'>et</span> <span class='ocrx_word' id='word_1_672' title='bbox 1841 2017 1910 2046; x_wconf 75' lang='lat' dir='ltr'>utile</span> <span class='ocrx_word' id='word_1_673' title='bbox 1932 2017 2063 2052; x_wconf 82' lang='lat' dir='ltr'>Domino,</span> <span class='ocrx_word' id='word_1_674' title='bbox 2086 2018 2125 2046; x_wconf 81' lang='lat' dir='ltr'>ad</span> 
     </span>
     <span class='ocr_line' id='line_1_101' title="bbox 1279 2061 2126 2099; baseline 0.006 -10"><span class='ocrx_word' id='word_1_675' title='bbox 1279 2070 1360 2089; x_wconf 80' lang='lat' dir='ltr'>omne</span> <span class='ocrx_word' id='word_1_676' title='bbox 1381 2070 1454 2098; x_wconf 78' lang='lat' dir='ltr'>opus</span> <span class='ocrx_word' id='word_1_677' title='bbox 1477 2061 1582 2090; x_wconf 80' lang='lat' dir='ltr'>honum</span> <span class='ocrx_word' id='word_1_678' title='bbox 1602 2066 1755 2099; x_wconf 75' lang='lat' dir='ltr'>paratum.</span> <span class='ocrx_word' id='word_1_679' title='bbox 1785 2081 1823 2084; x_wconf 89' lang='lat'>—</span> <span class='ocrx_word' id='word_1_680' title='bbox 1852 2065 1901 2093; x_wconf 87' lang='lat' dir='ltr'>Per</span> <span class='ocrx_word' id='word_1_681' title='bbox 1932 2065 2055 2094; x_wconf 85' lang='lat' dir='ltr'>studium</span> <span class='ocrx_word' id='word_1_682' title='bbox 2082 2073 2126 2093; x_wconf 77' lang='lat' dir='ltr'>rc-</span> 
     </span>
     <span class='ocr_line' id='line_1_102' title="bbox 1279 2108 2125 2148; baseline 0.008 -13"><span class='ocrx_word' id='word_1_683' title='bbox 1279 2108 1395 2145; x_wconf 73' lang='lat' dir='ltr'>tigyionis</span> <span class='ocrx_word' id='word_1_684' title='bbox 1426 2109 1619 2142; x_wconf 53' lang='lat' dir='ltr'>extrinsecam</span> <span class='ocrx_word' id='word_1_685' title='bbox 1651 2110 1731 2146; x_wconf 90' lang='lat' dir='ltr'>primi</span> <span class='ocrx_word' id='word_1_686' title='bbox 1765 2111 1989 2148; x_wconf 84' lang='lat' dir='ltr'>Paralipomenon</span> <span class='ocrx_word' id='word_1_687' title='bbox 2020 2112 2125 2141; x_wconf 83' lang='lat' dir='ltr'>decimo</span> 
     </span>
     <span class='ocr_line' id='line_1_103' title="bbox 1279 2156 2124 2195; baseline 0.007 -13"><span class='ocrx_word' id='word_1_688' title='bbox 1279 2156 1390 2192; x_wconf 79' lang='lat' dir='ltr'>quinto:</span> <span class='ocrx_word' id='word_1_689' title='bbox 1422 2156 1606 2192; x_wconf 79' lang='lat' dir='ltr'>Sanctificati</span> <span class='ocrx_word' id='word_1_690' title='bbox 1635 2161 1703 2185; x_wconf 73' lang='lat' dir='ltr'>sunt</span> <span class='ocrx_word' id='word_1_691' title='bbox 1731 2166 1799 2195; x_wconf 63' lang='lat' dir='ltr'>erqo</span> <span class='ocrx_word' id='word_1_692' title='bbox 1821 2159 1984 2187; x_wconf 74' lang='lat' dir='ltr'>sacerdotes</span> <span class='ocrx_word' id='word_1_693' title='bbox 2005 2163 2031 2188; x_wconf 81' lang='lat' dir='ltr'>et</span> <span class='ocrx_word' id='word_1_694' title='bbox 2059 2159 2124 2188; x_wconf 76' lang='lat' dir='ltr'>tevi-</span> 
     </span>
     <span class='ocr_line' id='line_1_104' title="bbox 1279 2205 2124 2240; baseline 0.006 -10"><span class='ocrx_word' id='word_1_695' title='bbox 1279 2206 1341 2236; x_wconf 84' lang='lat' dir='ltr'>tae,</span> <span class='ocrx_word' id='word_1_696' title='bbox 1363 2207 1397 2230; x_wconf 85' lang='lat' dir='ltr'>ut</span> <span class='ocrx_word' id='word_1_697' title='bbox 1415 2206 1567 2239; x_wconf 77' lang='lat' dir='ltr'>portarent</span> <span class='ocrx_word' id='word_1_698' title='bbox 1589 2212 1693 2232; x_wconf 83' lang='lat' dir='ltr'>aream</span> <span class='ocrx_word' id='word_1_699' title='bbox 1721 2205 1838 2233; x_wconf 78' lang='lat' dir='ltr'>Domini</span> <span class='ocrx_word' id='word_1_700' title='bbox 1859 2206 1911 2234; x_wconf 86' lang='lat' dir='ltr'>Dei</span> <span class='ocrx_word' id='word_1_701' title='bbox 1934 2206 2045 2240; x_wconf 78' lang='lat' dir='ltr'>Israel‚·</span> <span class='ocrx_word' id='word_1_702' title='bbox 2060 2206 2124 2235; x_wconf 85' lang='lat' dir='ltr'>Eze-</span> 
     </span>
     <span class='ocr_line' id='line_1_105' title="bbox 1278 2250 2121 2290; baseline 0.006 -13"><span class='ocrx_word' id='word_1_703' title='bbox 1278 2250 1374 2278; x_wconf 82' lang='lat' dir='ltr'>chielis</span> <span class='ocrx_word' id='word_1_704' title='bbox 1396 2250 1535 2287; x_wconf 80' lang='lat' dir='ltr'>trigesimo</span> <span class='ocrx_word' id='word_1_705' title='bbox 1558 2254 1652 2279; x_wconf 87' lang='lat' dir='ltr'>sexto:</span> <span class='ocrx_word' id='word_1_706' title='bbox 1677 2251 1749 2279; x_wconf 83' lang='lat' dir='ltr'>Cum</span> <span class='ocrx_word' id='word_1_707' title='bbox 1770 2252 1976 2289; x_wconf 74' lang='lat' dir='ltr'>sanctificatus</span> <span class='ocrx_word' id='word_1_708' title='bbox 1989 2252 2075 2290; x_wconf 80' lang='lat' dir='ltr'>fuero</span> <span class='ocrx_word' id='word_1_709' title='bbox 2090 2254 2121 2282; x_wconf 89' lang='lat' dir='ltr'>in</span> 
     </span>
     <span class='ocr_line' id='line_1_106' title="bbox 1276 2296 2122 2338; baseline 0.005 -13"><span class='ocrx_word' id='word_1_710' title='bbox 1276 2296 1356 2325; x_wconf 76' lang='lat' dir='ltr'>vobis</span> <span class='ocrx_word' id='word_1_711' title='bbox 1382 2306 1484 2325; x_wconf 84' lang='lat' dir='ltr'>eoram</span> <span class='ocrx_word' id='word_1_712' title='bbox 1505 2297 1562 2331; x_wconf 55' lang='lat' dir='ltr'>etv,</span> <span class='ocrx_word' id='word_1_713' title='bbox 1587 2298 1685 2326; x_wconf 82' lang='lat' dir='ltr'>tollam</span> <span class='ocrx_word' id='word_1_714' title='bbox 1717 2299 1821 2336; x_wconf 76' lang='lat' dir='ltr'>quippe</span> <span class='ocrx_word' id='word_1_715' title='bbox 1854 2308 1902 2328; x_wconf 73' lang='lat' dir='ltr'>vos</span> <span class='ocrx_word' id='word_1_716' title='bbox 1930 2300 1964 2328; x_wconf 85' lang='lat' dir='ltr'>de</span> <span class='ocrx_word' id='word_1_717' title='bbox 1989 2301 2122 2338; x_wconf 71' lang='lat' dir='ltr'>yentibas</span> 
     </span>
     <span class='ocr_line' id='line_1_107' title="bbox 1278 2344 2122 2381; baseline 0.006 -10"><span class='ocrx_word' id='word_1_718' title='bbox 1278 2347 1303 2371; x_wconf 84' lang='lat' dir='ltr'>et</span> <span class='ocrx_word' id='word_1_719' title='bbox 1323 2344 1502 2381; x_wconf 57' lang='lat' dir='ltr'>congregabo</span> <span class='ocrx_word' id='word_1_720' title='bbox 1524 2353 1574 2373; x_wconf 73' lang='lat' dir='ltr'>vos</span> <span class='ocrx_word' id='word_1_721' title='bbox 1595 2345 1629 2373; x_wconf 85' lang='lat' dir='ltr'>de</span> <span class='ocrx_word' id='word_1_722' title='bbox 1650 2346 1797 2374; x_wconf 77' lang='lat' dir='ltr'>universis</span> <span class='ocrx_word' id='word_1_723' title='bbox 1819 2347 1906 2375; x_wconf 77' lang='lat' dir='ltr'>terris</span> <span class='ocrx_word' id='word_1_724' title='bbox 1927 2351 1952 2375; x_wconf 89' lang='lat' dir='ltr'>et</span> <span class='ocrx_word' id='word_1_725' title='bbox 1973 2348 2122 2376; x_wconf 75' lang='lat' dir='ltr'>adducam</span> 
     </span>
     <span class='ocr_line' id='line_1_108' title="bbox 1280 2391 2122 2424; baseline 0.007 -6"><span class='ocrx_word' id='word_1_726' title='bbox 1280 2399 1327 2418; x_wconf 72' lang='lat' dir='ltr'>iios</span> <span class='ocrx_word' id='word_1_727' title='bbox 1350 2391 1379 2418; x_wconf 86' lang='lat' dir='ltr'>in</span> <span class='ocrx_word' id='word_1_728' title='bbox 1402 2395 1512 2419; x_wconf 83' lang='lat' dir='ltr'>terram</span> <span class='ocrx_word' id='word_1_729' title='bbox 1536 2396 1669 2420; x_wconf 71' lang='lat' dir='ltr'>nestram.</span> <span class='ocrx_word' id='word_1_730' title='bbox 1687 2410 1723 2413; x_wconf 84' lang='lat'>—</span> <span class='ocrx_word' id='word_1_731' title='bbox 1747 2394 1795 2422; x_wconf 83' lang='lat' dir='ltr'>Per</span> <span class='ocrx_word' id='word_1_732' title='bbox 1817 2394 1939 2423; x_wconf 89' lang='lat' dir='ltr'>studium</span> <span class='ocrx_word' id='word_1_733' title='bbox 1961 2395 2122 2424; x_wconf 81' lang='lat' dir='ltr'>meditatio-</span> 
     </span>
     <span class='ocr_line' id='line_1_109' title="bbox 1278 2438 2124 2477; baseline 0.006 -12"><span class='ocrx_word' id='word_1_734' title='bbox 1278 2438 1324 2466; x_wconf 77' lang='lat' dir='ltr'>nis</span> <span class='ocrx_word' id='word_1_735' title='bbox 1345 2438 1544 2475; x_wconf 60' lang='lat' dir='ltr'>evangelicae,-</span> <span class='ocrx_word' id='word_1_736' title='bbox 1566 2440 1670 2475; x_wconf 88' lang='lat' dir='ltr'>primae</span> <span class='ocrx_word' id='word_1_737' title='bbox 1692 2440 1798 2469; x_wconf 82' lang='lat' dir='ltr'>loannis</span> <span class='ocrx_word' id='word_1_738' title='bbox 1819 2441 1938 2470; x_wconf 79' lang='lat' dir='ltr'>tertio⁹:</span> <span class='ocrx_word' id='word_1_739' title='bbox 1962 2442 2020 2477; x_wconf 80' lang='lat' dir='ltr'>Qui</span> <span class='ocrx_word' id='word_1_740' title='bbox 2040 2441 2124 2470; x_wconf 81' lang='lat' dir='ltr'>ltabet</span> 
     </span>
     <span class='ocr_line' id='line_1_110' title="bbox 1277 2483 2122 2523; baseline 0.007 -11"><span class='ocrx_word' id='word_1_741' title='bbox 1277 2483 1352 2513; x_wconf 80' lang='lat' dir='ltr'>lianc</span> <span class='ocrx_word' id='word_1_742' title='bbox 1372 2493 1450 2521; x_wconf 75' lang='lat' dir='ltr'>spem</span> <span class='ocrx_word' id='word_1_743' title='bbox 1476 2485 1507 2513; x_wconf 88' lang='lat' dir='ltr'>in</span> <span class='ocrx_word' id='word_1_744' title='bbox 1528 2495 1558 2514; x_wconf 84' lang='lat' dir='ltr'>eo</span> <span class='ocrx_word' id='word_1_745' title='bbox 1587 2486 1751 2523; x_wconf 68' lang='lat' dir='ltr'>sanctificat</span> <span class='ocrx_word' id='word_1_746' title='bbox 1779 2496 1822 2521; x_wconf 74' lang='lat' dir='ltr'>se,</span> <span class='ocrx_word' id='word_1_747' title='bbox 1843 2488 1920 2516; x_wconf 74' lang='lat' dir='ltr'>sicut</span> <span class='ocrx_word' id='word_1_748' title='bbox 1941 2491 1965 2515; x_wconf 77' lang='lat' dir='ltr'>et</span> <span class='ocrx_word' id='word_1_749' title='bbox 1988 2488 2033 2517; x_wconf 85' lang='lat' dir='ltr'>ille</span> <span class='ocrx_word' id='word_1_750' title='bbox 2053 2497 2122 2517; x_wconf 76' lang='lat' dir='ltr'>san—</span> 
     </span>
     <span class='ocr_line' id='line_1_111' title="bbox 1278 2533 2120 2573; baseline 0.007 -14"><span class='ocrx_word' id='word_1_751' title='bbox 1278 2535 1340 2559; x_wconf 76' lang='lat' dir='ltr'>ctus</span> <span class='ocrx_word' id='word_1_752' title='bbox 1361 2536 1409 2560; x_wconf 75' lang='lat' dir='ltr'>est.</span> <span class='ocrx_word' id='word_1_753' title='bbox 1431 2549 1470 2553; x_wconf 89' lang='lat'>—-</span> <span class='ocrx_word' id='word_1_754' title='bbox 1491 2533 1541 2561; x_wconf 85' lang='lat' dir='ltr'>Per</span> <span class='ocrx_word' id='word_1_755' title='bbox 1563 2534 1685 2562; x_wconf 89' lang='lat' dir='ltr'>studium</span> <span class='ocrx_word' id='word_1_756' title='bbox 1708 2534 1865 2563; x_wconf 77' lang='lat' dir='ltr'>devotionis</span> <span class='ocrx_word' id='word_1_757' title='bbox 1885 2536 2020 2573; x_wconf 51' lang='lat' dir='ltr'>qratiam</span> <span class='ocrx_word' id='word_1_758' title='bbox 2035 2536 2120 2564; x_wconf 85' lang='lat' dir='ltr'>Exodi</span> 
     </span>
     <span class='ocr_line' id='line_1_112' title="bbox 1279 2579 2123 2620; baseline 0.006 -14"><span class='ocrx_word' id='word_1_759' title='bbox 1279 2579 1409 2615; x_wconf 82' lang='lat' dir='ltr'>vigesimo</span> <span class='ocrx_word' id='word_1_760' title='bbox 1445 2588 1536 2608; x_wconf 88' lang='lat' dir='ltr'>nouo:</span> <span class='ocrx_word' id='word_1_761' title='bbox 1566 2580 1722 2609; x_wconf 66' lang='lat' dir='ltr'>Mimdabts</span> <span class='ocrx_word' id='word_1_762' title='bbox 1750 2581 1845 2610; x_wconf 83' lang='lat' dir='ltr'>altare</span> <span class='ocrx_word' id='word_1_763' title='bbox 1876 2586 1901 2610; x_wconf 77' lang='lat' dir='ltr'>et</span> <span class='ocrx_word' id='word_1_764' title='bbox 1934 2591 2022 2620; x_wconf 62' lang='lat' dir='ltr'>anges</span> <span class='ocrx_word' id='word_1_765' title='bbox 2050 2583 2123 2611; x_wconf 82' lang='lat' dir='ltr'>illud</span> 
     </span>
     <span class='ocr_line' id='line_1_113' title="bbox 1277 2626 1599 2663; baseline 0.006 -10"><span class='ocrx_word' id='word_1_766' title='bbox 1277 2626 1308 2654; x_wconf 84' lang='lat' dir='ltr'>in</span> <span class='ocrx_word' id='word_1_767' title='bbox 1328 2626 1599 2663; x_wconf 74' lang='lat' dir='ltr'>sanctificationem.</span> 
     </span>
    </p>
   </div>
   <div class='ocr_carea' id='block_1_17' title="bbox 1276 2758 2121 2985">
    <p class='ocr_par' dir='ltr' id='par_1_27' title="bbox 1276 2758 2121 2985">
     <span class='ocr_line' id='line_1_114' title="bbox 1339 2758 2121 2785; baseline 0.005 -4"><span class='ocrx_word' id='word_1_768' title='bbox 1339 2758 1348 2771; x_wconf 60' lang='grc' dir='ltr'><strong>ὃ</strong></span> <span class='ocrx_word' id='word_1_769' title='bbox 1366 2760 1396 2782; x_wconf 83' lang='lat' dir='ltr'>Ex</span> <span class='ocrx_word' id='word_1_770' title='bbox 1413 2762 1431 2782; x_wconf 85' lang='lat' dir='ltr'><strong>A</strong></span> <span class='ocrx_word' id='word_1_771' title='bbox 1450 2761 1486 2782; x_wconf 77' lang='lat' dir='ltr'>l&#39;el.</span> <span class='ocrx_word' id='word_1_772' title='bbox 1499 2760 1528 2782; x_wconf 81' lang='lat'>53</span> <span class='ocrx_word' id='word_1_773' title='bbox 1541 2766 1558 2782; x_wconf 90' lang='lat' dir='ltr'>r.</span> <span class='ocrx_word' id='word_1_774' title='bbox 1573 2761 1604 2782; x_wconf 81' lang='lat' dir='ltr'>De</span> <span class='ocrx_word' id='word_1_775' title='bbox 1616 2761 1698 2783; x_wconf 84' lang='lat' dir='ltr'>eodem</span> <span class='ocrx_word' id='word_1_776' title='bbox 1717 2762 1816 2784; x_wconf 86' lang='lat' dir='ltr'>themate</span> <span class='ocrx_word' id='word_1_777' title='bbox 1834 2761 1931 2784; x_wconf 82' lang='lat' dir='ltr'>hahetur</span> <span class='ocrx_word' id='word_1_778' title='bbox 1944 2768 2020 2785; x_wconf 87' lang='lat' dir='ltr'>sermo</span> <span class='ocrx_word' id='word_1_779' title='bbox 2033 2762 2054 2785; x_wconf 84' lang='lat' dir='ltr'>in</span> <span class='ocrx_word' id='word_1_780' title='bbox 2067 2762 2121 2785; x_wconf 87' lang='lat' dir='ltr'>bibl.</span> 
     </span>
     <span class='ocr_line' id='line_1_115' title="bbox 1276 2798 2120 2829; baseline 0.005 -9"><span class='ocrx_word' id='word_1_781' title='bbox 1276 2799 1323 2821; x_wconf 86' lang='lat' dir='ltr'>Nat.</span> <span class='ocrx_word' id='word_1_782' title='bbox 1342 2799 1469 2826; x_wconf 69' lang='lat' dir='ltr'>Pal—islensi,</span> <span class='ocrx_word' id='word_1_783' title='bbox 1486 2798 1538 2821; x_wconf 84' lang='lat' dir='ltr'>cod.</span> <span class='ocrx_word' id='word_1_784' title='bbox 1555 2799 1643 2826; x_wconf 64' lang='lat'>14:595„</span> <span class='ocrx_word' id='word_1_785' title='bbox 1661 2800 1700 2828; x_wconf 76' lang='lat' dir='ltr'>qui</span> <span class='ocrx_word' id='word_1_786' title='bbox 1719 2800 1740 2822; x_wconf 91' lang='lat' dir='ltr'>in</span> <span class='ocrx_word' id='word_1_787' title='bbox 1758 2803 1856 2829; x_wconf 86' lang='lat' dir='ltr'>utroque</span> <span class='ocrx_word' id='word_1_788' title='bbox 1874 2801 1994 2823; x_wconf 84' lang='lat' dir='ltr'>divisionis</span> <span class='ocrx_word' id='word_1_789' title='bbox 2016 2801 2120 2824; x_wconf 87' lang='lat' dir='ltr'>membro</span> 
     </span>
     <span class='ocr_line' id='line_1_116' title="bbox 1276 2836 2120 2868; baseline 0.004 -9"><span class='ocrx_word' id='word_1_790' title='bbox 1276 2837 1319 2859; x_wconf 81' lang='lat' dir='ltr'>alia</span> <span class='ocrx_word' id='word_1_791' title='bbox 1338 2836 1504 2860; x_wconf 78' lang='lat' dir='ltr'>subdivisionis</span> <span class='ocrx_word' id='word_1_792' title='bbox 1521 2838 1625 2860; x_wconf 82' lang='lat' dir='ltr'>membra</span> <span class='ocrx_word' id='word_1_793' title='bbox 1653 2844 1727 2867; x_wconf 87' lang='lat' dir='ltr'>usque</span> <span class='ocrx_word' id='word_1_794' title='bbox 1748 2839 1776 2861; x_wconf 77' lang='lat' dir='ltr'>ad</span> <span class='ocrx_word' id='word_1_795' title='bbox 1802 2839 1926 2861; x_wconf 85' lang='lat' dir='ltr'>duodecim</span> <span class='ocrx_word' id='word_1_796' title='bbox 1950 2840 2063 2868; x_wconf 78' lang='lat' dir='ltr'>adiungit,</span> <span class='ocrx_word' id='word_1_797' title='bbox 2080 2840 2120 2862; x_wconf 85' lang='lat' dir='ltr'>sed</span> 
     </span>
     <span class='ocr_line' id='line_1_117' title="bbox 1276 2876 2120 2905; baseline 0.004 -7"><span class='ocrx_word' id='word_1_798' title='bbox 1276 2877 1353 2898; x_wconf 81' lang='lat' dir='ltr'>minus</span> <span class='ocrx_word' id='word_1_799' title='bbox 1370 2876 1429 2904; x_wconf 84' lang='lat' dir='ltr'>sapit</span> <span class='ocrx_word' id='word_1_800' title='bbox 1446 2877 1622 2900; x_wconf 80' lang='lat' dir='ltr'>Bonaventurae</span> <span class='ocrx_word' id='word_1_801' title='bbox 1639 2878 1753 2905; x_wconf 87' lang='lat' dir='ltr'>spiritum.</span> <span class='ocrx_word' id='word_1_802' title='bbox 1990 2878 1998 2891; x_wconf 90' lang='lat'>⁷</span> <span class='ocrx_word' id='word_1_803' title='bbox 2017 2880 2081 2902; x_wconf 82' lang='lat' dir='ltr'>Vers.</span> <span class='ocrx_word' id='word_1_804' title='bbox 2099 2879 2120 2901; x_wconf 90' lang='lat'>5.</span> 
     </span>
     <span class='ocr_line' id='line_1_118' title="bbox 1338 2914 2118 2946; baseline 0.004 -9"><span class='ocrx_word' id='word_1_805' title='bbox 1338 2914 1347 2927; x_wconf 70' lang='lat'>⁵</span> <span class='ocrx_word' id='word_1_806' title='bbox 1366 2916 1430 2938; x_wconf 83' lang='lat' dir='ltr'>Vers.</span> <span class='ocrx_word' id='word_1_807' title='bbox 1447 2917 1488 2943; x_wconf 77' lang='lat'>21;</span> <span class='ocrx_word' id='word_1_808' title='bbox 1506 2920 1634 2945; x_wconf 84' lang='lat' dir='ltr'>sequuntur</span> <span class='ocrx_word' id='word_1_809' title='bbox 1647 2918 1661 2939; x_wconf 82' lang='lat'>1.</span> <span class='ocrx_word' id='word_1_810' title='bbox 1674 2918 1723 2939; x_wconf 75' lang='lat' dir='ltr'>Par.</span> <span class='ocrx_word' id='word_1_811' title='bbox 1744 2918 1779 2944; x_wconf 75' lang='lat'>¹5,</span> <span class='ocrx_word' id='word_1_812' title='bbox 1800 2918 1832 2940; x_wconf 79' lang='grc'>14.</span> <span class='ocrx_word' id='word_1_813' title='bbox 1846 2921 1867 2940; x_wconf 83' lang='lat' dir='ltr'>et</span> <span class='ocrx_word' id='word_1_814' title='bbox 1877 2919 1956 2940; x_wconf 79' lang='lat' dir='ltr'>Ezeeh.</span> <span class='ocrx_word' id='word_1_815' title='bbox 1976 2919 2018 2946; x_wconf 81' lang='lat'>36,</span> <span class='ocrx_word' id='word_1_816' title='bbox 2032 2919 2068 2941; x_wconf 71' lang='lat'>23.</span> <span class='ocrx_word' id='word_1_817' title='bbox 2081 2918 2118 2940; x_wconf 67' lang='lat'>24.</span> 
     </span>
     <span class='ocr_line' id='line_1_119' title="bbox 1339 2953 1960 2985; baseline 0.006 -9"><span class='ocrx_word' id='word_1_818' title='bbox 1339 2953 1348 2966; x_wconf 77' lang='lat'><strong>⁹</strong></span> <span class='ocrx_word' id='word_1_819' title='bbox 1364 2954 1435 2982; x_wconf 83' lang='lat' dir='ltr'>Epist.</span> <span class='ocrx_word' id='word_1_820' title='bbox 1456 2956 1469 2977; x_wconf 95' lang='lat' dir='ltr'>l.</span> <span class='ocrx_word' id='word_1_821' title='bbox 1488 2956 1549 2978; x_wconf 78' lang='lat' dir='ltr'>loun.</span> <span class='ocrx_word' id='word_1_822' title='bbox 1567 2956 1588 2983; x_wconf 85' lang='lat'>3,</span> <span class='ocrx_word' id='word_1_823' title='bbox 1606 2957 1627 2978; x_wconf 87' lang='lat'>3.</span> <span class='ocrx_word' id='word_1_824' title='bbox 1645 2959 1667 2978; x_wconf 84' lang='lat' dir='ltr'>et</span> <span class='ocrx_word' id='word_1_825' title='bbox 1683 2957 1767 2980; x_wconf 85' lang='lat' dir='ltr'>deinde</span> <span class='ocrx_word' id='word_1_826' title='bbox 1785 2958 1854 2980; x_wconf 79' lang='lat' dir='ltr'>Exod.</span> <span class='ocrx_word' id='word_1_827' title='bbox 1872 2958 1910 2985; x_wconf 76' lang='lat'>29,</span> <span class='ocrx_word' id='word_1_828' title='bbox 1923 2958 1960 2981; x_wconf 83' lang='lat'>36.</span> 
     </span>
    </p>
   </div>
   <div class='ocr_carea' id='block_1_18' title="bbox 2146 328 2207 376">
    <p class='ocr_par' dir='ltr' id='par_1_28' title="bbox 2146 328 2207 376">
     <span class='ocr_line' id='line_1_120' title="bbox 2146 328 2207 376; baseline 0.049 -20"><span class='ocrx_word' id='word_1_829' title='bbox 2146 338 2188 358; x_wconf 76' lang='lat' dir='ltr'>Pars</span> <span class='ocrx_word' id='word_1_830' title='bbox 2200 328 2207 376; x_wconf 54' lang='lat' dir='ltr'>l}</span> 
     </span>
    </p>
   </div>
   <div class='ocr_carea' id='block_1_19' title="bbox 2201 69 2225 1407">
    <p class='ocr_par' dir='ltr' id='par_1_29' title="bbox 2201 69 2225 1407">
     <span class='ocr_line' id='line_1_121' title="bbox 2201 69 2225 1407; baseline 0 0"><span class='ocrx_word' id='word_1_831' title='bbox 2201 69 2225 1407; x_wconf 95' lang='lat' dir='ltr'> </span> 
     </span>
    </p>
   </div>
   <div class='ocr_carea' id='block_1_20' title="bbox 2143 1552 2227 1677">
    <p class='ocr_par' dir='ltr' id='par_1_30' title="bbox 2143 1552 2227 1677">
     <span class='ocr_line' id='line_1_122' title="bbox 2143 1552 2226 1577; baseline 0.012 -7"><span class='ocrx_word' id='word_1_832' title='bbox 2143 1552 2217 1572; x_wconf 81' lang='lat' dir='ltr'>Divisio.</span> <span class='ocrx_word' id='word_1_833' title='bbox 2224 1555 2226 1577; x_wconf 67' lang='grc' dir='ltr'>ζ</span> 
     </span>
     <span class='ocr_line' id='line_1_123' title="bbox 2225 1605 2226 1617; baseline 0 0"><span class='ocrx_word' id='word_1_834' title='bbox 2225 1605 2226 1617; x_wconf 94' lang='lat' dir='ltr'>l</span> 
     </span>
     <span class='ocr_line' id='line_1_124' title="bbox 2225 1636 2227 1649; baseline 0 0"><span class='ocrx_word' id='word_1_835' title='bbox 2225 1636 2227 1649; x_wconf 81' lang='lat' dir='ltr'>l</span> 
     </span>
     <span class='ocr_line' id='line_1_125' title="bbox 2226 1665 2227 1677; baseline 0 0"><span class='ocrx_word' id='word_1_836' title='bbox 2226 1665 2227 1677; x_wconf 94' lang='lat' dir='ltr'>l</span> 
     </span>
    </p>
   </div>
   <div class='ocr_carea' id='block_1_21' title="bbox 2228 1801 2243 2568">
    <p class='ocr_par' dir='ltr' id='par_1_31' title="bbox 2228 1801 2243 2568">
     <span class='ocr_line' id='line_1_126' title="bbox 2228 1801 2243 2568; baseline 0 0"><span class='ocrx_word' id='word_1_837' title='bbox 2228 1801 2243 2568; x_wconf 95' lang='lat' dir='ltr'> </span> 
     </span>
    </p>
   </div>
  </div>
 </body>
</html>
