2243 3348
201 419 293 442 secundo,
305 419 329 438 de

213 443 317 462 elevatione

213 467 281 485 mentis
292 466 317 484 acl

229 489 289 509 lesum
292 502 297 508 .

222 2501 292 2524 Tertio,
305 2501 329 2521 de

211 2524 339 2551 configuratio-

222 2553 246 2568 ne
258 2550 327 2567 mentis

225 2576 267 2591 eum
278 2571 327 2590 lesu.

344 196 400 224 480

345 273 421 302 uncte
451 276 553 301 exeunt
572 272 600 305 ¹,
631 274 657 299 et
688 269 747 297 ideo
776 267 885 295 Christo
916 265 1003 302 gratia
1034 266 1075 292 est
1105 261 1184 290 attri-

345 319 461 349 buenda.

424 364 548 394 Secundo
563 362 734 399 disponimur
749 359 782 388 ad
797 358 901 395 gratiae
916 355 1112 394 plenitudinem
1134 353 1185 381 ete-

347 412 459 441 vatione
481 410 578 439 mentis
599 408 632 437 ad
656 408 742 436 lesum
762 413 811 442 per
828 404 955 441 fiduciae
968 400 1185 433 sublimitatem,

346 466 401 495 qua
421 458 448 486 in
469 456 556 493 gratia
577 460 789 491 promovemur:
805 450 877 479 unde
898 449 932 478 ad
947 449 1082 477 Hebraeos
1103 453 1186 483 quar-

346 505 411 533 t02:
434 503 582 531 Adeamus
604 508 670 528 eum
690 498 802 535 fiducia
823 497 864 525 ad
894 495 1030 524 thronum
1051 493 1186 531 gratiae,

346 554 378 579 ut
392 547 626 577 misericordiam
641 552 857 582 consequamur
871 546 897 571 et
909 541 1040 579 qratiam
1056 539 1186 568 invenia-

346 604 412 624 mus
433 595 464 623 in
485 593 598 622 auxilio
619 594 790 628 opportuno.
808 605 844 610 -
866 588 1001 616 Tltronus
1014 586 1132 624 gyratiae
1147 587 1188 613 est

345 642 425 671 beata
446 641 543 676 Virgo,
566 639 592 667 in
614 646 668 675 qua
696 638 848 669 Assuerus,
870 643 922 663 rex
945 636 1121 666 mansuetus,
1143 639 1186 660 re-

345 687 464 725 quievit;
488 686 529 714 vel
551 684 673 713 thronus
692 683 809 721 qratiae
830 685 871 710 est
894 680 1051 709 humanitas
1072 677 1188 712 Christi,

345 735 410 771 quia
430 733 556 762 Christus
577 731 609 760 ad
631 731 683 759 hoc
704 733 745 758 est
767 730 947 761 humanatus,
970 730 1001 755 ut
1022 726 1138 763 gratiam
1161 724 1188 753 in

345 788 394 809 nos
415 779 564 812 diffundam
585 778 619 806 ad
641 778 774 806 Romanos
796 774 953 804 secundoss:
977 772 1133 809 Iustifieatt'
1155 779 1189 799 eae

344 827 416 864 side,
435 833 537 863 pacem
559 823 717 852 habeamus
733 823 772 851 ad
790 822 880 850 Deum
893 829 946 857 per
964 819 1120 848 Dominum
1138 826 1189 846 no-

345 878 440 902 strum
456 873 549 901 Iesum
569 870 734 904 Christum,
754 877 905 907 perquem
926 871 951 896 et
972 874 1121 896 accessam
1137 864 1189 894 lta-

347 920 445 949 bemus
474 928 526 956 per
546 918 631 955 sidem
652 917 683 946 in
703 916 834 954 qratiam
857 915 961 948 istam,
984 914 1015 942 iu
1042 921 1102 951 qua
1130 915 1190 940 sta-

346 976 412 996 mus
433 969 458 995 et
476 966 644 1003 gloriamur
665 964 696 992 iu
721 972 770 1000 spe
789 962 902 999 gloriae
922 961 1052 997 liliorum
1078 960 1135 988 Dei.
1159 959 1191 988 Et

346 1013 425 1042 alibi:
441 1013 518 1041 Misit
536 1012 611 1040 Deus
632 1010 742 1039 Filium
763 1017 853 1037 suum
867 1007 980 1045 factum
1002 1016 1037 1035 eac
1058 1006 1190 1040 muliere,

346 1060 460 1098 factum
480 1058 533 1087 sub
557 1059 626 1095 Leqe
650 1060 700 1086 etc.
724 1056 774 1085 Sed
797 1056 843 1084 ubi
872 1054 1086 1092 quaerendum?
1114 1052 1191 1081 Modo

346 1115 401 1136 non
422 1109 463 1135 est
484 1106 510 1134 in
534 1104 683 1142 praesepio.
711 1104 809 1131 Beatus
835 1102 1004 1138 Stephanus,
1027 1108 1095 1128 eum
1122 1102 1191 1128 esset

343 1154 448 1191 plenus
469 1152 584 1189 Spiritu
604 1155 720 1184 saneto,
743 1149 892 1178 intendens
913 1148 945 1176 iu
966 1147 1097 1181 eaelum,
1118 1146 1192 1174 vidit

346 1200 442 1228 Iesum
470 1202 592 1227 stantem
622 1206 641 1226 a
666 1196 776 1225 dextris
803 1195 921 1224 virtutis
949 1194 1000 1222 Dei
1006 1204 1016 1227 ,·
1041 1193 1193 1230 quaerebat

347 1246 476 1284 gratiam,
491 1245 538 1274 uhi
555 1245 614 1273 fuit.
632 1244 731 1272 Radius
753 1241 1001 1279 perpendicularis,
1017 1240 1127 1278 quando
1148 1248 1192 1269 ca-

347 1293 386 1322 dit
407 1296 480 1321 recte
508 1300 592 1329 super
614 1291 768 1323 obiectum,
790 1289 942 1318 revertitur
970 1288 996 1316 in
1026 1296 1109 1316 suum
1138 1286 1193 1315 ori-

347 1340 436 1377 ginale
458 1339 639 1376 principium3
662 1338 700 1366 sic
722 1337 825 1373 gratia,
848 1344 918 1372 quae
939 1343 955 1363 a
978 1335 1033 1363 Deo
1054 1334 1194 1363 descendit

348 1388 374 1415 in
397 1387 507 1415 beatum
530 1386 714 1422 Stephanum,
737 1384 827 1420 ipsum
850 1383 963 1411 reduxit
977 1382 1004 1411 in
1021 1389 1103 1411 suum
1119 1381 1193 1418 prin-

348 1433 466 1470 cipium,
488 1432 553 1469 quia
574 1431 748 1468 recognovit,
770 1438 798 1458 se
825 1429 927 1458 habere
952 1425 1069 1466 gratiam
1092 1436 1108 1456 a
1128 1428 1192 1456 Deo.

349 1480 375 1509 Si
396 1480 480 1517 igitur
502 1479 629 1507 volumus
651 1478 753 1506 habere
768 1477 873 1514 gratiae
889 1475 1097 1513 plenitudinem,
1112 1482 1194 1511 opor-

348 1530 401 1560 tet,
423 1526 495 1563 quod
518 1534 582 1554 eum
604 1525 716 1562 fiducia
738 1524 882 1552 adeamus
904 1523 1000 1552 Deum.
1024 1523 1055 1551 Et
1081 1524 1194 1559 propter

348 1574 400 1602 hoc
421 1573 485 1601 dicit
513 1573 610 1601 beatus
632 1572 728 1600 Petrus
743 1572 769 1599 4:
793 1570 940 1599 Succincti
960 1569 1071 1598 lumbos
1092 1568 1195 1597 mentis

348 1624 469 1653 vestrae,
483 1619 576 1648 sobrii
588 1618 712 1656 perfecte
726 1621 841 1655 sperate
856 1618 886 1646 in
901 1625 966 1645 eam
984 1625 1058 1655 qaae
1073 1615 1195 1653 offertur

348 1667 427 1696 vobis
442 1666 584 1704 qratiam.
600 1682 639 1686 -
653 1665 758 1694 Lumbi
779 1668 857 1699 sunt,
879 1664 907 1692 in
928 1664 1031 1700 quibus
1052 1665 1093 1692 est
1114 1662 1195 1691 semi-

348 1714 456 1742 narium
476 1712 659 1750 generationis
673 1715 700 1741 et
714 1711 902 1740 delectationis
917 1710 1006 1739 omnis
1020 1709 1193 1747 generaliter.

349 1760 486 1797 Originale
501 1763 592 1788 autem
616 1759 782 1796 principium
805 1757 1013 1795 germinationis
1034 1760 1060 1785 et
1081 1764 1196 1793 genera-

349 1807 430 1836 tionis
444 1810 483 1835 est
505 1806 638 1835 memoria
653 1814 716 1834 cnm
732 1805 925 1842 intelligentia;
948 1804 1080 1840 originale
1101 1806 1195 1831 autem

349 1853 515 1891 principium
536 1852 723 1881 delectationis
744 1856 786 1880 est
807 1851 942 1880 voluntas.
958 1850 1096 1879 Debemus
1111 1849 1195 1886 igitur

349 1901 518 1929 voluntatem
540 1902 566 1928 et
587 1899 747 1928 memoriam
770 1906 882 1927 sursum
905 1898 998 1926 levare
1025 1900 1052 1925 et
1081 1895 1196 1925 succin-

348 1956 414 1984 gere
435 1946 607 1983 operationes
628 1949 655 1974 et
683 1945 840 1974 affectiones
868 1948 977 1973 nostras
997 1943 1143 1981 sperando
1165 1942 1196 1970 in

348 1993 481 2031 qratiam
498 1993 566 2027 Dei,
588 1995 615 2021 et
635 1992 716 2021 debet
738 2000 797 2021 esse
819 1994 875 2020 tota
889 1999 952 2028 spes
966 1994 1060 2019 nostra
1074 1990 1102 2018 in
1117 1989 1196 2018 Chri-

350 2043 400 2069 sto.
423 2040 566 2077 Apostolus
587 2039 621 2068 ad
642 2039 815 2068 Colossenses
846 2038 965 2067 tertio5:
989 2038 1021 2066 Si
1041 2045 1196 2066 consurre-

350 2087 435 2116 xistis
457 2095 523 2115 eum
540 2086 665 2120 Christo,
680 2094 755 2124 quae
775 2094 898 2114 sursum
919 2088 990 2113 sunt
1003 2084 1106 2121 sapite,
1122 2091 1196 2121 quae

350 2142 471 2161 sursum
499 2137 568 2161 sunt
598 2133 735 2171 quaerite.
759 2132 810 2161 Sed
839 2132 872 2160 de
903 2131 1069 2169 quibusdam
1095 2130 1197 2159 dicitur

351 2180 529 2208 Ecclesiastici
547 2180 678 2216 vigesimo
689 2179 715 2207 ὃς
735 2178 858 2208 Gratiae
873 2177 1031 2216 fatuorum
1048 2176 1197 2215 effitnden-

353 2230 410 2254 tur.
433 2243 471 2246 -—
492 2227 584 2255 Fatui
605 2230 686 2260 sunt,
707 2226 755 2263 qui
778 2226 878 2263 spretis
901 2225 1109 2262 superioribus,
1132 2232 1197 2253 con-

352 2276 465 2301 vertunt
485 2281 513 2302 se
534 2273 568 2301 ad
600 2273 651 2302 ista
682 2276 808 2307 terrena;
832 2272 970 2301 psalmus:
1002 2271 1107 2300 Oculos
1128 2279 1197 2299 suos

352 2323 520 2348 statuerunt
550 2319 696 2348 declinare
727 2320 758 2348 in
787 2323 917 2352 terram,·
944 2318 1105 2347 afficiuntur
1134 2325 1197 2354 per-

353 2374 433 2395 versa
450 2367 607 2401 affectione,
629 2367 776 2404 aliquando
798 2366 955 2403 perverba
975 2365 1137 2399 indecentia,
1154 2364 1197 2393 vel

354 2421 402 2449 per
418 2413 490 2442 iocos
510 2413 663 2450 impudicos
684 2413 804 2450 perdunt
820 2416 934 2450 propter
953 2412 1060 2449 ineptas
1080 2411 1198 2441 laetitias

355 2459 488 2496 quidquid
510 2463 632 2496 tempore
654 2460 705 2488 isto
727 2460 826 2489 lucrati
848 2462 922 2488 sunt.

433 2507 524 2535 Tertio
545 2507 716 2543 disponimur
737 2507 771 2535 ad
792 2506 991 2543 plenitudinem
1014 2506 1118 2543 gratiae
1132 2514 1197 2534 eon-

354 2551 531 2589 fiquratione
552 2554 651 2582 mentis
672 2561 735 2582 cum
757 2553 817 2582 Iesu
838 2561 888 2590 per
910 2552 1115 2581 benevolentiae
1133 2552 1198 2581 lati-

1019 184 1192 215 SERMONES
1212 184 1256 212 DE
1277 181 1417 211 SANCTlS.

1241 259 1387 291 tudinem,
1409 265 1464 295 qua
1485 257 1512 285 in
1534 256 1623 293 gratia
1643 255 1818 293 proficimus;
1850 255 1923 283 unde
1943 254 2087 291 Apostolus

1242 305 1378 335 secundae
1398 304 1432 333 ad
1453 303 1609 332 Corinthios
1628 302 1735 331 decimo
1757 302 1876 331 tertio⁷:
1902 301 2009 330 Gratia
2033 301 2088 329 Do-

1243 352 1317 381 mini
1343 351 1438 379 nostri
1465 351 1531 378 Iesu
1554 349 1664 378 Cltristi
1690 353 1715 377 et
1743 348 1856 377 caritas
1879 348 1930 377 Dei
1960 351 1986 376 et
2013 356 2089 376 eom-

1242 397 1404 427 munieatio
1426 396 1556 434 Spiritus
1577 396 1675 425 saneti
1694 396 1732 424 sit
1753 404 1820 424 cum
1843 394 1977 423 omnibus
1997 394 2085 423 vobis.

1245 446 1345 473 Amen.
1360 443 1507 480 Coniungit
1521 446 1613 472 autem
1627 442 1760 480 qratiam
1778 442 1829 470 Dei
1849 449 1912 471 cum
1928 441 2088 470 eommuni-

1244 491 1356 520 eatione
1381 490 1512 527 Spiritus
1542 489 1654 523 sancti,
1676 489 1742 526 quia
1763 488 1808 517 illa
1830 488 1922 517 anima
1942 488 2023 525 plena
2048 490 2090 516 est

1244 538 1344 575 gratia,
1359 544 1431 574 quae
1445 536 1637 573 configuratur
1658 535 1769 564 Christo
1791 535 1817 563 in
1840 534 2090 564 communicatione

1244 585 1381 613 bonorum
1404 583 1523 620 Spiritus
1544 583 1639 611 sancti.
1661 583 1735 611 Deus
1753 585 1795 611 est
1808 582 1909 611 fontale
1924 581 2090 619 principium

1244 631 1348 668 gratiae
1369 632 1396 659 et
1416 630 1471 664 dat,
1493 630 1539 658 sed
1562 638 1615 658 non
1638 629 1745 666 recipit,
1767 629 1832 666 quia
1853 636 1935 657 sunm
1950 630 1992 657 est
2008 628 2089 656 dare.

1245 678 1360 715 Oportet
1381 677 1481 714 igitur,
1503 676 1551 714 qui
1572 677 1672 713 plenus
1692 678 1734 705 est
1754 676 1857 713 gratia,
1879 675 1954 712 quod
1969 675 2004 704 sit
2024 675 2091 704 libe-

1245 725 1326 759 ralis,
1348 723 1576 753 communicando
1597 723 1657 752 aliis
1678 722 1752 760 quod
1775 722 1857 751 habet
1877 722 1996 759 gratiae;
2018 722 2092 751 unde

1246 772 1343 800 beatus
1365 771 1476 799 Petrus:
1506 770 1709 807 Unusquisque
1729 769 1805 798 sieut
1826 769 1936 806 aceepit
1948 769 2091 806 qratiam,

1246 819 1278 847 in
1299 818 1477 846 atterutrum
1496 817 1578 845 ittam
1594 817 1847 850 administrantes,
1862 816 1940 845 sicut
1954 815 2021 844 boni
2034 815 2093 844 dis-

1245 868 1413 902 pensatores
1439 863 1632 901 muttiformis
1662 863 1781 901 prauae
1814 862 1872 891 Dei.
1904 862 1997 899 Angeli
2028 864 2093 891 sunt

1247 912 1409 946 deiformes,
1431 911 1497 948 quia
1519 910 1687 939 charismata
1707 910 1877 947 gratiarum,
1892 917 1963 946 quae
1984 917 2000 938 a
2014 909 2093 938 Chri-

1248 963 1290 988 sto
1313 958 1462 995 recipiunt,
1484 958 1510 986 in
1534 965 1637 994 corpus
1664 956 1799 985 Ecclesiae
1828 956 1973 993 mysticum
1999 956 2094 985 refun-

1247 1006 1325 1035 dunt.
1358 1005 1380 1033 O
1411 1007 1515 1042 quanta
1544 1003 1694 1033 liberalitas
1725 1006 1752 1032 et
1782 1003 1973 1032 benevolentia
1993 1002 2046 1032 fuit
2065 1003 2094 1032 in

1248 1053 1328 1082 beato
1355 1052 1508 1088 Stephano,
1541 1051 1588 1088 qui
1620 1050 1736 1087 gratiam
1766 1053 1903 1087 receptam
1936 1058 1952 1078 a
1979 1050 2035 1078 Deo
2066 1050 2093 1078 in

1248 1099 1315 1127 alios
1336 1098 1427 1135 ipsum
1450 1097 1600 1134 lapidantes
1621 1097 1738 1126 refudit!
1760 1096 1836 1126 Unde
1857 1096 1958 1125 dicitur
1976 1096 2093 1126 Actuum

1249 1149 1329 1174 sexto
1340 1144 1360 1178 ⁸,
1382 1144 1456 1181 quod
1488 1144 1631 1172 intuentes
1659 1152 1725 1172 eum
1754 1151 1867 1176 omnes,
1889 1143 1941 1181 qui
1960 1142 2095 1171 sedebant

1250 1192 1280 1221 in
1302 1191 1439 1225 coneilio,
1461 1191 1599 1220 viderunt
1618 1189 1725 1228 faeiem
1747 1190 1810 1219 eius
1832 1193 1974 1227 tanquam
1988 1188 2096 1226 faeiem

1250 1239 1362 1277 Anyeli.
1384 1239 1476 1267 Simus
1497 1238 1581 1275 igitur
1603 1241 1630 1267 et
1651 1245 1700 1266 nos
1722 1237 1873 1266 imitatores
1904 1245 1958 1266 non
1986 1237 2096 1266 daemo-

1250 1295 1334 1321 num,
1356 1285 1403 1315 sed
1418 1286 1600 1323 Angelorum;
1622 1285 1650 1313 in
1671 1284 1739 1314 facie
1760 1284 1832 1313 enim
1854 1284 2011 1313 invidorum
2027 1283 2096 1312 nihil

1250 1336 1291 1362 est
1312 1332 1459 1366 claritatis,
1482 1331 1548 1369 quia
1576 1331 1680 1360 bonum
1714 1331 1742 1359 in
1763 1330 1823 1359 aliis
1843 1339 1898 1359 non
1919 1330 2027 1365 vident,
2048 1329 2096 1359 sed

1250 1380 1364 1408 malum.
1386 1379 1487 1407 Contra
1508 1378 1576 1407 tales
1597 1378 1662 1406 dicit
1683 1378 1828 1414 Apostolus
1849 1377 1985 1406 secundae
2000 1377 2033 1406 ad
2048 1376 2097 1405 Co-

1251 1426 1370 1454 rinthios
1391 1428 1486 1454 sexto:
1510 1425 1693 1453 Adiuvantes
1714 1423 1923 1458 exhortamur,
1946 1432 1981 1452 ne
2001 1423 2032 1452 in
2046 1432 2098 1452 va-

1251 1481 1340 1501 cuum
1360 1472 1494 1510 yrattam
1511 1472 1563 1500 Dei
1577 1471 1736 1509 recipiatis.
1751 1487 1789 1491 —
1806 1472 1850 1500 llle
1865 1471 1897 1500 in
1910 1479 2039 1500 vacuum
2054 1479 2098 1499 re-

1252 1520 1323 1557 cipit
1335 1519 1479 1557 qratiam,
1495 1519 1543 1556 qui
1560 1518 1629 1547 nihil
1643 1518 1748 1555 gratiae
1762 1518 1788 1546 in
1805 1518 1872 1547 alios
1886 1518 2016 1547 refundit.
2031 1518 2098 1546 Gra-

1252 1566 1289 1595 tia
1310 1565 1478 1594 assimilatur
1509 1565 1595 1600 fonti,
1616 1565 1681 1602 qui,
1703 1565 1725 1593 si
1756 1572 1858 1602 aquam
1885 1573 1940 1593 non
1961 1564 2098 1600 refundit,

1252 1612 1342 1649 perdit
1374 1612 1507 1640 rationem
1537 1611 1634 1646 fontis;
1656 1611 1731 1640 unde
1755 1619 1810 1640 non
1841 1614 1883 1640 est
1910 1611 1998 1648 gratia
2029 1610 2099 1640 sicut

1252 1660 1386 1694 cisterna,
1409 1659 1456 1688 sed
1477 1659 1549 1688 sicut
1579 1659 1647 1687 sons.
1677 1658 1816 1695 Quidquid
1836 1658 1922 1696 igitur
1943 1658 2028 1687 habes
2052 1657 2099 1687 da-

1252 1710 1328 1741 tum,
1351 1707 1408 1735 sive
1430 1706 1465 1735 sit
1486 1705 1628 1740 facundia,
1650 1705 1708 1734 sive
1729 1705 1841 1742 aliquod
1861 1705 1975 1740 bonum,
1990 1712 2099 1742 semper

1252 1753 1335 1782 debes
1356 1753 1383 1781 in
1405 1753 1489 1781 alium
1512 1752 1668 1781 refundere.

1332 1800 1436 1836 Quarto
1450 1799 1623 1836 disponimur
1644 1799 1677 1828 ad
1700 1799 1897 1836 plenitudinem
1920 1799 2024 1836 gratiae
2040 1801 2100 1827 sta·
2118 1806 2195 1833 Quanp,
2205 1805 2243 1826 010..

1254 1847 1379 1875 bilitione
1400 1846 1500 1875 mentis
1520 1846 1594 1883 apud
1610 1846 1699 1875 Iesum
1716 1854 1765 1883 per
1783 1846 2019 1883 perseverantiae
2040 1845 2100 1874 ton·
2110 1829 2243 1896 ιιῗὲῑιΞΞΞῖῧῧ

1251 1894 1469 1932 yanimitatem,
1485 1901 1534 1930 per
1556 1901 1639 1930 qnam
1654 1893 1682 1921 in
1697 1893 1785 1930 gratia
1799 1895 2007 1930 perpetuemur.
2024 1892 2100 1921 Chri-

1253 1944 1313 1970 stus
1334 1941 1392 1977 ipse
1413 1941 1447 1969 ab
1469 1943 1581 1969 aeterno
1603 1940 1738 1977 promittit
1753 1941 1799 1976 (2),
1820 1938 1954 1968 Cltristus
1975 1938 2055 1974 lteri,
2076 1943 2102 1968 et

1253 1987 1346 2022 ltodie,
1369 1988 1429 2024 ipse
1450 1991 1475 2016 et
1496 1987 1526 2016 in
1547 1987 1675 2015 saecula.
1694 1986 1840 2015 Doetrinis
1861 1986 1956 2015 variis
1977 1990 2002 2015 et
2019 1995 2100 2024 pere-

1252 2035 1350 2073 yrtm's
1370 2035 1455 2063 notite
1477 2034 1593 2063 abduci.
1616 2034 1765 2071 Optimum
1779 2037 1820 2062 est
1834 2034 1910 2062 enim
1923 2034 2026 2072 qratia
2040 2037 2100 2063 sta-

1254 2082 1338 2111 bilire
1349 2091 1399 2111 eor
1408 2082 1427 2110 ⁹.
1440 2082 1491 2111 Sed
1503 2082 1642 2119 quomodo
1654 2081 1792 2118 possimus
1807 2081 1833 2110 in
1844 2081 1946 2119 qratia
1961 2081 2099 2115 stabiliri,

1253 2129 1332 2158 docet
1354 2129 1498 2166 Apostolus
1520 2128 1554 2157 ad
1575 2129 1667 2157 Titum
1682 2128 1818 2157 secundo:
1835 2128 1986 2165 Apparuit
1998 2128 2101 2165 qratia

1255 2176 1308 2205 Dei
1328 2176 1492 2205 Salvatoris
1513 2176 1608 2204 nostri
1628 2175 1763 2204 omnibus
1785 2174 1951 2204 bominibus
1965 2175 2101 2204 erudiens

1253 2232 1323 2257 nos,
1345 2227 1377 2251 ut
1398 2223 1575 2260 abneyantes
1597 2222 1773 2260 impietatem
1793 2225 1819 2251 et
1838 2222 1978 2251 earnalia
1992 2222 2101 2251 deside-

1254 2270 1320 2304 ria,
1342 2270 1437 2298 sobrie
1462 2274 1487 2298 et
1510 2270 1557 2307 pie
1584 2273 1608 2298 et
1636 2273 1714 2298 caste
1741 2269 1877 2298 vivamus
1905 2269 1936 2298 in
1964 2268 2015 2298 boe
2042 2277 2102 2298 sae-

1254 2317 1329 2351 culo,
1341 2320 1536 2354 exspectantes
1548 2317 1663 2345 beatam
1676 2325 1756 2354 spem
1768 2320 1794 2345 et
1807 2316 1964 2345 adventum
1979 2316 2099 2345 Iudicis

1255 2364 1343 2393 Debes
1364 2364 1442 2401 sequi
1458 2364 1544 2398 viam,
1563 2371 1634 2401 quae
1655 2366 1785 2401 apparet;
1807 2363 1854 2392 sed
1875 2363 1903 2392 in
1924 2363 2034 2392 Christo
2054 2371 2101 2400 ap-

1256 2412 1348 2448 paruit
1379 2411 1480 2448 gratia:
1512 2411 1645 2440 debemus
1673 2410 1758 2447 igitur
1790 2411 1868 2447 sequi
1890 2410 1961 2439 viam
1983 2410 2101 2445 Christi,

1255 2467 1310 2487 non
1332 2459 1555 2495 perturbationes
1576 2458 1746 2493 mundanas,
1768 2458 1790 2486 si
1810 2458 1939 2487 volumus
1953 2457 1980 2486 in
2000 2457 2102 2495 qratia

1254 2505 1393 2539 stabiliri,
1409 2505 1475 2542 quia
1489 2505 1554 2534 dicit
1569 2505 1713 2534 Anselmus
1726 2505 1763 2533 ¹⁰:
1784 2505 1869 2539 «Cor,
1882 2504 1956 2542 quod
1971 2504 1998 2533 in
2013 2506 2102 2533 aeter-

1256 2552 1340 2581 nitate
1362 2552 1450 2581 [ixum
1473 2560 1527 2581 non
1553 2555 1608 2586 est,
1629 2552 1702 2580 omni
1734 2552 1917 2581 mutabilitate
1941 2551 2102 2580 mutabilius

418 2740 426 2753 ¹
444 2741 516 2763 Eccle.
535 2741 555 2769 t,
572 2741 595 2763 7.

419 2778 427 2791 2
445 2780 509 2802 Vers.
528 2780 563 2808 «16,
581 2782 602 2802 et
619 2779 702 2802 deinde
719 2780 840 2808 respicitur
858 2782 919 2804 Esth.
937 2782 962 2809 5,
980 2783 1000 2804 2.
1018 2788 1085 2810 seqq.

419 2816 428 2829 ³
445 2817 510 2840 Vers.
529 2818 550 2840 4,
568 2819 594 2845 23
611 2818 713 2847 sequitur
730 2819 779 2841 Gal.
797 2819 818 2847 li,
836 2819 858 2842 4.
876 2822 898 2842 et
913 2820 1035 2848 respicitur
1052 2821 1099 2843 Act.
1111 2820 1134 2847 7,
1147 2820 1185 2843 55.

418 2856 428 2868 ‘¹
445 2857 516 2884 Epist.
533 2858 547 2879 1.
565 2863 585 2879 c.
604 2858 624 2884 l,
642 2858 678 2880 ¹¹3.
695 2870 725 2874 —
743 2859 798 2880 lnsra
823 2862 874 2886 post
895 2859 1036 2888 qeneroliter
1059 2859 1141 2882 excidit
1162 2860 1198 2881 ali·

357 2895 425 2924 quid,
442 2898 467 2918 ut
484 2896 510 2918 In
528 2897 610 2919 mente.
1002 2897 1011 2910 ⁵
1028 2899 1093 2921 Vers.
1112 2899 1132 2921 ’1.
1150 2905 1198 2927 seq.

420 2933 429 2946 ⁶
446 2934 511 2957 Vers.
531 2935 571 2962 13;
588 2935 692 2964 sequitur
709 2936 743 2958 ΡΞ.
766 2936 803 2964 16,
822 2937 860 2959 il.

420 2971 429 2984 ⁷
447 2972 511 2995 Vers.
530 2973 571 3000 ¹¹33
588 2974 691 3002 sequitur
708 2975 722 2996 l.
740 2975 797 2997 Petr.
816 2975 838 3003 4,
856 2976 892 2997 110.

1317 2741 1326 2754 Β
1345 2743 1411 2765 Vers.
1428 2742 1470 2769 1l53
1488 2742 1592 2771 sequitur
1610 2742 1634 2764 ll.
1653 2741 1704 2764 Cor.
1723 2742 1744 2770 6,
1763 2742 1784 2764 q,

1317 2780 1327 2793 ⁹
1344 2781 1413 2804 Hebr.
1431 2782 1473 2809 43,
1492 2782 1513 2803 8.
1532 2782 1557 2809 9,
1575 2781 1678 2810 sequitur
1695 2781 1739 2803 Tit.
1757 2782 1778 2808 2,
1796 2780 1880 2807 tl-l35
1894 2780 2004 2808 Vulgata:
2016 2781 2037 2803 et
2051 2785 2102 2803 sae-

1255 2820 1349 2844 cularia
1366 2820 1496 2848 desideria,
1513 2819 1591 2843 sobrie
1608 2821 1629 2843 et
1646 2819 1705 2843 iuste
1721 2821 1745 2843 et
1765 2818 1805 2849 pie
1828 2819 1962 2842 vivamus...
1978 2820 2001 2842 et
2016 2817 2100 2842 adveu-

1255 2861 1306 2883 tum
1323 2859 1414 2888 υαῖονῖαε
1430 2859 1515 2889 ‘niaque'
1531 2859 1574 2882 Dei
1590 2860 1611 2882 et
1628 2858 1762 2882 Satvatorz's
1778 2857 1857 2881 nostri
1873 2858 1924 2881 Iesu
1943 2857 2037 2881 Christi.

1318 2897 1338 2911 ¹⁰
1354 2898 1400 2921 Csr.
1418 2898 1478 2920 Libr.
1495 2898 1525 2921 de
1541 2898 1656 2921 Concord.
1672 2900 1694 2920 et
1711 2897 1848 2920 Praescient.
1862 2903 1915 2919 cum
1928 2896 1966 2919 lib.
1979 2896 2035 2925 arb„
2047 2902 2066 2918 c.
2079 2896 2101 2923 5,

1256 2940 1278 2959 et
1295 2938 1373 2960 homil.
1390 2938 1415 2965 3,
1434 2937 1473 2960 ubi
1491 2938 1547 2960 haec
1565 2937 1637 2959 verba
1659 2942 1705 2959 sec.
1727 2942 1821 2959 sensum
1843 2938 1974 2959 occurrunt.
1993 2947 2024 2952 —
2041 2935 2101 2958 Vide

1256 2979 1333 2999 tamen
1350 2982 1420 3004 supra
1437 2982 1491 3004 pag.
1509 2977 1567 3004 ⁴263,
1585 2978 1663 2999 notam
1682 2976 1702 2998 8.
