2243 3348
208 925 262 952 item,
273 925 312 948 ple-

218 953 300 967 mssuna.

214 2281 265 2302 item.
279 2285 322 2303 poe—

219 2304 319 2322 nalissima.

334 190 388 218 726

332 267 417 296 Huius
438 266 527 302 figura
548 262 696 300 praecessit
718 261 743 289 in
765 259 892 289 lereiuiae
914 257 1045 294 vigesimo
1059 259 1139 285 sexto
1152 256 1174 289 ¹,

332 314 378 351 qui
391 312 479 341 aiebat
491 309 661 347 principibus
673 307 849 336 ludaeorum:
860 305 961 334 Scitote
972 307 996 332 et
1007 302 1174 340 coynoscite,

332 359 418 397 quod,
440 358 467 386 si
480 355 642 385 occideritis
657 362 715 387 me,
733 352 907 390 sanquinem
922 352 1098 379 innocentem
1114 351 1175 376 tra-

333 406 404 434 detis
423 407 526 433 contra
557 401 757 437 vomuetspsoae
785 399 835 435 ipsi
866 405 984 434 namque
1013 395 1173 432 sanguinem

334 451 476 481 tradebant
497 452 593 478 contra
607 455 635 476 se
655 449 767 484 propter
781 445 892 473 nimiam
909 443 1108 472 crudelitatem.
1124 440 1175 469 Sed

333 501 445 527 econtra
472 495 598 524 Christus
626 493 786 529 sanguinem
814 490 945 520 fundebat
977 497 1027 526 pro
1054 488 1122 525 ipsis
1140 487 1176 515 ob

334 545 444 573 nimiam
466 542 616 571 caritatem.
631 539 779 568 Considera
793 538 887 574 igitur,
902 540 1007 574 quanto
1027 535 1112 564 fuerit
1126 534 1177 562 im-

334 592 419 628 pietas
440 590 466 617 in
488 588 602 621 Iudaeis,
625 586 671 624 qui
695 589 801 614 tantum
816 584 945 613 sitiebant
958 582 1119 620 sanguinem
1136 581 1177 609 in-

334 639 475 666 nocentem
497 635 570 663 illius
591 634 638 671 qui
661 635 768 661 tantum
790 639 836 660 eos
856 630 999 667 diligebat,
1021 632 1052 657 ut
1067 628 1178 665 sangui-

334 692 394 712 nem
418 691 468 719 pro
488 682 527 710 eis
548 681 630 710 vellet
651 679 775 712 fundere,
790 681 818 707 et
831 680 935 715 quanta
957 676 1043 713 pietas
1057 676 1084 704 in
1099 675 1178 703 Chri-

334 735 384 764 sto,
406 729 452 766 qui
475 732 581 757 tautum
604 726 824 763 compatiebatur
846 724 948 761 impiis,
970 727 1002 752 ut
1016 722 1177 759 sanguinem

334 784 415 805 suum
436 775 565 805 funderet
586 782 636 811 pro
659 773 701 802 bis
722 772 769 810 qui
791 771 954 808 sanguinem
973 777 1055 799 suum
1078 769 1180 798 vellent

334 823 483 853 effundere.

413 870 522 898 Effusas
542 869 623 898 etiam
646 867 698 896 suit
717 866 855 904 effusione
867 865 1056 902 plenissima,
1078 863 1099 892 si
1115 871 1180 892 con-

335 918 472 947 sideretur
493 923 648 948 mensura,
670 914 735 951 quia
756 921 810 942 non
825 912 912 941 exivit
933 914 1020 949 gutta,
1036 910 1081 939 sed
1104 910 1181 939 efflu-

335 965 377 993 xit
397 963 538 1000 sanguinis
567 962 655 995 unda,
685 961 765 990 iuxta
791 959 864 996 quod
886 959 988 987 dicitur
1009 958 1035 986 in
1065 965 1182 994 persona

335 1011 483 1040 salvatoris
494 1009 576 1038 Isaiae
591 1008 762 1045 sexagesimo
774 1007 855 1036 tertio
867 1007 893 1034 2:
908 1007 1053 1042 Aspersus
1065 1009 1104 1033 est
1115 1013 1182 1033 san-

334 1058 403 1095 yais
424 1065 541 1089 eoru-m,
563 1055 666 1083 scilicet
693 1062 744 1091 pro
772 1054 811 1082 eis
839 1053 959 1086 effusus,
987 1059 1077 1088 super
1097 1051 1181 1079 vcsti-

336 1108 432 1132 menta
452 1111 528 1136 mea,
550 1106 574 1130 et
595 1101 694 1129 omnia
726 1100 897 1128 indumenta
924 1106 989 1126 ntea
1017 1098 1180 1136 inquinavi.

338 1151 511 1179 Indumenta
538 1152 630 1177 autem
654 1150 732 1177 vocat
760 1147 884 1184 corporis
911 1145 1051 1178 membra,
1080 1145 1183 1182 quibus

338 1197 452 1226 vestitus
472 1200 531 1225 erat
554 1203 603 1232 pro
625 1195 704 1223 nobis
723 1195 779 1231 ipse
802 1194 847 1222 Dei
870 1193 960 1221 Filius.
983 1193 1068 1220 Tanta
1089 1194 1181 1219 autem

337 1244 388 1273 fuit
409 1243 550 1280 sanguinis
571 1242 677 1275 effusio,
693 1244 723 1270 ut
745 1244 833 1269 totum
849 1248 951 1276 corpus
971 1239 1031 1268 eius
1050 1238 1183 1275 sanguine

336 1293 539 1328 aspergeretur.
556 1289 641 1317 Huius
655 1292 746 1317 autem
764 1288 852 1324 figura
868 1286 1016 1323 praecessit
1035 1286 1060 1313 in
1079 1285 1183 1321 loseph,

336 1338 370 1367 de
384 1346 452 1375 quO,
468 1337 580 1365 Genesis
601 1335 742 1372 trigesimo
763 1334 894 1370 septimo:
924 1333 1064 1361 Titlerunt
1085 1336 1183 1361 alitem

338 1386 437 1413 iratres
459 1383 553 1420 loseph
576 1383 705 1410 tunicam
728 1381 791 1409 eius
811 1384 836 1408 et
861 1380 891 1408 in
919 1379 1064 1417 sanquine
1085 1378 1183 1412 lioecti,

338 1440 422 1470 quem
443 1430 622 1463 occiderant,
644 1429 811 1461 tinxerunt,
835 1427 975 1455 mittentes
995 1426 1048 1464 qui
1074 1424 1184 1463 ferrent

338 1479 378 1507 ad
396 1482 519 1514 patrem.
542 1476 587 1504 Hic
609 1475 692 1512 gessit
713 1475 813 1503 Christi
836 1474 965 1511 figuram,
980 1473 1060 1502 cuius
1082 1472 1184 1501 Divini-

338 1528 392 1553 tate
420 1522 626 1560 impassibiliter
657 1524 850 1558 permanente,
881 1520 1059 1549 humanitatis
1092 1520 1185 1548 tunica

338 1575 394 1599 tota
414 1571 466 1599 fuit
487 1570 512 1598 in
535 1569 668 1606 sanguine
690 1569 827 1597 immersa.
845 1568 898 1596 Hoc
919 1570 961 1595 est
981 1566 1055 1603 quod
1077 1566 1184 1603 praevi-

337 1618 376 1647 dit
396 1617 554 1655 patriarcha
577 1616 667 1650 iacob,
690 1615 859 1652 prophetans
873 1614 906 1642 de
925 1614 1051 1648 Christo,
1072 1613 1184 1642 Genesis

338 1665 489 1702 penultimo
504 1664 531 1692 ³:
554 1663 677 1692 Lavabit
698 1663 728 1691 in
750 1662 816 1690 vino
841 1661 943 1690 stolam
967 1669 1071 1694 suani,
1100 1664 1125 1688 et
1153 1660 1182 1688 in

337 1712 482 1749 sanquine
502 1719 577 1739 uvae
595 1709 721 1747 pallium
742 1717 840 1737 suum.
857 1707 973 1745 Sanguis
994 1708 1066 1736 enim
1082 1707 1183 1736 Christi

338 1759 398 1787 ideo
419 1758 543 1795 sanyuis
564 1765 639 1785 uvae
659 1756 770 1790 dicitur,
791 1763 824 1784 eo
845 1755 917 1792 quod
940 1755 1074 1791 optimum
1096 1756 1137 1782 est
1151 1753 1184 1781 ad

338 1805 501 1839 bibendum,
531 1805 557 1833 in
579 1812 635 1841 quo
656 1803 708 1832 fnit
728 1802 855 1840 pallium
887 1802 972 1830 lotum
1001 1804 1116 1838 propter
1143 1800 1184 1829 ni-

340 1853 422 1881 miam
442 1851 647 1884 abundantiam,
669 1857 740 1887 quae
761 1849 871 1878 effluxit
885 1849 919 1877 de
940 1848 1078 1877 manibus
1099 1851 1126 1876 et
1137 1856 1185 1885 pe-

340 1899 425 1928 dibus
446 1899 472 1927 in
495 1898 693 1931 crucifixione,
715 1897 748 1925 de
769 1897 863 1933 eapite
883 1896 911 1924 in
932 1895 1124 1928 coronatione,
1152 1894 1186 1923 de

340 1950 395 1975 toto
417 1954 537 1983 corpore
558 1945 584 1973 in
606 1944 789 1981 flagellatione
810 1946 837 1972 et
858 1942 892 1971 de
914 1942 972 1979 ipso
994 1942 1079 1970 corde
1100 1942 1126 1969 in
1150 1941 1187 1969 la-

340 1993 406 2022 teris
426 1993 576 2029 apertione.
600 1992 714 2028 Propter
729 1990 802 2027 quod
823 1990 931 2018 dicebat
952 1989 1087 2026 propheta
1102 1987 1187 2016 David

341 2041 367 2068 in
391 2040 510 2069 Psalmo:
535 2039 613 2075 Quia
634 2038 715 2075 apud
746 2037 902 2065 Dominum
918 2035 1134 2068 misericordia,
1163 2038 1188 2063 et

341 2087 459 2124 copiosa
474 2086 556 2123 apua
575 2093 640 2114 eum
663 2084 835 2121 redemptae,-
851 2083 1022 2112 Bernardus:
1047 2082 1189 2110 «Prorsus

342 2134 459 2171 copiosa,
480 2133 546 2170 quia
567 2140 619 2161 non
642 2135 729 2169 gutta,
751 2131 798 2160 sed
819 2131 893 2159 unda
914 2129 1055 2167 sanguinis
1077 2129 1188 2166 largiter

344 2188 393 2217 per
414 2180 538 2217 quinque
560 2182 653 2216 partes
674 2178 799 2215 corporis
820 2177 998 2206 emanavit».

422 2227 530 2255 Effusus
549 2225 729 2254 nihilominus
744 2225 795 2253 fuit
816 2223 953 2262 effusione
970 2222 1189 2260 poenalissima,

343 2274 364 2303 si
387 2274 576 2302 consideretur
598 2276 713 2306 natura,
735 2279 806 2309 quae
834 2274 893 2299 erat
923 2275 1015 2299 tenera
1037 2273 1063 2299 et
1088 2270 1190 2306 optime

343 2320 571 2357 complexionata,
586 2319 737 2348 secundum
754 2318 827 2355 quod
846 2318 984 2354 colligitur
998 2325 1034 2346 ex
1049 2317 1137 2345 Lucae
1153 2316 1191 2345 vi-

344 2367 448 2404 gesimo
462 2367 582 2396 secundo
594 2368 620 2394 4:
639 2367 747 2395 Faetus
761 2369 802 2394 est
821 2365 915 2393 sudor
928 2364 991 2393 eius
1004 2364 1080 2392 sicut
1093 2367 1192 2401 guttae

345 2415 500 2451 sanyuinis
522 2414 703 2442 decurrentis
726 2414 754 2441 in
777 2417 896 2441 terrani.
912 2412 938 2440 Si
953 2414 1057 2440 *tantam
1078 2418 1191 2448 poenam

345 2461 447 2489 inflixit
468 2461 524 2489 sola
546 2461 642 2489 mortis
671 2459 842 2496 imaginatio,
871 2462 1002 2496 quantam
1031 2457 1193 2494 superaddi-

346 2507 385 2536 dit
405 2508 558 2544 degustatio
580 2507 772 2536 acerbissimae
798 2505 931 2543 passionis
953 2505 979 2533 in
1007 2505 1133 2533 dolorosa
1155 2504 1193 2533 ei-

347 2554 453 2583 fusione
474 2554 636 2591 sanguinis‘?
657 2553 735 2590 Quod
756 2553 845 2589 colligi
868 2556 957 2589 potest
975 2560 1010 2581 ex
1030 2555 1084 2581 tam
1108 2551 1191 2580 veloci

347 2601 543 2629 acceleratione
564 2601 676 2635 mortis;
699 2600 777 2629 valde
797 2600 869 2628 enim
891 2600 990 2628 acerba
1015 2599 1066 2627 fuit
1087 2599 1193 2636 passio,

348 2656 418 2685 quae
439 2651 494 2676 tam
517 2648 643 2676 celeriter
657 2647 777 2675 animam
793 2655 807 2675 a
823 2655 905 2675 carne
920 2646 1020 2675 divisit.
1039 2647 1105 2675 Ante
1120 2646 1192 2675 enim

348 2695 413 2724 obiit
429 2703 513 2731 quam
534 2694 589 2728 alii,
611 2694 657 2731 qui
680 2701 742 2722 cum
758 2702 790 2722 eo
811 2693 938 2722 crucifixi
961 2693 1080 2728 fuerant,
1096 2700 1194 2722 secun-

995 177 1168 207 SERMONES
1188 176 1231 205 DE
1254 175 1409 204 elvensts.

1232 254 1297 282 dum
1319 252 1392 289 quod
1414 251 1515 280 dicitur
1537 250 1644 278 loannis
1664 250 1770 278 decimo
1791 258 1872 284 nono,
1894 249 1966 286 quod
1988 248 2077 287 fieye-

1232 303 1304 328 runt
1324 306 1419 327 crura
1440 297 1566 326 illorum.
1590 296 1637 325 Aa
1660 297 1754 325 lesu-m
1775 300 1873 325 autem
1897 304 1964 324 cum
1985 296 2076 324 venis—

1232 349 1303 378 sent,
1326 349 1357 372 ut
1378 344 1515 372 viderunt
1535 351 1601 371 euni
1623 343 1683 371 iani
1712 346 1879 376 mortuam,
1908 351 1965 371 non
1985 341 2077 380 freye-

1232 395 1304 420 runt
1324 392 1387 420 eius
1408 399 1518 424 crura,
1539 390 1589 418 sect
1611 398 1689 418 unus
1716 389 1843 418 militum
1873 389 1974 418 lancea
2001 389 2078 417 latas

1233 439 1296 467 eius
1316 438 1450 475 apernit,
1472 441 1497 465 ct
1517 437 1654 465 continuo
1674 436 1763 465 exivit
1782 436 1908 474 sanquis
1935 440 1960 464 et
1980 443 2078 474 aqua,-

1233 494 1269 515 ex
1290 494 1346 523 quo
1367 488 1494 522 apparet,
1516 484 1589 521 quod
1611 484 1744 520 sanguine
1768 483 1859 512 adhuc
1887 483 2023 512 existente
2052 483 2078 511 in

1233 532 1325 566 corde,
1347 532 1393 560 ubi
1416 534 1458 559 est
1477 531 1538 559 sons
1560 530 1726 565 vacuefacta
1746 534 1787 559 est
1801 530 1937 567 separatio
1958 529 2079 564 animae;

1234 579 1307 616 quod
1329 587 1382 607 non
1406 578 1496 615 potuit
1516 585 1575 606 esse
1596 577 1655 606 sine
1675 585 1773 614 magno
1787 577 1896 610 dolore;
1919 577 1990 605 sicut
2008 576 2079 605 enim

1234 626 1336 655 dicitur
1358 625 1466 654 Levitici
1494 625 1601 666 dec-imo
1626 624 1757 661 septimo:
1781 624 1891 652 Anima
1921 623 2023 652 carnis
2050 623 2080 652 in

1234 672 1379 710 sanquine
1410 675 1467 705 est;
1498 672 1519 700 si
1551 679 1618 708 ergo
1649 670 1760 708 sanguis
1788 671 1814 699 in
1846 670 1983 699 domicilio
2010 670 2082 699 vitae

1235 719 1403 752 abundabat,
1425 719 1515 747 adhuc
1537 718 1628 746 anima
1649 718 1684 746 ibi
1707 718 1833 746 habitare
1853 717 2018 746 naturaliter
2038 725 2083 754 ap-

1236 766 1359 804 petebat:
1381 766 1467 802 igitur
1488 766 1593 802 absque
1608 773 1706 802 magno
1726 765 1820 794 dolore
1834 765 1867 793 de
1883 768 1936 793 tam
1958 767 2021 801 apto
2035 764 2083 792 do-

1238 813 1338 842 micilio
1358 813 1436 842 avelli
1464 821 1516 841 non
1550 815 1664 849 poterat.
1687 812 1762 841 Unde
1790 812 1855 849 quia
1875 811 1997 840 maxima
2024 814 2084 840 erat

1237 860 1273 888 ibi
1296 860 1461 893 colluctatio,
1485 859 1604 887 maxima
1619 862 1680 887 erat
1700 859 1820 893 afflictio,
1835 862 1862 887 et
1882 859 1948 895 quia
1963 857 2084 887 maxime

1238 907 1346 935 vivebat
1368 906 1507 940 vivacitas,
1529 906 1650 934 maxime
1671 906 1842 935 sentiebatur
1868 905 2025 942 poenalitas.
2047 905 2084 933 Ad

1238 954 1318 982 cuius
1347 953 1518 990 poenalitatis
1548 953 1755 989 expressionem
1788 953 1909 981 clamans
1940 955 1966 981 et
1998 952 2084 988 lacry-

1237 1009 1316 1030 mans
1337 1004 1465 1029 mortuus
1486 1004 1542 1034 est;
1564 1000 1597 1029 ad
1620 1000 1756 1029 Hebraeos
1770 1000 1867 1037 quinto
1881 1000 1908 1027 ⁵:
1933 999 2005 1028 Cum
2026 999 2085 1028 cta-

1238 1057 1317 1077 more
1338 1048 1434 1076 valido
1465 1052 1490 1076 et
1518 1047 1659 1085 lacrymis
1690 1050 1740 1076 etc.
1765 1047 1825 1076 ideo
1853 1047 2000 1076 fortissime
2031 1046 2086 1075 cla-

1239 1095 1338 1128 mavit,
1361 1098 1392 1123 ut
1413 1102 1508 1123 omnes
1528 1094 1657 1123 audirent
1681 1097 1709 1123 et
1729 1094 1921 1127 adverterent,
1949 1097 2084 1131 quantum

1239 1150 1290 1179 pro
1310 1141 1439 1170 omnibus
1452 1140 1629 1170 acerbissime
1645 1143 1801 1177 pateretur,
1818 1140 1891 1169 unde
1904 1140 2006 1169 dicitur
2021 1141 2087 1168 Mat-

1239 1188 1312 1217 thaei
1334 1188 1466 1224 vigesimo
1487 1188 1616 1224 septimo,
1635 1188 1708 1224 quod
1731 1187 1870 1216 clamavit
1891 1196 1955 1216 voce
1976 1195 2087 1224 muyna

1240 1235 1354 1263 dicens:
1377 1234 1430 1268 Eli,
1449 1234 1502 1267 Eli,
1525 1238 1555 1262 nt
1576 1234 1602 1262 in
1626 1235 1677 1262 hoc
1698 1234 1855 1263 ostenderet
1877 1234 2087 1263 immensitatem

1240 1282 1282 1310 sui
1304 1282 1407 1310 doloris
1428 1282 1454 1309 in
1476 1289 1559 1310 carue
1580 1285 1607 1310 et
1628 1284 1727 1310 mente.
1750 1282 1821 1310 Hanc
1849 1289 1941 1310 vocem
1963 1281 2010 1318 qui
2034 1289 2087 1310 non

1240 1329 1357 1357 audiunt
1372 1329 1497 1357 homines
1511 1329 1639 1357 duriores
1660 1331 1725 1357 sunt
1739 1336 1822 1365 quam
1847 1328 1957 1365 lapides,
1979 1328 2012 1357 de
2025 1328 2089 1366 qui-

1241 1376 1294 1404 bus
1315 1375 1453 1410 subditur,
1475 1376 1548 1412 quod
1569 1379 1669 1412 petrae
1688 1375 1798 1404 scissae
1825 1379 1893 1403 sunt
1914 1379 1965 1404 etc.
1988 1392 2025 1396 —
2047 1375 2089 1404 Sic

1241 1431 1291 1460 ego
1313 1423 1414 1459 triplex
1438 1422 1490 1451 fnit
1511 1422 1609 1451 modus
1629 1422 1771 1451 effusionis
1792 1422 1933 1459 sanguinis
1954 1422 2064 1451 Christi.

1321 1470 1349 1498 il.
1372 1470 1484 1506 Triplex
1514 1470 1595 1498 etiam
1625 1469 1676 1498 suit
1706 1470 1800 1498 virtus
1828 1470 1969 1507 sanguinis
1994 1469 2088 1503 effusi,

1241 1517 1344 1546 scilicet
1365 1517 1455 1545 virtus
1473 1516 1637 1554 purgativa
1652 1520 1761 1545 nostrae
1777 1516 1975 1551 immunditiae,
1988 1516 2090 1553 placa-

1242 1564 1303 1592 tiva
1325 1563 1433 1592 divinae
1454 1563 1629 1597 iracundiae,
1642 1563 1803 1600 perfectiva
1819 1564 1956 1592 humanae
1972 1563 2091 1601 indigen-

1242 1611 1303 1645 tiae,
1327 1610 1479 1639 secundum
1502 1610 1570 1644 tria,
1586 1618 1657 1647 quae
1672 1613 1738 1639 sunt
1752 1610 1778 1639 in
1794 1611 1888 1647 culpa,
1903 1610 2006 1639 scilicet
2027 1618 2089 1639 ma-

1241 1658 1325 1692 cuta,
1348 1656 1457 1694 offensa
1487 1660 1515 1686 et
1544 1657 1668 1695 sequela.
1690 1674 1728 1677 —
1749 1657 1848 1686 Habuit
1873 1657 1945 1686 enim
1977 1657 2089 1694 sanguis

1240 1705 1341 1733 Christi
1363 1705 1468 1733 effusus
1489 1705 1621 1733 virtutem
1644 1705 1855 1742 pnryativctm,
1884 1705 1949 1741 quia
1977 1704 2089 1742 sanguis

1243 1753 1263 1780 Α
1268 1752 1322 1789 qni
1336 1751 1538 1785 munitissimi}
1554 1754 1667 1788 propter
1678 1752 1761 1789 quod,
1774 1752 1948 1789 Apocalypsis
1960 1752 2057 1780 ultimo
2067 1752 2088 1786 ⁶,

1243 1799 1333 1832 beati,
1362 1799 1414 1836 qui
1434 1799 1535 1827 lavant
1556 1798 1646 1827 stolas
1666 1807 1739 1827 suas
1768 1799 1798 1827 in
1826 1799 1971 1836 scuzym'ne
1993 1799 2087 1836 Ayni,

1243 1846 1324 1883 quia,
1353 1846 1505 1875 secundum
1534 1846 1608 1883 quod
1630 1846 1762 1875 scribitur
1784 1846 1816 1874 ad
1846 1846 1982 1875 Hebraeos
2003 1854 2090 1874 nono:

1246 1893 1351 1922 Omnia
1370 1901 1442 1930 pene
1469 1893 1500 1921 in
1524 1893 1670 1930 sanquine
1697 1893 1858 1921 secundam
1880 1893 1980 1931 Legem
2007 1901 2093 1921 mun-

1243 1941 1373 1972 dantur,-
1395 1944 1419 1968 et
1440 1940 1503 1968 sine
1523 1940 1681 1977 sctnyuinis
1701 1939 1839 1977 effusione
1859 1948 1917 1968 non
1938 1939 1971 1976 fic
1991 1939 2093 1968 remis-

1243 1988 1305 2021 sio,·
1326 1987 1372 2016 sed
1394 1987 1499 2016 decimo
1521 1987 1659 2021 subditur,
1674 1987 1748 2024 quod
1764 1986 1939 2024 impossibile
1960 1991 2010 2021 cst,
2025 1995 2093 2015 san-

1243 2035 1333 2072 quine
1355 2038 1513 2063 taurorum
1536 2038 1561 2062 et
1576 2033 1727 2063 hircorum
1744 2033 1864 2071 aufer-ri
1875 2038 2012 2071 peccata:
2028 2041 2093 2070 ergo

1245 2089 1356 2110 necesse
1377 2084 1430 2115 est,
1453 2081 1527 2118 quod
1548 2081 1710 2110 auferantur
1732 2081 1758 2110 iu
1781 2081 1914 2118 sanguine
1935 2081 2017 2118 Agni,
2039 2088 2093 2109 non

1246 2128 1410 2162 materialis,
1431 2128 1478 2157 sed
1501 2128 1587 2162 illius,
1602 2128 1635 2157 de
1653 2136 1709 2165 quo
1725 2129 1837 2157 loannes
1852 2128 1877 2156 ⁷:
1896 2129 1973 2162 Ecce,
1991 2130 2094 2165 Aynus

1249 2175 1308 2209 Dei,
1323 2183 1393 2208 ecce,
1405 2175 1457 2212 qui
1471 2174 1541 2203 tollit
1554 2179 1703 2211 peccatum
1720 2175 1842 2208 nutncli;
1857 2177 1884 2203 et
1899 2175 1951 2203 boc
1964 2178 2006 2203 est
2020 2174 2092 2211 quod

1246 2222 1348 2250 dicitur
1370 2222 1476 2259 primae
1498 2222 1567 2251 Petri
1585 2222 1689 2258 primo:
1708 2221 1854 2258 Reclempti
1872 2221 1940 2250 estis
1961 2221 1994 2250 de
2015 2229 2094 2250 vana

1248 2273 1346 2297 vestra
1366 2269 1583 2297 conversatione
1602 2269 1729 2305 pretioso
1756 2268 1902 2306 sanquine
1924 2267 2018 2305 Aeni,
2040 2275 2094 2296 non

1249 2315 1407 2349 materialis,
1429 2315 1475 2343 sed
1491 2315 1677 2344 immaculati
1692 2314 1803 2344 Christi
1816 2319 1840 2343 et
1861 2314 2093 2343 ivicontaminati.

1250 2362 1310 2391 Ideo
1331 2362 1396 2390 dicit
1414 2362 1550 2399 pretioso,
1572 2362 1637 2399 quia
1659 2362 1725 2391 tanti
1743 2362 1821 2399 pretii
1837 2365 1878 2391 est
1893 2362 2005 2399 sanguis
2020 2361 2095 2398 Agni,

1249 2410 1344 2446 quanti
1367 2409 1467 2437 valoris
1489 2412 1530 2438 est
1551 2410 1657 2446 Agnus3
1679 2409 1726 2438 sed
1745 2410 1836 2446 Agnus
1852 2408 1897 2437 Dei
1914 2409 1978 2445 (est)
1993 2408 2097 2437 incom-

1250 2456 1379 2493 parabilis
1401 2457 1497 2493 pretii:
1519 2459 1546 2485 et
1568 2457 1643 2491 ideo,
1665 2457 1731 2493 quia
1752 2457 1890 2485 maximae
1918 2455 2097 2493 pretiositatis

1249 2507 1299 2538 est,
1312 2504 1371 2532 ideo
1385 2504 1472 2532 virtus
1486 2504 1546 2532 eius
1561 2504 1586 2532 in
1604 2504 1725 2533 maxima
1738 2504 1892 2533 reverentia
1903 2506 1945 2533 est
1957 2502 2094 2536 habenda;

1249 2554 1276 2579 et
1297 2553 1409 2579 econtra
1429 2554 1632 2587 contemptores
1653 2551 1712 2580 eius
1734 2555 1798 2580 sunt
1820 2550 1981 2588 gravissima
2009 2557 2096 2586 poena

1250 2597 1374 2632 feriendi,
1396 2598 1547 2626 secundum
1563 2598 1630 2627 illud
1644 2598 1679 2627 ad
1694 2598 1830 2627 Hebraeos
1843 2597 1963 2626 decimo:
1981 2597 2095 2633 Quanto

1250 2644 1346 2682 mayis
1364 2645 1488 2681 putatis,
1510 2645 1654 2673 deteriora
1682 2645 1788 2674 mereri
1807 2644 1955 2682 supplicia
1975 2643 2027 2681 qui
2047 2643 2096 2671 Fi-

1251 2691 1323 2720 lium
1351 2691 1402 2719 Dei
1432 2691 1645 2720 conculcaverit
1676 2695 1700 2719 et
1729 2691 1905 2729 sanquinem
1937 2689 2097 2719 testamenti

410 2864 416 2877 1
439 2865 502 2887 Vers.
525 2864 558 2886 15.

412 2902 420 2915 2
440 2903 503 2925 Yers.
522 2904 546 2930 3,
564 2903 667 2932 sequitur
684 2903 738 2925 Gen.
756 2903 794 2928 37,
812 2903 849 2925 31.

412 2941 421 2954 ³
439 2942 493 2970 Cap.
513 2942 548 2970 49,
569 2943 607 2969 ll;
625 2946 753 2971 sequuntur
772 2942 804 2964 es.
827 2942 876 2968 129,
897 2942 918 2963 7.
942 2945 963 2964 et
985 2942 1103 2968 Herum-d,
1125 2947 1194 2964 serm.

350 2982 386 3003 22.
406 2981 427 3002 in
446 2980 508 3003 Cant.
526 2987 547 3003 n.
564 2981 586 3003 7.

1313 2861 1322 2874 *²
1340 2862 1406 2884 Vei-s.
1428 2862 1468 2889 44,
1486 2865 1614 2890 sequnntur
1632 2862 1691 2884 ioan.
1714 2862 1747 2890 19,
1765 2862 1800 2883 32.
1813 2867 1879 2890 seqq.
1894 2863 1916 2882 et
1932 2860 1985 2882 ch,
2009 2860 2042 2886 17,
2063 2860 2095 2881 ll.

1313 2900 1321 2912 ⁵
1340 2901 1405 2922 Vers.
1422 2900 1448 2927 73
1466 2903 1594 2929 sequnntur
1612 2901 1688 2923 Mattb.
1707 2901 1744 2928 27,
1763 2900 1799 2922 46.
1816 2902 1839 2922 et
1855 2899 1908 2922 dein
1926 2905 1948 2921 v.
1966 2899 2002 2921 51.

1314 2938 1323 2951 ⁰
1340 2939 1394 2967 Cap.
1414 2940 1451 2966 22,
1473 2939 1510 2966 14»,
1527 2943 1655 2968 sequuntur
1672 2939 1741 2962 Hebr.
1759 2940 1781 2966 9,
1799 2940 1836 2961 22.
1853 2942 1875 2961 et
1891 2945 1911 2961 c.
1932 2938 1965 2965 10,
1984 2937 2005 2959 ln.

1314 2978 1321 2990 ⁷
1340 2978 1395 3006 Cap.
1412 2979 1429 3006 l,
1443 2979 1484 3006 ‘29;
1502 2982 1631 3007 sequuntur
1643 2980 1658 3001 l.
1670 2980 1729 3001 Petr.
1746 2980 1763 3007 l,
1779 2979 1813 3001 18.
1826 2984 1874 3007 seq.
1891 2980 1913 3000 et
1929 2976 1998 2999 Hebr.
2011 2976 2047 3005 10,
2060 2976 2095 2998 29.

2104 1470 2149 1489 Pars
2162 1470 2184 1489 ΙΙ.
2197 1470 2222 1489 De

2106 1494 2177 1517 triplici
2187 1493 2224 1512 vii·-

2104 1519 2143 1559 ¹⁸1¹2²12
2155 1517 2226 1559 atti?

2105 1658 2169 1684 Virtus
2182 1662 2223 1681 pur-

2134 1683 2200 1705 gativa.
