2243 3348
725 176 767 204 DE
789 176 922 204 SANCTIS
943 176 1086 205 ANGELIS.
1109 177 1219 205 SERMO
1241 177 1271 205 V.

126 253 357 283 commendarent.
373 253 452 282 Certe
466 261 520 282 non
536 253 638 282 habent
656 257 744 282 totum
767 254 905 283 lucratum
921 254 968 290 qui

126 303 189 329 sunt
207 300 245 337 (in
266 300 337 334 altis,
352 300 417 337 quia
432 301 507 336 sunt)
530 300 556 329 in
579 301 685 337 magnis
706 301 852 337 periculis;
878 312 892 325 «
907 308 970 337 per-

125 348 191 376 flant
212 346 344 375 altissima
365 347 437 375 venti
453 359 481 381 »,
497 347 706 376 tribulationum
729 350 756 376 et
777 347 968 376 tentationum.

40 422 42 425 ,
203 393 298 430 Fugiat
319 401 385 430 ergo
406 393 519 421 ambitio
533 396 560 422 et
574 393 723 422 aemulatio
737 393 771 422 de
786 393 889 422 mundo
904 393 968 427 isto,

17 446 37 475 cj
51 452 110 466 aam-
125 443 152 469 et
172 440 226 469 sint
248 440 372 468 homines
394 440 421 468 in
453 439 598 468 concordia
630 444 657 469 et
688 448 762 476 pace.
785 440 864 469 Pater
885 440 969 468 Abra-

18 471 112 517 z‘iuffiiff
126 488 189 516 ham
211 487 249 515 sic
270 486 348 521 fecit,
370 487 417 523 qui
437 486 509 515 dixit
529 490 645 523 cognato
666 495 717 516 suo
738 487 849 516 Genesis
863 487 969 516 decimo

40 522 74 536 em.
126 533 206 563 tertio
220 534 246 561 1:
268 533 326 567 Ne,
347 541 472 571 quaeso,
493 533 532 562 sit
553 533 688 571 iuryium
703 534 793 570 (inter
807 542 852 562 me
866 537 891 561 et
913 534 969 567 te),-

124 579 235 618 fratres
256 580 333 608 enim
357 588 470 608 sumus.
494 580 526 609 Si
553 580 593 608 acl
620 580 775 609 sinistram
804 580 890 614 ieris,
919 588 968 617 eyo

125 627 272 655 dexteram
296 626 407 660 tenebo,
430 627 472 656 vel
501 634 515 655 6
544 635 687 656 converso.
720 627 873 655 Habeamus
904 635 968 655 con-

125 673 261 707 cordiam,
283 673 355 702 sicut
383 674 486 702 habent
509 674 609 710 Angeli.
631 675 717 702 Tanta
745 674 817 702 enim
842 678 883 702 est
904 681 968 702 6011-

32 726 36 766 1
126 719 218 748 cordia
239 720 310 749 inter
332 728 393 754 eos,
415 720 489 757 quod
512 729 565 749 non
591 724 706 757 possunt
736 721 837 749 habere
864 720 969 749 discor-

32 771 35 802 ]
124 767 213 801 diam;
234 775 293 795 uon
314 767 390 795 enim
411 772 452 795 est
472 767 663 795 dissensionis
678 767 796 803 (Deus),
811 767 861 795 sed
872 767 967 803 pacis,

33 815 34 851 1
125 813 190 842 (11611
210 814 355 850 Apostolus
376 814 481 850 primae
502 814 535 842 ad
557 814 713 842 Corinthios
734 814 840 842 decimo
858 817 967 850 quarto.

124 859 220 888 Melius
250 864 308 894 est,
329 867 389 889 esse
411 867 473 888 cum
496 868 552 888 uno
575 867 696 896 paupere
718 860 745 888 in
768 867 833 896 pace
855 863 881 888 et
903 867 968 888 con-

124 906 232 941 cordia,
254 914 338 943 quam
360 907 435 935 mille
455 906 560 935 fercula
582 906 684 935 habere
706 914 769 934 cum
792 906 916 934 tumultu
942 908 969 934 et

124 953 288 982 turbatione.
311 953 389 982 Tales
410 961 552 990 nunquam
570 953 671 982 habent
686 953 784 981 bonam
800 953 888 987 diem;
908 952 969 981 ideo

29 1012 30 1041 i
123 1000 236 1037 Sapiens
250 1000 315 1029 dicit
330 1000 541 1029 Proverhiorum
557 1000 662 1028 decimo
677 1000 790 1036 quinto:
806 999 908 1028 Melius
929 1003 969 1028 est

28 1057 29 1078 1
123 1047 226 1075 vocari
246 1047 286 1075 acl
307 1046 387 1075 olera
407 1055 474 1074 cum
501 1046 626 1074 caritate
654 1054 744 1084 quam
773 1046 812 1074 ad
843 1046 969 1074 vitulum

27 1082 29 1134 ζ
122 1094 293 1131 saginatum
315 1102 382 1122 cum
403 1093 478 1121 odio.

26 1141 28 1180 J
202 1141 306 1177 Quarto
327 1140 518 1169 manuducunt
539 1140 582 1168 isti
605 1140 676 1168 beati
698 1140 790 1177 Angeli
819 1140 851 1168 ad
880 1141 969 1169 virtu-

18 1181 70 1214 (tao.
83 1191 106 1218 <ie
126 1190 178 1216 tem
200 1187 420 1216 misericordiae
440 1186 474 1215 ad
496 1187 563 1216 illud
585 1187 659 1224 quod
680 1190 721 1215 est
742 1186 835 1224 infra.
862 1187 969 1216 Dicitur

13 1217 109 1258 ι’ῗὲἶῗᾱῗῗῖ.
124 1234 212 1263 Lucae
226 1234 332 1263 decimo
347 1234 444 1270 quinto
456 1234 483 1261 2:
509 1234 662 1262 Gaudium
682 1234 737 1262 erit
758 1242 860 1262 coram
876 1236 969 1271 Amyc-

23 1270 25 1314 J
125 1281 160 1309 lis
184 1280 235 1309 Dei
254 1289 343 1317 super
365 1289 423 1309 uno
450 1284 600 1317 peccatore
625 1280 832 1317 poenitentiam
860 1284 968 1318 (1961116.

124 1328 199 1357 Unde
220 1328 340 1362 faciunt,
363 1328 477 1356 Domine
500 1328 574 1361 lesu,
596 1328 688 1364 Angeli
712 1327 751 1355 tui
774 1330 880 1356 tantum
903 1336 969 1364 gau-

21 1403 22 1408 ,
123 1375 209 1409 dium,
231 1374 341 1411 quando
363 1382 436 1403 unus
458 1375 540 1403 homo
561 1374 743 1408 convertitur,
758 1375 809 1403 nisi
826 1375 891 1411 quia
906 1378 970 1403 sunt

20 1411 22 1466 s
124 1421 219 1458 repleti
242 1422 363 1458 pietat-e?
384 1422 459 1450 Sicut
480 1422 553 1450 enim
568 1421 602 1450 (16
618 1421 693 1449 011110
712 1424 818 1449 13011101
841 1421 970 1458 gaudent,

19 1476 21 1510 s
124 1469 195 1497 sicut
216 1468 326 1505 quando
348 1471 506 1505 peccatores
527 1471 738 1502 convertuntur,
754 1475 769 1496 e
784 1468 922 1496 contrario
937 1468 970 1496 (16

18 1511 20 1554 s
125 1515 200 1544 nullo
222 1518 328 1543 tantum
351 1515 507 1548 tristantur,
530 1515 601 1543 sicut
632 1514 743 1551 quando
774 1514 837 1543 boni
869 1514 970 1543 cadunt

18 1564 19 1568 ’
125 1564 152 1590 61
172 1569 188 1590 3
209 1561 317 1590 (11311010
338 1561 523 1595 seducuntur;
546 1560 629 1589 Isaiae
644 1561 784 1597 trigesimo
801 1561 896 1589 tertio:
913 1562 971 1588 Aii-

121 1608 179 1645 9eli
197 1607 281 1645 pacis
303 1616 406 1636 ainare
425 1607 542 1643 flebunt,
558 1607 584 1635 id
599 1611 652 1641 est,
667 1607 700 1635 ad
717 1606 828 1635 modum
844 1607 969 1635 flentium

124 1663 153 1684 56
173 1655 325 1688 habebunt,
348 1655 390 1683 vel
413 1654 517 1692 Anyeli
534 1654 636 1691 pacis,
659 1654 684 1682 id
706 1657 747 1682 est
769 1654 900 1690 praelati,
922 1654 969 1690 qui

17 1707 67 1724 antra
78 1705 104 1724 vi·
123 1702 215 1731 dolent
229 1702 262 1731 de
276 1702 376 1730 damno
390 1701 553 1730 animarum.
567 1718 605 1721 —
616 1701 647 1729 Et
662 1709 676 1729 e
691 1701 839 1735 contrario,
851 1703 907 1729 tota
922 1709 970 1729 no-

17 1734 107 1771 ffln‘ffipw
124 1752 181 1778 stra
202 1757 270 1778 cura
284 1751 325 1777 est
339 1748 373 1777 de
388 1748 484 1781 rebus,
499 1748 533 1776 de
548 1747 759 1784 temporalibus,
775 1747 844 1776 nihil
858 1747 892 1776 de
912 1748 970 1776 ani-

124 1796 230 1824 mabus.
253 1795 345 1832 Angeli
367 1803 421 1823 non
443 1797 543 1823 curant
563 1795 597 1823 de
618 1795 717 1829 rebus,
740 1794 787 1823 sed
808 1794 841 1823 de
866 1795 970 1823 anima-

124 1843 184 1871 bus.
208 1842 235 1870 ln
257 1845 364 1870 tantum
386 1841 419 1870 de
441 1842 480 1870 eis
501 1844 609 1876 curant,
631 1841 705 1878 quod
727 1841 747 1870 si
764 1849 874 1870 necesse
889 1844 969 1875 esset,

124 1897 220 1919 omnes
240 1897 291 1926 pro
312 1897 369 1918 una
389 1889 481 1917 anima
496 1888 629 1917 venirent.
645 1889 703 1917 Non
719 1888 757 1917 sic
771 1890 813 1917 est
827 1888 860 1916 (16
875 1888 969 1922 nobis;

125 1936 172 1965 sed
194 1936 255 1973 plus
276 1944 408 1965 curamus
429 1935 463 1964 de
484 1935 569 1964 rebus
590 1943 673 1972 quam
693 1935 726 1964 (16
747 1935 901 1964 animabus.
917 1935 971 1964 Hoc

124 1987 166 2012 est
186 1983 307 2012 officium
331 1983 442 2020 lupinae
463 1982 635 2019 rapacitatis,
658 1990 711 2010 non
733 1982 871 2019 angelicae
885 1983 970 2019 pieta-

13 2032 108 2056 ¹⁰¹¹²1³¹=¹m-
126 2030 168 2059 tis.
183 2030 299 2059 Multum
315 2033 356 2058 est
370 2032 512 2058 attenuata
525 2028 723 2058 misericordia.
735 2045 773 2048 —
786 2029 932 2065 Dionysius
943 2029 970 2064 ³,

125 2077 248 2106 scribens
269 2076 302 2105 ad
318 2077 448 2113 Carpum,
464 2079 571 2110 narrat,
587 2075 660 2112 quod
676 2076 721 2104 1116
735 2076 841 2112 Carpus
856 2084 970 2105 conver-

126 2124 158 2152 tit
179 2123 317 2161 quendam
340 2123 374 2151 ad
396 2123 488 2156 fidem,
510 2123 557 2160 qui
587 2125 679 2159 postea
700 2122 853 2152 subversus
883 2126 924 2152 est
945 2126 972 2152 et

126 2171 257 2207 deceptus
277 2178 293 2199 a
314 2170 433 2207 quodam
455 2170 508 2198 alio
529 2173 556 2198 et
577 2170 690 2198 recessit
710 2178 726 2198 a
747 2169 816 2204 fide;
838 2173 865 2198 et
883 2170 972 2207 coepit

126 2218 171 2246 ille
192 2217 297 2254 Carpus
319 2225 417 2254 rogare
438 2217 596 2251 Dominum,
618 2220 756 2254 quatenus
776 2217 933 2246 ostenderet
947 2217 969 2246 ei

126 2272 242 2302 poenas,
264 2272 335 2301 quae
356 2263 527 2292 debebantur
549 2263 586 2292 illi
608 2263 656 2301 qui
685 2264 860 2292 subverterat
887 2272 970 2293 suum

127 2319 300 2340 conversum.
323 2310 446 2347 Quadam
468 2310 511 2339 die
531 2310 660 2347 apparuit
682 2310 705 2339 ei
734 2310 869 2339 Dominus
897 2311 972 2339 lesus

127 2358 262 2392 Christus,
283 2358 393 2386 dicens:
415 2357 515 2394 Carpe,
537 2357 639 2394 Carpe,
661 2357 752 2385 adhuc
773 2360 887 2394 paratus
908 2365 970 2385 sum

127 2405 160 2433 de
181 2405 255 2434 caelo
283 2404 448 2433 descendere
475 2408 502 2433 et
533 2404 657 2441 crucifigi
689 2412 740 2441 pro
771 2404 970 2440 peccatoribus.

127 2452 249 2488 Magnam
278 2451 493 2480 misericordiam
523 2455 550 2480 et
571 2451 743 2480 clementiam
765 2451 798 2479 ad
824 2451 876 2479 hoc
897 2450 972 2479 addi-

127 2498 223 2532 scatis,
245 2498 393 2532 carissimi,
415 2501 442 2526 et
463 2500 536 2526 artes
554 2500 580 2526 et
595 2504 786 2534 quascumque
806 2497 873 2525 alias
886 2497 972 2525 scien-

128 2544 191 2579 tias,
213 2547 244 2573 ut
265 2544 374 2581 possitis
395 2545 500 2573 animas
520 2544 635 2573 salvare.
658 2544 695 2572 Ad
722 2544 773 2573 hoc
793 2544 898 2573 debetis
928 2552 972 2572 ar-

128 2599 190 2620 cum
211 2591 348 2620 ordinare.
371 2592 422 2620 1516
443 2595 484 2620 651
508 2591 632 2625 fructus,
654 2599 737 2628 quem
758 2591 884 2620 fecerunt
904 2592 973 2627 Apo-

8 2638 110 2658 C⁰¹³⁰¹¹¹⁸⁵⁰·
128 2638 200 2672 stoli,
221 2638 355 2675 Martyres
376 2641 403 2666 et
424 2638 607 2666 Confessores.
631 2654 667 2658 —
689 2638 874 2674 Exerceamus
888 2638 973 2675 igitur

128 2692 178 2713 nos
199 2684 232 2712 ad
254 2684 317 2718 ista,
339 2684 372 2713 ad
393 2692 464 2721 quae
485 2685 676 2713 manuducunt
697 2693 747 2713 nos
765 2685 866 2721 Angeli.
882 2685 974 2713 Simus

129 2734 288 2760 reverentes
310 2734 436 2767 respectu
459 2730 522 2765 Dei,
544 2731 653 2765 mundi,
675 2731 824 2760 concordes
845 2734 872 2760 et
893 2731 974 2760 mise—

1816 179 1871 207 629

1026 254 1148 283 ricordes
1170 256 1309 291 (respectu
1332 255 1496 291 hominum).
1525 256 1551 284 Si
1583 256 1655 285 enim
1688 256 1872 285 irreverentes

1026 303 1053 329 et
1074 301 1289 335 incontinentes,
1311 301 1450 330 discordes
1471 305 1498 331 et
1526 302 1759 331 immisericordes
1787 302 1872 331 fueri-

1026 355 1097 381 mus,
1119 355 1217 376 sumus
1237 348 1372 381 diabolici,
1395 357 1448 377 non
1469 349 1594 386 angelici,
1615 352 1642 377 et
1663 352 1768 385 partem
1792 349 1872 378 habe-

1025 392 1119 422 bimus
1139 401 1203 422 cum
1224 394 1412 429 daemonibus,
1435 403 1489 423 non
1511 403 1574 424 cum
1596 395 1712 432 Angelis.

1104 441 1236 477 Sequitur
1257 440 1291 469 de
1311 441 1393 469 tertio
1414 441 1513 476 officio,
1535 442 1638 471 scilicet
1658 442 1692 471 116
1713 442 1803 470 officio
1817 441 1872 470 Mi-
1896 449 1997 468 neoffieio

1026 486 1148 520 chaelis,
1171 487 1244 524 quod
1266 490 1307 516 est
1325 488 1484 525 perducere
1511 489 1617 517 animas
1644 488 1678 517 ad
1706 489 1810 522 Deum,
1832 489 1872 517 acl
1884 472 2018 523 ρῖῗῆἳῗὲῗέἷὶ-

1026 534 1175 570 optimum.
1189 534 1396 571 Intelligendum
1412 535 1484 563 enim
1496 539 1546 569 est,
1561 535 1635 572 quod
1650 535 1815 572 Angelorum
1830 538 1872 564 est
1893 521 2005 566 syffifflzfe.

1025 580 1087 614 hoc,
1102 580 1149 609 5611
1170 581 1325 617 specialiter
1340 581 1487 615 Michaelis,
1502 582 1549 619 qui
1565 582 1617 610 fuit
1631 582 1785 618 antiquitus
1799 582 1872 618 prin·
1888 566 2013 608 nungissecie-

1026 635 1090 663 ceps
1101 635 1263 664 synagogae,
1276 636 1349 656 nunc
1360 631 1453 657 autem
1465 629 1593 665 princeps
1605 629 1747 657 Ecclesiae.
1757 628 1871 665 Quando

1026 674 1097 702 enim
1121 675 1280 711 (synagoga)
1309 675 1459 704 abundavit
1491 675 1647 709 miraculis,
1679 675 1824 712 prophetia
1845 678 1872 704 et

1025 721 1150 749 doctrina
1171 725 1197 750 et
1218 722 1278 750 aliis
1299 722 1408 756 multis;
1431 725 1497 751 tunc
1519 725 1579 751 erat
1599 723 1728 759 princeps
1756 730 1871 759 synago-

1025 775 1074 804 gae
1096 771 1122 796 et
1144 768 1244 797 multas
1265 769 1370 797 animas
1385 769 1554 805 perducebat
1568 769 1595 797 in
1611 769 1732 803 caelum;
1749 769 1797 797 sed
1811 772 1872 806 post

1026 814 1179 850 passionem
1201 815 1313 849 Christi,
1335 815 1446 851 quando
1467 816 1619 844 noluerunt
1639 816 1780 844 Christum
1803 815 1872 844 reci-

1025 868 1100 897 pere,
1122 861 1203 895 vidit,
1225 861 1299 897 quod
1321 862 1389 890 nihil
1410 862 1513 890 faceret
1534 862 1607 890 circa
1628 870 1689 896 eos,
1711 862 1777 899 quia
1797 863 1872 891 clau-

1025 911 1118 936 serant
1140 907 1190 936 sibi
1213 911 1306 944 portas
1327 908 1462 944 paradisi;
1484 908 1578 937 nullus
1607 909 1680 937 enim
1708 909 1793 937 intrat
1820 909 1872 937 nisi

1025 961 1075 990 per
1096 954 1253 988 Christum;
1275 958 1302 983 et
1323 954 1384 983 ideo
1405 955 1541 983 convertit
1562 963 1590 983 se
1612 955 1644 983 ad
1668 955 1824 988 Ecclesiam,
1839 954 1872 983 de

1025 1008 1080 1037 qua
1102 1001 1203 1029 multas
1224 1001 1330 1029 animas
1352 1001 1485 1037 perduxit
1508 1001 1560 1030 iam
1582 1001 1615 1030 ad
1637 1002 1753 1030 caelum.

1106 1048 1136 1075 Et
1156 1048 1230 1084 quod
1251 1051 1293 1076 est
1313 1048 1434 1076 officinm
1467 1048 1605 1077 Michaelis
1633 1051 1660 1076 et
1690 1048 1873 1085 Archangelo-
1885 1054 2011 1081 Perdqcitad

1027 1103 1089 1123 rum
1112 1095 1320 1123 cohaerentium
1343 1095 1417 1123 sihi?
1439 1095 1524 1123 Suum
1551 1095 1672 1123 officium
1701 1098 1743 1123 est
1770 1095 1872 1132 perdu-
1904 1080 2000 1143 ἓξὲἓῗῖξῗέ,

1026 1149 1089 1170 cere
1110 1141 1216 1170 animas
1237 1141 1277 1169 acl
1298 1141 1450 1178 optimum,
1469 1141 1596 1170 videlicet
1616 1142 1648 1170 ad
1672 1142 1758 1170 Deum
1773 1142 1872 1170 vitlen-
1890 1127 2009 1148 qummpm.

1026 1189 1097 1216 (lum
1125 1191 1158 1217 et
1181 1188 1422 1224 contemplandum
1445 1191 1472 1217 et
1499 1188 1532 1217 ad
1561 1189 1648 1217 Deum
1677 1188 1872 1226 cliliyemlum,

1026 1235 1274 1269 collaudandum,
1296 1235 1513 1272 degustandum
1539 1238 1566 1264 et
1590 1235 1818 1272 possidendum:
1840 1235 1873 1264 ad

1026 1282 1175 1310 videndum
1197 1285 1224 1311 et
1244 1281 1485 1318 contemplandum
1501 1285 1532 1310 ut
1546 1290 1686 1311 summum
1705 1291 1818 1316 verum,
1833 1282 1874 1310 (11-

1026 1328 1166 1365 ligendum
1183 1331 1215 1356 ut
1229 1336 1369 1357 summum
1393 1327 1510 1362 bouum,
1526 1328 1737 1357 collaudandum
1754 1330 1807 1364 (ut)
1823 1337 1874 1357 ar-

1026 1376 1120 1404 cluum
1141 1379 1168 1404 et
1188 1375 1425 1412 potentissimum,
1447 1375 1649 1412 degustandum
1678 1378 1709 1403 ut
1735 1384 1873 1409 suavem,

1027 1421 1221 1458 possidendum
1243 1425 1374 1458 tanquam
1397 1429 1445 1458 per
1467 1422 1558 1450 omnia
1578 1421 1774 1459 sufficientem.

1105 1469 1144 1497 De
1166 1469 1255 1505 primo
1285 1468 1387 1497 dicitur
1419 1469 1445 1497 in
1474 1469 1649 1505 Apocalypsis
1671 1468 1802 1505 vigesimo
1831 1476 1873 1497 se·
1894 1474 2000 1516 &3333

1027 1515 1156 1544 cund04:
1181 1515 1309 1543 Ostendit
1330 1514 1404 1544 milii
1426 1515 1554 1553 Amyclas
1573 1515 1700 1552 fluvium
1721 1524 1817 1553 aquae
1831 1516 1873 1544 vi·
1999 1511 2004 1516 ”

1028 1567 1083 1597 tae,
1105 1562 1290 1599 splendidum
1313 1566 1456 1600 tanquam
1478 1562 1661 1600 crystallum,
1674 1562 1873 1598 procedentem

1027 1610 1060 1638 (le
1081 1609 1145 1637 sede
1168 1609 1219 1637 Dei
1239 1612 1263 1637 et
1285 1609 1372 1646 Ayoiz‘.
1395 1609 1519 1637 Flavius
1540 1609 1591 1637 iste
1616 1609 1735 1645 Spiritus
1763 1612 1875 1637 sanctus

1027 1659 1083 1690 est,
1105 1656 1151 1693 qui
1175 1656 1297 1692 procedit
1318 1664 1334 1684 a
1356 1656 1434 1684 Patre
1465 1659 1492 1684 et
1523 1656 1604 1689 Filio,
1636 1655 1770 1692 quidquid
1802 1655 1874 1684 dicat

1026 1702 1156 1731 Graecus.
1180 1703 1207 1730 ln
1229 1702 1281 1730 hoc
1302 1702 1466 1736 ostenditur,
1493 1702 1566 1739 quod
1596 1702 1717 1731 officium
1745 1702 1805 1730 eius
1833 1705 1874 1730 est

1026 1749 1171 1778 ostendere
1192 1749 1363 1783 Trinitatem,
1385 1749 1491 1778 Patrem
1514 1748 1562 1785 (et)
1577 1749 1683 1777 Filium.
1699 1749 1740 1777 Ex
1756 1749 1807 1777 isto
1822 1749 1875 1777 flu-

1027 1797 1071 1825 vio
1092 1796 1312 1833 splendidissimo
1333 1796 1367 1824 ad
1390 1796 1502 1824 modum
1532 1796 1652 1833 crystalli
1681 1796 1875 1824 illuminantur

1027 1844 1099 1873 oculi
1120 1844 1206 1872 nostri
1229 1843 1262 1872 ad
1284 1843 1431 1872 videndum
1453 1844 1545 1872 omnia
1566 1844 1593 1871 in
1622 1844 1686 1872 Deo.
1717 1843 1744 1871 ln
1774 1844 1875 1880 Apoca-

1027 1890 1096 1927 lypsi
1118 1890 1184 1918 dicit
1206 1890 1330 1924 loannes,
1353 1890 1484 1927 vigesimo
1506 1890 1612 1926 primo:
1637 1891 1671 1918 Et
1691 1890 1811 1918 sustulit
1832 1898 1875 1918 me

1028 1937 1059 1965 iu
1080 1937 1190 1974 spiritu
1211 1936 1341 1974 Angelus
1362 1937 1392 1965 iu
1415 1940 1537 1965 montem
1568 1945 1728 1974 maymtm,
1761 1940 1785 1964 et
1813 1936 1876 1964 vicli

1027 1984 1187 2012 Ierusalem
1218 1992 1342 2018 novam,
1375 1984 1586 2012 descendentem
1606 1984 1640 2012 cle
1661 1984 1739 2012 caelo
1760 1992 1780 2012 a
1803 1983 1874 2018 Deo,

1024 2034 1167 2068 paratam
1189 2034 1214 2059 et
1235 2035 1374 2059 ornatam
1396 2034 1539 2068 tanquam
1560 2039 1699 2068 sponsam
1718 2030 1876 2059 monilibus

1027 2079 1099 2106 suis.
1122 2077 1165 2106 Sic
1187 2078 1309 2106 Ρ31111155
1331 2077 1430 2111 611301,
1452 2078 1533 2106 6111115
1554 2085 1656 2114 corpus
1671 2081 1730 2106 erat
1752 2077 1778 2105 in
1800 2080 1876 2106 terra

1028 2128 1055 2153 et
1076 2124 1168 2153 anima
1190 2124 1216 2152 in
1239 2132 1355 2161 corpore
1366 2125 1387 2158 ⁶,
1410 2124 1477 2152 vidit
1497 2124 1571 2161 quod
1586 2128 1646 2153 erat
1660 2124 1687 2153 in
1703 2125 1793 2158 cae103
1809 2124 1875 2162 quia

1029 2171 1147 2200 habebat
1165 2171 1192 2199 in
1212 2179 1240 2200 se
1262 2171 1356 2205 illum,
1379 2171 1405 2199 in
1427 2180 1483 2208 quo
1501 2171 1639 2208 refulgent
1657 2172 1756 2206 omnia,
1771 2172 1818 2209 0111
1834 2175 1875 2200 est

1029 2218 1141 2247 camlor
1161 2218 1234 2246 lucis
1256 2222 1390 2246 aeternae
1411 2222 1436 2246 et
1456 2218 1605 2255 speculum
1626 2218 1688 2246 siue
1712 2218 1831 2247 macula
1847 2218 1875 2251 7;

1028 2269 1055 2293 61
1074 2272 1122 2301 per
1138 2265 1189 2293 hoc
1204 2264 1313 2293 videbat
1328 2264 1485 2293 Creatorem
1501 2272 1607 2298 rerum,
1622 2264 1816 2301 Reparatorem
1832 2272 1876 2293 re-

1029 2319 1103 2346 rum,
1118 2311 1336 2340 Gubernatorem
1359 2314 1386 2339 et
1406 2310 1631 2340 Glorificatorem.
1652 2311 1679 2339 ln
1696 2311 1824 2340 humanis
1839 2311 1874 2347 (2)

1028 2361 1070 2387 est
1091 2362 1146 2387 tota
1162 2358 1257 2387 civitas
1272 2358 1327 2386 illa.
1342 2374 1379 2379 —
1394 2357 1431 2386 O!
1454 2366 1537 2395 quam
1552 2358 1685 2387 debemus
1702 2358 1875 2393 desiderare,
1892 2362 1985 2381 floreno·

1028 2405 1102 2442 quod
1124 2405 1230 2434 veniret
1251 2405 1284 2433 ad
1306 2413 1356 2434 nos
1377 2412 1485 2442 semper
1506 2405 1621 2434 Michael
1646 2406 1712 2439 iste,
1734 2405 1809 2443 quod
1830 2413 1876 2434 ve-

1028 2453 1101 2481 niret
1122 2452 1155 2481 ad
1177 2454 1295 2481 mortem
1318 2455 1439 2480 nostram
1461 2456 1489 2481 et
1510 2452 1675 2489 perduceret
1689 2461 1739 2482 nos
1753 2453 1787 2481 ad
1802 2453 1875 2481 illam

1029 2502 1150 2528 sanctam
1172 2499 1326 2533 civitatem,
1349 2502 1379 2527 ut
1401 2499 1436 2527 ibi
1459 2499 1547 2528 Deum
1576 2499 1735 2528 videremus
1764 2502 1791 2528 et
1812 2508 1876 2528 con-

1029 2546 1244 2582 templaremur!

1108 2592 1233 2621 Secundo
1255 2593 1412 2629 perducunt
1439 2592 1483 2621 isti
1512 2593 1583 2622 beati
1612 2594 1703 2630 Angeli
1730 2593 1762 2622 ad
1786 2593 1874 2622 Deum
1890 2596 2005 2638 [iffilessugffi

1029 2639 1218 2677 diliyendum.
1241 2640 1333 2673 Scitis,
1355 2640 1428 2676 quod
1450 2647 1486 2668 ex
1509 2639 1660 2669 reflexione
1675 2640 1817 2669 radiorum
1832 2647 1875 2669 so·
1925 2625 1935 2643 Β
2008 2633 2013 2638 ’

1031 2686 1063 2714 115
1084 2686 1117 2714 ad
1138 2693 1240 2722 corpus
1254 2694 1370 2722 opacum
1386 2689 1413 2714 et
1427 2686 1545 2714 solidum
1566 2689 1715 2723 generatur
1730 2687 1800 2723 ignis
1818 2694 1876 2715 ma-

1031 2733 1178 2766 terialiter;
1201 2733 1239 2761 516
1254 2733 1297 2761 isti
1313 2733 1361 2769 qui
1380 2735 1444 2761 sunt
1458 2733 1555 2762 fervidi
1571 2733 1633 2770 igne
1647 2733 1799 2761 dilectionis
1813 2733 1874 2767 Dei,

193 2890 200 2903 ¹
219 2891 284 2913 Vers.
302 2891 324 2913 8.
340 2897 401 2919 seq.;
419 2894 546 2919 sequuntur
563 2892 579 2913 l.
595 2891 647 2914 Cor.
662 2892 698 2920 44,
716 2892 752 2914 33.
770 2896 792 2915 et
808 2893 876 2916 Prov.
889 2894 925 2920 115,
941 2893 976 2916 17.

195 2929 204 2942 ²
221 2930 285 2952 Vei-s.
306 2930 344 2957 ¹03
362 2930 465 2958 sequitur
482 2930 532 2953 lsai.
549 2931 586 2957 33,
602 2930 626 2953 7.
769 2931 778 2943 ⁸
796 2932 866 2959 Epist.
884 2933 904 2955 8.
922 2932 935 2960 g
953 2933 974 2954 6.

192 2968 201 2981 ⁴
220 2969 285 2991 Vers.
305 2970 329 2995 1;
346 2972 474 2997 sequuntur
491 2975 510 2991 c.
528 2969 565 2996 21,
587 2969 621 2991 10.
638 2972 660 2992 61
677 2970 726 2992 lsai.
744 2970 780 2998 61,
799 2970 836 2992 io.

1095 2892 1104 2905 ⁵
1121 2892 1249 2921 Respicitur
1266 2893 1289 2915 11.
1306 2892 1358 2915 Cor.
1376 2893 1413 2919 ⁴2,
1430 2893 1452 2915 2.

1094 2930 1103 2943 ‘³
1121 2931 1164 2953 Csr.
1183 2931 1205 2953 S.
1224 2931 1319 2959 Thom.,
1337 2932 1359 2953 S.
1377 2931 1400 2953 ll.
1419 2931 1441 2953 ll.
1458 2937 1481 2960 q.
1500 2931 1551 2953 475.
1569 2937 1589 2953 a.
1607 2931 1628 2953 5.
1647 2932 1668 2954 6.

1095 2969 1103 2982 ⁷
1121 2971 1175 2998 Sap.
1192 2970 1213 2998 7,
1232 2970 1269 2992 26.
