<?xml version="1.0" encoding="UTF-8"?>
<!DOCTYPE html PUBLIC "-//W3C//DTD XHTML 1.0 Transitional//EN"
    "http://www.w3.org/TR/xhtml1/DTD/xhtml1-transitional.dtd">
<html xmlns="http://www.w3.org/1999/xhtml" xml:lang="en" lang="en">
 <head>
  <title>
</title>
<meta http-equiv="Content-Type" content="text/html;charset=utf-8" />
  <meta name='ocr-system' content='tesseract 3.04.00' />
  <meta name='ocr-capabilities' content='ocr_page ocr_carea ocr_par ocr_line ocrx_word'/>
</head>
<body>
  <div class='ocr_page' id='page_1' title='image "./doctorisseraphic09bona_0089.png"; bbox 0 0 2243 3348; ppageno 0'>
   <div class='ocr_carea' id='block_1_1' title="bbox 21 2155 123 2226">
    <p class='ocr_par' dir='ltr' id='par_1_1' title="bbox 21 2155 123 2226">
     <span class='ocr_line' id='line_1_1' title="bbox 21 2155 123 2178; baseline 0 -4"><span class='ocrx_word' id='word_1_1' title='bbox 21 2155 88 2178; x_wconf 77' lang='lat' dir='ltr'><em>Tertio,</em></span> <span class='ocrx_word' id='word_1_2' title='bbox 102 2156 123 2174; x_wconf 78' lang='lat' dir='ltr'><em>ut</em></span> 
     </span>
     <span class='ocr_line' id='line_1_2' title="bbox 25 2180 121 2206; baseline 0 -8"><span class='ocrx_word' id='word_1_3' title='bbox 25 2180 121 2206; x_wconf 68' lang='lat' dir='ltr'><em>reparator</em></span> 
     </span>
     <span class='ocr_line' id='line_1_3' title="bbox 47 2208 95 2226; baseline -0.021 -5"><span class='ocrx_word' id='word_1_4' title='bbox 47 2208 95 2226; x_wconf 86' lang='lat' dir='ltr'><em>pius.</em></span> 
     </span>
    </p>
   </div>
   <div class='ocr_carea' id='block_1_2' title="bbox 703 158 1874 192">
    <p class='ocr_par' dir='ltr' id='par_1_2' title="bbox 703 158 1874 192">
     <span class='ocr_line' id='line_1_4' title="bbox 703 158 1874 192; baseline 0.005 -6"><span class='ocrx_word' id='word_1_5' title='bbox 703 158 861 186; x_wconf 81' lang='lat' dir='ltr'><em>DOMINlCA</em></span> <span class='ocrx_word' id='word_1_6' title='bbox 884 158 922 186; x_wconf 85' lang='grc' dir='ltr'>ΙΙΙ.</span> <span class='ocrx_word' id='word_1_7' title='bbox 945 158 1128 187; x_wconf 81' lang='lat' dir='ltr'><em>ADVENTUS.</em></span> <span class='ocrx_word' id='word_1_8' title='bbox 1151 159 1261 188; x_wconf 83' lang='lat' dir='ltr'><em>SERMO</em></span> <span class='ocrx_word' id='word_1_9' title='bbox 1283 160 1311 187; x_wconf 93' lang='lat' dir='ltr'><em>ll.</em></span> <span class='ocrx_word' id='word_1_10' title='bbox 1842 164 1874 192; x_wconf 79' lang='lat'><em>61</em></span> 
     </span>
    </p>
   </div>
   <div class='ocr_carea' id='block_1_3' title="bbox 132 235 997 2616">
    <p class='ocr_par' dir='ltr' id='par_1_3' title="bbox 132 235 995 2097">
     <span class='ocr_line' id='line_1_5' title="bbox 133 235 979 274; baseline -0.005 -7"><span class='ocrx_word' id='word_1_11' title='bbox 133 238 251 267; x_wconf 87' lang='lat' dir='ltr'><em>dicitur:</em></span> <span class='ocrx_word' id='word_1_12' title='bbox 281 237 348 266; x_wconf 87' lang='lat' dir='ltr'><em>Veni</em></span> <span class='ocrx_word' id='word_1_13' title='bbox 368 237 409 265; x_wconf 86' lang='lat' dir='ltr'><em>ad</em></span> <span class='ocrx_word' id='word_1_14' title='bbox 429 236 739 274; x_wconf 63' lang='lat' dir='ltr'><em>transmigrationem,</em></span> <span class='ocrx_word' id='word_1_15' title='bbox 768 235 808 263; x_wconf 88' lang='lat' dir='ltr'><em>ad</em></span> <span class='ocrx_word' id='word_1_16' title='bbox 839 243 979 263; x_wconf 86' lang='lat' dir='ltr'><em>acervum</em></span> 
     </span>
     <span class='ocr_line' id='line_1_6' title="bbox 135 281 979 321; baseline -0.005 -8"><span class='ocrx_word' id='word_1_17' title='bbox 135 293 282 313; x_wconf 83' lang='lat' dir='ltr'><em>novarum</em></span> <span class='ocrx_word' id='word_1_18' title='bbox 310 283 452 321; x_wconf 74' lang='lat' dir='ltr'><em>fruyum,</em></span> <span class='ocrx_word' id='word_1_19' title='bbox 481 283 521 312; x_wconf 83' lang='lat' dir='ltr'><em>ad</em></span> <span class='ocrx_word' id='word_1_20' title='bbox 556 291 602 311; x_wconf 89' lang='lat' dir='ltr'><em>eos</em></span> <span class='ocrx_word' id='word_1_21' title='bbox 633 282 685 320; x_wconf 87' lang='lat' dir='ltr'><em>qui</em></span> <span class='ocrx_word' id='word_1_22' title='bbox 712 281 845 310; x_wconf 83' lang='lat' dir='ltr'><em>habitant</em></span> <span class='ocrx_word' id='word_1_23' title='bbox 870 281 979 317; x_wconf 79' lang='lat' dir='ltr'><em>flumen</em></span> 
     </span>
     <span class='ocr_line' id='line_1_7' title="bbox 138 327 980 365; baseline -0.006 -5"><span class='ocrx_word' id='word_1_24' title='bbox 138 330 261 365; x_wconf 88' lang='lat' dir='ltr'><em>Chobar,</em></span> <span class='ocrx_word' id='word_1_25' title='bbox 283 334 309 359; x_wconf 89' lang='lat' dir='ltr'><em>et</em></span> <span class='ocrx_word' id='word_1_26' title='bbox 328 330 399 363; x_wconf 87' lang='lat' dir='ltr'><em>sedi,</em></span> <span class='ocrx_word' id='word_1_27' title='bbox 422 330 473 358; x_wconf 91' lang='lat' dir='ltr'><em>ubi</em></span> <span class='ocrx_word' id='word_1_28' title='bbox 486 329 531 358; x_wconf 89' lang='lat' dir='ltr'><em>illi</em></span> <span class='ocrx_word' id='word_1_29' title='bbox 550 329 694 362; x_wconf 84' lang='lat' dir='ltr'><em>sedebant,</em></span> <span class='ocrx_word' id='word_1_30' title='bbox 716 334 741 357; x_wconf 84' lang='lat' dir='ltr'><em>et</em></span> <span class='ocrx_word' id='word_1_31' title='bbox 761 328 861 356; x_wconf 83' lang='lat' dir='ltr'><em>mansi</em></span> <span class='ocrx_word' id='word_1_32' title='bbox 878 327 919 356; x_wconf 91' lang='lat' dir='ltr'><em>ibi</em></span> <span class='ocrx_word' id='word_1_33' title='bbox 938 336 980 355; x_wconf 87' lang='lat' dir='ltr'><em>se—</em></span> 
     </span>
     <span class='ocr_line' id='line_1_8' title="bbox 132 374 980 415; baseline -0.005 -9"><span class='ocrx_word' id='word_1_34' title='bbox 132 381 208 415; x_wconf 89' lang='lat' dir='ltr'><em>ptem</em></span> <span class='ocrx_word' id='word_1_35' title='bbox 231 377 341 410; x_wconf 84' lang='lat' dir='ltr'><em>diebus,</em></span> <span class='ocrx_word' id='word_1_36' title='bbox 356 385 488 405; x_wconf 88' lang='lat' dir='ltr'><em>moerens</em></span> <span class='ocrx_word' id='word_1_37' title='bbox 502 376 533 405; x_wconf 88' lang='lat' dir='ltr'><em>in</em></span> <span class='ocrx_word' id='word_1_38' title='bbox 548 376 641 404; x_wconf 86' lang='lat' dir='ltr'><em>medio</em></span> <span class='ocrx_word' id='word_1_39' title='bbox 656 384 765 404; x_wconf 86' lang='lat' dir='ltr'><em>eorum.</em></span> <span class='ocrx_word' id='word_1_40' title='bbox 782 392 819 395; x_wconf 91' lang='lat'>—</span> <span class='ocrx_word' id='word_1_41' title='bbox 834 374 980 411; x_wconf 78' lang='lat' dir='ltr'>Propheta,</span> 
     </span>
     <span class='ocr_line' id='line_1_9' title="bbox 135 420 980 461; baseline -0.006 -8"><span class='ocrx_word' id='word_1_42' title='bbox 135 425 251 461; x_wconf 81' lang='lat' dir='ltr'><em>loquens</em></span> <span class='ocrx_word' id='word_1_43' title='bbox 271 424 304 452; x_wconf 88' lang='lat' dir='ltr'><em>de</em></span> <span class='ocrx_word' id='word_1_44' title='bbox 325 431 357 452; x_wconf 85' lang='lat' dir='ltr'><em>eo</em></span> <span class='ocrx_word' id='word_1_45' title='bbox 379 423 452 460; x_wconf 92' lang='lat' dir='ltr'><em>quod</em></span> <span class='ocrx_word' id='word_1_46' title='bbox 473 423 601 451; x_wconf 83' lang='lat' dir='ltr'><em>futurum</em></span> <span class='ocrx_word' id='word_1_47' title='bbox 627 425 683 456; x_wconf 91' lang='lat' dir='ltr'><em>est,</em></span> <span class='ocrx_word' id='word_1_48' title='bbox 705 422 785 455; x_wconf 89' lang='lat' dir='ltr'><em>dicit,</em></span> <span class='ocrx_word' id='word_1_49' title='bbox 801 421 874 458; x_wconf 88' lang='lat' dir='ltr'><em>quod</em></span> <span class='ocrx_word' id='word_1_50' title='bbox 891 420 980 449; x_wconf 88' lang='lat' dir='ltr'><em>ludaei</em></span> 
     </span>
     <span class='ocr_line' id='line_1_10' title="bbox 136 466 979 506; baseline -0.005 -7"><span class='ocrx_word' id='word_1_51' title='bbox 136 471 323 500; x_wconf 75' lang='lat' dir='ltr'>adhaerebant</span> <span class='ocrx_word' id='word_1_52' title='bbox 344 470 460 498; x_wconf 91' lang='lat' dir='ltr'><em>Domino</em></span> <span class='ocrx_word' id='word_1_53' title='bbox 481 472 595 506; x_wconf 88' lang='lat' dir='ltr'><em>propter</em></span> <span class='ocrx_word' id='word_1_54' title='bbox 617 472 743 502; x_wconf 81' lang='lat' dir='ltr'><em>terrena,</em></span> <span class='ocrx_word' id='word_1_55' title='bbox 775 468 835 496; x_wconf 89' lang='lat' dir='ltr'><em>ideo</em></span> <span class='ocrx_word' id='word_1_56' title='bbox 857 466 979 504; x_wconf 90' lang='lat' dir='ltr'><em>perversi</em></span> 
     </span>
     <span class='ocr_line' id='line_1_11' title="bbox 137 513 982 555; baseline -0.006 -9"><span class='ocrx_word' id='word_1_57' title='bbox 137 520 365 555; x_wconf 81' lang='lat' dir='ltr'><em>permanserunt3</em></span> <span class='ocrx_word' id='word_1_58' title='bbox 383 516 454 545; x_wconf 91' lang='lat' dir='ltr'><em>unde</em></span> <span class='ocrx_word' id='word_1_59' title='bbox 470 516 606 553; x_wconf 72' lang='lat' dir='ltr'>Propheta</span> <span class='ocrx_word' id='word_1_60' title='bbox 618 517 643 543; x_wconf 89' lang='lat'><em>¹:</em></span> <span class='ocrx_word' id='word_1_61' title='bbox 661 516 857 548; x_wconf 68' lang='lat' dir='ltr'><em>Incrassatus,</em></span> <span class='ocrx_word' id='word_1_62' title='bbox 875 513 982 551; x_wconf 84' lang='lat' dir='ltr'><em>impin-</em></span> 
     </span>
     <span class='ocr_line' id='line_1_12' title="bbox 137 561 981 603; baseline -0.006 -10"><span class='ocrx_word' id='word_1_63' title='bbox 137 569 264 603; x_wconf 61' lang='lat' dir='ltr'><em>gua-tus,</em></span> <span class='ocrx_word' id='word_1_64' title='bbox 286 564 429 593; x_wconf 76' lang='lat' dir='ltr'><em>dilatatus</em></span> <span class='ocrx_word' id='word_1_65' title='bbox 450 563 601 601; x_wconf 84' lang='lat' dir='ltr'><em>dereliquit</em></span> <span class='ocrx_word' id='word_1_66' title='bbox 616 563 705 591; x_wconf 89' lang='lat' dir='ltr'><em>Deum</em></span> <span class='ocrx_word' id='word_1_67' title='bbox 722 561 863 599; x_wconf 85' lang='lat' dir='ltr'><em>faetorem</em></span> <span class='ocrx_word' id='word_1_68' title='bbox 881 568 981 594; x_wconf 86' lang='lat' dir='ltr'><em>suum,</em></span> 
     </span>
     <span class='ocr_line' id='line_1_13' title="bbox 139 609 982 641; baseline -0.005 -1"><span class='ocrx_word' id='word_1_69' title='bbox 139 616 166 641; x_wconf 91' lang='lat' dir='ltr'><em>et</em></span> <span class='ocrx_word' id='word_1_70' title='bbox 186 612 246 640; x_wconf 87' lang='lat' dir='ltr'><em>ideo</em></span> <span class='ocrx_word' id='word_1_71' title='bbox 268 612 315 640; x_wconf 89' lang='lat' dir='ltr'><em>Dei</em></span> <span class='ocrx_word' id='word_1_72' title='bbox 331 611 415 639; x_wconf 89' lang='lat' dir='ltr'><em>Filius</em></span> <span class='ocrx_word' id='word_1_73' title='bbox 429 610 559 639; x_wconf 78' lang='lat' dir='ltr'><em>assumsit</em></span> <span class='ocrx_word' id='word_1_74' title='bbox 581 613 702 638; x_wconf 87' lang='lat' dir='ltr'><em>nostram</em></span> <span class='ocrx_word' id='word_1_75' title='bbox 719 609 935 641; x_wconf 78' lang='lat' dir='ltr'><em>humanitatem,</em></span> <span class='ocrx_word' id='word_1_76' title='bbox 950 610 982 636; x_wconf 91' lang='lat' dir='ltr'><em>ut</em></span> 
     </span>
     <span class='ocr_line' id='line_1_14' title="bbox 136 654 983 694; baseline -0.006 -7"><span class='ocrx_word' id='word_1_77' title='bbox 136 659 247 687; x_wconf 89' lang='lat' dir='ltr'><em>doceret</em></span> <span class='ocrx_word' id='word_1_78' title='bbox 268 666 317 686; x_wconf 88' lang='lat' dir='ltr'><em>nos</em></span> <span class='ocrx_word' id='word_1_79' title='bbox 338 658 365 686; x_wconf 90' lang='lat' dir='ltr'><em>in</em></span> <span class='ocrx_word' id='word_1_80' title='bbox 387 657 551 694; x_wconf 77' lang='lat' dir='ltr'><em>poenalitate</em></span> <span class='ocrx_word' id='word_1_81' title='bbox 569 656 670 685; x_wconf 88' lang='lat' dir='ltr'><em>vivere.</em></span> <span class='ocrx_word' id='word_1_82' title='bbox 693 655 768 684; x_wconf 88' lang='lat' dir='ltr'><em>Unde</em></span> <span class='ocrx_word' id='word_1_83' title='bbox 783 655 863 683; x_wconf 90' lang='lat' dir='ltr'><em>dicit:</em></span> <span class='ocrx_word' id='word_1_84' title='bbox 883 654 983 682; x_wconf 89' lang='lat' dir='ltr'><em>mansi</em></span> 
     </span>
     <span class='ocr_line' id='line_1_15' title="bbox 139 702 982 742; baseline -0.005 -9"><span class='ocrx_word' id='word_1_85' title='bbox 139 709 241 742; x_wconf 85' lang='lat' dir='ltr'><em>septem</em></span> <span class='ocrx_word' id='word_1_86' title='bbox 257 704 366 733; x_wconf 84' lang='lat' dir='ltr'><em>diebus.</em></span> <span class='ocrx_word' id='word_1_87' title='bbox 383 704 492 741; x_wconf 83' lang='lat' dir='ltr'><em>Septem</em></span> <span class='ocrx_word' id='word_1_88' title='bbox 507 703 608 732; x_wconf 86' lang='lat' dir='ltr'><em>diebus</em></span> <span class='ocrx_word' id='word_1_89' title='bbox 622 702 794 739; x_wconf 79' lang='lat' dir='ltr'><em>significatur</em></span> <span class='ocrx_word' id='word_1_90' title='bbox 809 704 897 730; x_wconf 89' lang='lat' dir='ltr'><em>totum</em></span> <span class='ocrx_word' id='word_1_91' title='bbox 914 704 982 730; x_wconf 87' lang='lat' dir='ltr'><em>tem-</em></span> 
     </span>
     <span class='ocr_line' id='line_1_16' title="bbox 137 748 982 789; baseline -0.007 -8"><span class='ocrx_word' id='word_1_92' title='bbox 137 760 190 789; x_wconf 89' lang='lat' dir='ltr'><em>pus</em></span> <span class='ocrx_word' id='word_1_93' title='bbox 211 752 363 789; x_wconf 87' lang='lat' dir='ltr'><em>praesentis</em></span> <span class='ocrx_word' id='word_1_94' title='bbox 388 751 476 785; x_wconf 88' lang='lat' dir='ltr'><em>vitae,</em></span> <span class='ocrx_word' id='word_1_95' title='bbox 505 750 578 788; x_wconf 86' lang='lat' dir='ltr'><em>qnod</em></span> <span class='ocrx_word' id='word_1_96' title='bbox 600 750 681 779; x_wconf 89' lang='lat' dir='ltr'><em>debet</em></span> <span class='ocrx_word' id='word_1_97' title='bbox 702 757 761 778; x_wconf 86' lang='lat' dir='ltr'><em>esse</em></span> <span class='ocrx_word' id='word_1_98' title='bbox 789 753 898 785; x_wconf 88' lang='lat' dir='ltr'><em>tempus</em></span> <span class='ocrx_word' id='word_1_99' title='bbox 925 748 982 776; x_wconf 89' lang='lat' dir='ltr'><em>ine—</em></span> 
     </span>
     <span class='ocr_line' id='line_1_17' title="bbox 136 796 981 833; baseline -0.007 -5"><span class='ocrx_word' id='word_1_100' title='bbox 136 800 211 833; x_wconf 86' lang='lat' dir='ltr'><em>diae,</em></span> <span class='ocrx_word' id='word_1_101' title='bbox 233 798 393 827; x_wconf 88' lang='lat' dir='ltr'><em>abiectionis</em></span> <span class='ocrx_word' id='word_1_102' title='bbox 414 802 441 827; x_wconf 91' lang='lat' dir='ltr'><em>et</em></span> <span class='ocrx_word' id='word_1_103' title='bbox 462 797 639 831; x_wconf 86' lang='lat' dir='ltr'><em>confusionis,</em></span> <span class='ocrx_word' id='word_1_104' title='bbox 660 796 733 833; x_wconf 88' lang='lat' dir='ltr'><em>quod</em></span> <span class='ocrx_word' id='word_1_105' title='bbox 764 799 892 829; x_wconf 83' lang='lat' dir='ltr'><em>notatur,</em></span> <span class='ocrx_word' id='word_1_106' title='bbox 919 802 981 823; x_wconf 89' lang='lat' dir='ltr'><em>cum</em></span> 
     </span>
     <span class='ocr_line' id='line_1_18' title="bbox 137 841 983 878; baseline -0.006 -4"><span class='ocrx_word' id='word_1_107' title='bbox 137 846 218 875; x_wconf 89' lang='lat' dir='ltr'><em>dicit:</em></span> <span class='ocrx_word' id='word_1_108' title='bbox 239 845 340 873; x_wconf 87' lang='lat' dir='ltr'><em>mansi</em></span> <span class='ocrx_word' id='word_1_109' title='bbox 369 844 410 873; x_wconf 88' lang='lat' dir='ltr'><em>ibi</em></span> <span class='ocrx_word' id='word_1_110' title='bbox 429 852 568 872; x_wconf 87' lang='lat' dir='ltr'><em>moerens.</em></span> <span class='ocrx_word' id='word_1_111' title='bbox 600 843 698 872; x_wconf 91' lang='lat' dir='ltr'><em>Omnia</em></span> <span class='ocrx_word' id='word_1_112' title='bbox 726 843 798 871; x_wconf 90' lang='lat' dir='ltr'><em>bona</em></span> <span class='ocrx_word' id='word_1_113' title='bbox 818 841 983 878; x_wconf 78' lang='lat' dir='ltr'><em>contempsit</em></span> 
     </span>
     <span class='ocr_line' id='line_1_19' title="bbox 137 888 983 928; baseline -0.006 -7"><span class='ocrx_word' id='word_1_114' title='bbox 137 892 273 926; x_wconf 85' lang='lat' dir='ltr'><em>Christus,</em></span> <span class='ocrx_word' id='word_1_115' title='bbox 294 891 368 920; x_wconf 88' lang='lat' dir='ltr'><em>unde</em></span> <span class='ocrx_word' id='word_1_116' title='bbox 390 891 556 928; x_wconf 84' lang='lat' dir='ltr'><em>reputabant</em></span> <span class='ocrx_word' id='word_1_117' title='bbox 576 898 640 919; x_wconf 88' lang='lat' dir='ltr'><em>eum</em></span> <span class='ocrx_word' id='word_1_118' title='bbox 665 889 752 918; x_wconf 88' lang='lat' dir='ltr'><em>ludaei</em></span> <span class='ocrx_word' id='word_1_119' title='bbox 781 889 876 917; x_wconf 79' lang='lat' dir='ltr'><em>virum</em></span> <span class='ocrx_word' id='word_1_120' title='bbox 906 888 983 917; x_wconf 89' lang='lat' dir='ltr'><em>dolo-</em></span> 
     </span>
     <span class='ocr_line' id='line_1_20' title="bbox 136 935 984 974; baseline -0.005 -7"><span class='ocrx_word' id='word_1_121' title='bbox 136 939 250 972; x_wconf 69' lang='lat' dir='ltr'><em>rum‘2,·</em></span> <span class='ocrx_word' id='word_1_122' title='bbox 271 938 338 966; x_wconf 88' lang='lat' dir='ltr'><em>illud</em></span> <span class='ocrx_word' id='word_1_123' title='bbox 366 941 426 966; x_wconf 87' lang='lat' dir='ltr'><em>erat</em></span> <span class='ocrx_word' id='word_1_124' title='bbox 453 937 613 974; x_wconf 88' lang='lat' dir='ltr'><em>exemplum</em></span> <span class='ocrx_word' id='word_1_125' title='bbox 643 944 757 973; x_wconf 86' lang='lat' dir='ltr'><em>magnae</em></span> <span class='ocrx_word' id='word_1_126' title='bbox 788 935 905 964; x_wconf 82' lang='lat' dir='ltr'><em>virtutis.</em></span> <span class='ocrx_word' id='word_1_127' title='bbox 935 935 984 963; x_wconf 89' lang='lat' dir='ltr'><em>Via</em></span> 
     </span>
     <span class='ocr_line' id='line_1_21' title="bbox 138 982 984 1021; baseline -0.007 -6"><span class='ocrx_word' id='word_1_128' title='bbox 138 985 293 1015; x_wconf 82' lang='lat' dir='ltr'><em>revertendi</em></span> <span class='ocrx_word' id='word_1_129' title='bbox 317 985 343 1013; x_wconf 89' lang='lat' dir='ltr'><em>in</em></span> <span class='ocrx_word' id='word_1_130' title='bbox 366 984 522 1021; x_wconf 81' lang='lat' dir='ltr'>paradisum</span> <span class='ocrx_word' id='word_1_131' title='bbox 542 987 583 1012; x_wconf 88' lang='lat' dir='ltr'><em>est</em></span> <span class='ocrx_word' id='word_1_132' title='bbox 600 992 647 1020; x_wconf 87' lang='lat' dir='ltr'><em>per</em></span> <span class='ocrx_word' id='word_1_133' title='bbox 663 983 735 1012; x_wconf 86' lang='lat' dir='ltr'><em>viam</em></span> <span class='ocrx_word' id='word_1_134' title='bbox 756 982 891 1011; x_wconf 88' lang='lat' dir='ltr'><em>moeroris</em></span> <span class='ocrx_word' id='word_1_135' title='bbox 905 982 924 1009; x_wconf 71' lang='lat'><em>3.</em></span> <span class='ocrx_word' id='word_1_136' title='bbox 941 982 984 1010; x_wconf 87' lang='lat' dir='ltr'><em>lu-</em></span> 
     </span>
     <span class='ocr_line' id='line_1_22' title="bbox 136 1030 985 1068; baseline -0.006 -6"><span class='ocrx_word' id='word_1_137' title='bbox 136 1033 195 1062; x_wconf 83' lang='lat' dir='ltr'><em>daei</em></span> <span class='ocrx_word' id='word_1_138' title='bbox 218 1040 284 1061; x_wconf 88' lang='lat' dir='ltr'><em>vero</em></span> <span class='ocrx_word' id='word_1_139' title='bbox 306 1040 359 1060; x_wconf 89' lang='lat' dir='ltr'><em>non</em></span> <span class='ocrx_word' id='word_1_140' title='bbox 386 1031 558 1068; x_wconf 80' lang='lat' dir='ltr'><em>quaerebant</em></span> <span class='ocrx_word' id='word_1_141' title='bbox 590 1031 639 1059; x_wconf 88' lang='lat' dir='ltr'><em>nisi</em></span> <span class='ocrx_word' id='word_1_142' title='bbox 670 1030 786 1059; x_wconf 86' lang='lat' dir='ltr'><em>laetitias</em></span> <span class='ocrx_word' id='word_1_143' title='bbox 813 1032 841 1058; x_wconf 81' lang='lat' dir='ltr'><em>et</em></span> <span class='ocrx_word' id='word_1_144' title='bbox 868 1036 985 1066; x_wconf 90' lang='lat' dir='ltr'><em>quaere-</em></span> 
     </span>
     <span class='ocr_line' id='line_1_23' title="bbox 137 1076 984 1115; baseline -0.005 -8"><span class='ocrx_word' id='word_1_145' title='bbox 137 1079 203 1108; x_wconf 89' lang='lat' dir='ltr'><em>bant</em></span> <span class='ocrx_word' id='word_1_146' title='bbox 224 1086 321 1112; x_wconf 87' lang='lat' dir='ltr'><em>unum,</em></span> <span class='ocrx_word' id='word_1_147' title='bbox 343 1078 389 1115; x_wconf 90' lang='lat' dir='ltr'><em>qui</em></span> <span class='ocrx_word' id='word_1_148' title='bbox 413 1081 504 1114; x_wconf 85' lang='lat' dir='ltr'><em>posset</em></span> <span class='ocrx_word' id='word_1_149' title='bbox 525 1077 713 1106; x_wconf 81' lang='lat' dir='ltr'><em>exterminare</em></span> <span class='ocrx_word' id='word_1_150' title='bbox 739 1076 863 1104; x_wconf 86' lang='lat' dir='ltr'><em>inimicos</em></span> <span class='ocrx_word' id='word_1_151' title='bbox 887 1083 984 1104; x_wconf 87' lang='lat' dir='ltr'><em>eorum</em></span> 
     </span>
     <span class='ocr_line' id='line_1_24' title="bbox 138 1122 985 1163; baseline -0.006 -8"><span class='ocrx_word' id='word_1_152' title='bbox 138 1131 165 1156; x_wconf 89' lang='lat' dir='ltr'><em>et</em></span> <span class='ocrx_word' id='word_1_153' title='bbox 186 1126 232 1163; x_wconf 91' lang='lat' dir='ltr'><em>qui</em></span> <span class='ocrx_word' id='word_1_154' title='bbox 255 1126 357 1154; x_wconf 86' lang='lat' dir='ltr'><em>faceret</em></span> <span class='ocrx_word' id='word_1_155' title='bbox 378 1125 417 1154; x_wconf 91' lang='lat' dir='ltr'><em>eis</em></span> <span class='ocrx_word' id='word_1_156' title='bbox 438 1125 578 1157; x_wconf 75' lang='lat' dir='ltr'><em>convivia,</em></span> <span class='ocrx_word' id='word_1_157' title='bbox 601 1127 628 1153; x_wconf 87' lang='lat' dir='ltr'><em>et</em></span> <span class='ocrx_word' id='word_1_158' title='bbox 647 1124 775 1152; x_wconf 89' lang='lat' dir='ltr'><em>Christus</em></span> <span class='ocrx_word' id='word_1_159' title='bbox 797 1131 902 1160; x_wconf 78' lang='lat' dir='ltr'><em>pauper</em></span> <span class='ocrx_word' id='word_1_160' title='bbox 924 1122 985 1156; x_wconf 87' lang='lat' dir='ltr'><em>fuit,</em></span> 
     </span>
     <span class='ocr_line' id='line_1_25' title="bbox 139 1170 985 1209; baseline -0.005 -8"><span class='ocrx_word' id='word_1_161' title='bbox 139 1173 199 1202; x_wconf 91' lang='lat' dir='ltr'><em>ideo</em></span> <span class='ocrx_word' id='word_1_162' title='bbox 220 1173 315 1201; x_wconf 87' lang='lat' dir='ltr'><em>nullus</em></span> <span class='ocrx_word' id='word_1_163' title='bbox 337 1175 398 1209; x_wconf 91' lang='lat' dir='ltr'><em>post</em></span> <span class='ocrx_word' id='word_1_164' title='bbox 418 1179 482 1200; x_wconf 87' lang='lat' dir='ltr'><em>eum</em></span> <span class='ocrx_word' id='word_1_165' title='bbox 505 1172 545 1200; x_wconf 88' lang='lat' dir='ltr'><em>ire</em></span> <span class='ocrx_word' id='word_1_166' title='bbox 567 1171 663 1199; x_wconf 89' lang='lat' dir='ltr'><em>voluit.</em></span> <span class='ocrx_word' id='word_1_167' title='bbox 684 1170 760 1199; x_wconf 83' lang='lat' dir='ltr'><em>Unde</em></span> <span class='ocrx_word' id='word_1_168' title='bbox 791 1170 871 1199; x_wconf 90' lang='lat' dir='ltr'><em>dicit:</em></span> <span class='ocrx_word' id='word_1_169' title='bbox 896 1170 985 1205; x_wconf 83' lang='lat' dir='ltr'><em>Quem</em></span> 
     </span>
     <span class='ocr_line' id='line_1_26' title="bbox 138 1217 986 1256; baseline -0.006 -7"><span class='ocrx_word' id='word_1_170' title='bbox 138 1229 188 1249; x_wconf 90' lang='lat' dir='ltr'><em>vos</em></span> <span class='ocrx_word' id='word_1_171' title='bbox 209 1220 342 1253; x_wconf 82' lang='lat' dir='ltr'><em>nescitis,</em></span> <span class='ocrx_word' id='word_1_172' title='bbox 364 1219 430 1256; x_wconf 88' lang='lat' dir='ltr'><em>quia</em></span> <span class='ocrx_word' id='word_1_173' title='bbox 450 1219 584 1256; x_wconf 79' lang='lat' dir='ltr'><em>quaeritis</em></span> <span class='ocrx_word' id='word_1_174' title='bbox 609 1218 713 1247; x_wconf 88' lang='lat' dir='ltr'><em>solatia.</em></span> <span class='ocrx_word' id='word_1_175' title='bbox 746 1217 917 1251; x_wconf 83' lang='lat' dir='ltr'><em>Genimina,</em></span> <span class='ocrx_word' id='word_1_176' title='bbox 945 1217 986 1245; x_wconf 88' lang='lat' dir='ltr'><em>in-</em></span> 
     </span>
     <span class='ocr_line' id='line_1_27' title="bbox 139 1263 987 1305; baseline -0.005 -9"><span class='ocrx_word' id='word_1_177' title='bbox 139 1267 241 1305; x_wconf 61' lang='lat' dir='ltr'><em>qum,</em></span> <span class='ocrx_word' id='word_1_178' title='bbox 266 1266 457 1303; x_wconf 80' lang='lat' dir='ltr'><em>viperarum!</em></span> <span class='ocrx_word' id='word_1_179' title='bbox 487 1266 559 1302; x_wconf 84' lang='lat' dir='ltr'><em>Quis</em></span> <span class='ocrx_word' id='word_1_180' title='bbox 587 1265 709 1294; x_wconf 72' lang='lat' dir='ltr'><em>ostendit</em></span> <span class='ocrx_word' id='word_1_181' title='bbox 733 1265 813 1293; x_wconf 77' lang='lat' dir='ltr'><em>vobis</em></span> <span class='ocrx_word' id='word_1_182' title='bbox 837 1263 940 1302; x_wconf 70' lang='lat' dir='ltr'><em>fuyere</em></span> <span class='ocrx_word' id='word_1_183' title='bbox 968 1272 987 1292; x_wconf 90' lang='lat' dir='ltr'><em>a</em></span> 
     </span>
     <span class='ocr_line' id='line_1_28' title="bbox 139 1311 987 1350; baseline -0.004 -8"><span class='ocrx_word' id='word_1_184' title='bbox 139 1318 264 1343; x_wconf 84' lang='lat' dir='ltr'><em>ventura</em></span> <span class='ocrx_word' id='word_1_185' title='bbox 285 1313 355 1342; x_wconf 76' lang='lat' dir='ltr'><em>ira?</em></span> <span class='ocrx_word' id='word_1_186' title='bbox 378 1313 476 1341; x_wconf 86' lang='lat' dir='ltr'><em>Facite</em></span> <span class='ocrx_word' id='word_1_187' title='bbox 497 1321 564 1350; x_wconf 68' lang='lat' dir='ltr'><em>erqo</em></span> <span class='ocrx_word' id='word_1_188' title='bbox 579 1311 698 1350; x_wconf 65' lang='lat' dir='ltr'><em>fluetus</em></span> <span class='ocrx_word' id='word_1_189' title='bbox 720 1312 823 1349; x_wconf 49' lang='grc' dir='ltr'><em>(ῖὶρηοήΙ</em></span> <span class='ocrx_word' id='word_1_190' title='bbox 842 1311 987 1348; x_wconf 84' lang='lat' dir='ltr'><em>poeniten-</em></span> 
     </span>
     <span class='ocr_line' id='line_1_29' title="bbox 140 1357 987 1396; baseline -0.005 -7"><span class='ocrx_word' id='word_1_191' title='bbox 140 1361 205 1395; x_wconf 91' lang='lat' dir='ltr'><em>tiae,</em></span> <span class='ocrx_word' id='word_1_192' title='bbox 221 1364 245 1388; x_wconf 89' lang='lat' dir='ltr'><em>et</em></span> <span class='ocrx_word' id='word_1_193' title='bbox 259 1368 294 1388; x_wconf 90' lang='lat' dir='ltr'><em>ne</em></span> <span class='ocrx_word' id='word_1_194' title='bbox 308 1360 458 1396; x_wconf 73' lang='lat' dir='ltr'><em>coeperitis</em></span> <span class='ocrx_word' id='word_1_195' title='bbox 473 1359 583 1387; x_wconf 84' lang='lat' dir='ltr'><em>dicere:</em></span> <span class='ocrx_word' id='word_1_196' title='bbox 603 1359 721 1387; x_wconf 81' lang='lat' dir='ltr'><em>Patrem</em></span> <span class='ocrx_word' id='word_1_197' title='bbox 736 1357 876 1386; x_wconf 75' lang='lat' dir='ltr'><em>habemns</em></span> <span class='ocrx_word' id='word_1_198' title='bbox 891 1357 987 1386; x_wconf 84' lang='lat' dir='ltr'><em>Abra-</em></span> 
     </span>
     <span class='ocr_line' id='line_1_30' title="bbox 141 1404 988 1444; baseline -0.005 -8"><span class='ocrx_word' id='word_1_199' title='bbox 141 1407 219 1436; x_wconf 86' lang='lat' dir='ltr'><em>ham.</em></span> <span class='ocrx_word' id='word_1_200' title='bbox 245 1407 313 1435; x_wconf 85' lang='lat' dir='ltr'><em>Dico</em></span> <span class='ocrx_word' id='word_1_201' title='bbox 335 1406 412 1435; x_wconf 91' lang='lat' dir='ltr'><em>enim</em></span> <span class='ocrx_word' id='word_1_202' title='bbox 433 1406 522 1440; x_wconf 80' lang='lat' dir='ltr'><em>vobis,</em></span> <span class='ocrx_word' id='word_1_203' title='bbox 544 1406 615 1444; x_wconf 82' lang='lat' dir='ltr'><em>quia</em></span> <span class='ocrx_word' id='word_1_204' title='bbox 628 1409 729 1442; x_wconf 84' lang='lat' dir='ltr'><em>potens</em></span> <span class='ocrx_word' id='word_1_205' title='bbox 743 1409 783 1433; x_wconf 88' lang='lat' dir='ltr'><em>est</em></span> <span class='ocrx_word' id='word_1_206' title='bbox 801 1405 876 1433; x_wconf 82' lang='lat' dir='ltr'><em>Deus</em></span> <span class='ocrx_word' id='word_1_207' title='bbox 897 1404 931 1433; x_wconf 91' lang='lat' dir='ltr'><em>de</em></span> <span class='ocrx_word' id='word_1_208' title='bbox 946 1404 988 1433; x_wconf 84' lang='lat' dir='ltr'><em>la—</em></span> 
     </span>
     <span class='ocr_line' id='line_1_31' title="bbox 137 1451 989 1492; baseline -0.004 -9"><span class='ocrx_word' id='word_1_209' title='bbox 137 1454 258 1492; x_wconf 82' lang='lat' dir='ltr'><em>pidibus</em></span> <span class='ocrx_word' id='word_1_210' title='bbox 280 1454 345 1482; x_wconf 83' lang='lat' dir='ltr'><em>istis</em></span> <span class='ocrx_word' id='word_1_211' title='bbox 365 1454 511 1482; x_wconf 77' lang='lat' dir='ltr'><em>suscitare</em></span> <span class='ocrx_word' id='word_1_212' title='bbox 535 1453 611 1490; x_wconf 76' lang='lat' dir='ltr'><em>filios</em></span> <span class='ocrx_word' id='word_1_213' title='bbox 636 1451 783 1481; x_wconf 75' lang='lat' dir='ltr'><em>Abrahae.</em></span> <span class='ocrx_word' id='word_1_214' title='bbox 810 1469 847 1472; x_wconf 88' lang='lat'><em>——</em></span> <span class='ocrx_word' id='word_1_215' title='bbox 869 1452 925 1480; x_wconf 90' lang='lat' dir='ltr'><em>Non</em></span> <span class='ocrx_word' id='word_1_216' title='bbox 948 1454 989 1480; x_wconf 89' lang='lat' dir='ltr'><em>est</em></span> 
     </span>
     <span class='ocr_line' id='line_1_32' title="bbox 144 1498 990 1536; baseline -0.004 -7"><span class='ocrx_word' id='word_1_217' title='bbox 144 1501 218 1529; x_wconf 87' lang='lat' dir='ltr'><em>Deus</em></span> <span class='ocrx_word' id='word_1_218' title='bbox 232 1501 259 1528; x_wconf 90' lang='lat' dir='ltr'><em>in</em></span> <span class='ocrx_word' id='word_1_219' title='bbox 276 1500 366 1529; x_wconf 88' lang='lat' dir='ltr'><em>medio</em></span> <span class='ocrx_word' id='word_1_220' title='bbox 381 1500 549 1536; x_wconf 86' lang='lat' dir='ltr'><em>viperarum,</em></span> <span class='ocrx_word' id='word_1_221' title='bbox 565 1499 612 1528; x_wconf 84' lang='lat' dir='ltr'><em>sed</em></span> <span class='ocrx_word' id='word_1_222' title='bbox 627 1500 653 1527; x_wconf 91' lang='lat' dir='ltr'><em>in</em></span> <span class='ocrx_word' id='word_1_223' title='bbox 671 1499 760 1528; x_wconf 86' lang='lat' dir='ltr'><em>medio</em></span> <span class='ocrx_word' id='word_1_224' title='bbox 775 1499 895 1527; x_wconf 79' lang='lat' dir='ltr'><em>liliorum</em></span> <span class='ocrx_word' id='word_1_225' title='bbox 908 1498 990 1527; x_wconf 85' lang='lat' dir='ltr'><em>Abra-</em></span> 
     </span>
     <span class='ocr_line' id='line_1_33' title="bbox 142 1545 990 1584; baseline -0.004 -8"><span class='ocrx_word' id='word_1_226' title='bbox 142 1548 208 1581; x_wconf 88' lang='lat' dir='ltr'><em>hae;</em></span> <span class='ocrx_word' id='word_1_227' title='bbox 230 1548 291 1576; x_wconf 88' lang='lat' dir='ltr'><em>ideo</em></span> <span class='ocrx_word' id='word_1_228' title='bbox 312 1547 359 1584; x_wconf 90' lang='lat' dir='ltr'><em>qui</em></span> <span class='ocrx_word' id='word_1_229' title='bbox 382 1547 439 1575; x_wconf 84' lang='lat' dir='ltr'><em>veri</em></span> <span class='ocrx_word' id='word_1_230' title='bbox 462 1550 527 1575; x_wconf 89' lang='lat' dir='ltr'><em>sunt</em></span> <span class='ocrx_word' id='word_1_231' title='bbox 551 1546 607 1583; x_wconf 79' lang='lat' dir='ltr'><em>filii</em></span> <span class='ocrx_word' id='word_1_232' title='bbox 629 1545 766 1574; x_wconf 76' lang='lat' dir='ltr'><em>Abrahae</em></span> <span class='ocrx_word' id='word_1_233' title='bbox 781 1546 791 1563; x_wconf 87' lang='lat'>⁵</span> <span class='ocrx_word' id='word_1_234' title='bbox 820 1546 875 1574; x_wconf 86' lang='lat' dir='ltr'><em>sint</em></span> <span class='ocrx_word' id='word_1_235' title='bbox 900 1545 990 1573; x_wconf 88' lang='lat' dir='ltr'><em>imita-</em></span> 
     </span>
     <span class='ocr_line' id='line_1_34' title="bbox 141 1592 990 1631; baseline -0.004 -8"><span class='ocrx_word' id='word_1_236' title='bbox 141 1599 216 1623; x_wconf 88' lang='lat' dir='ltr'><em>tores</em></span> <span class='ocrx_word' id='word_1_237' title='bbox 238 1602 291 1623; x_wconf 87' lang='lat' dir='ltr'><em>non</em></span> <span class='ocrx_word' id='word_1_238' title='bbox 314 1594 396 1622; x_wconf 77' lang='lat' dir='ltr'><em>Adam</em></span> <span class='ocrx_word' id='word_1_239' title='bbox 418 1593 653 1631; x_wconf 81' lang='lat' dir='ltr'><em>transgressionis,</em></span> <span class='ocrx_word' id='word_1_240' title='bbox 676 1593 721 1622; x_wconf 86' lang='lat' dir='ltr'><em>sed</em></span> <span class='ocrx_word' id='word_1_241' title='bbox 741 1593 841 1621; x_wconf 85' lang='lat' dir='ltr'><em>Christi</em></span> <span class='ocrx_word' id='word_1_242' title='bbox 858 1592 990 1621; x_wconf 86' lang='lat' dir='ltr'><em>reforma-</em></span> 
     </span>
     <span class='ocr_line' id='line_1_35' title="bbox 141 1639 990 1678; baseline -0.004 -8"><span class='ocrx_word' id='word_1_243' title='bbox 141 1641 231 1670; x_wconf 85' lang='lat' dir='ltr'><em>tionis.</em></span> <span class='ocrx_word' id='word_1_244' title='bbox 254 1641 339 1669; x_wconf 88' lang='lat' dir='ltr'><em>Dicit:</em></span> <span class='ocrx_word' id='word_1_245' title='bbox 360 1645 459 1678; x_wconf 84' lang='lat' dir='ltr'><em>potens</em></span> <span class='ocrx_word' id='word_1_246' title='bbox 480 1644 521 1669; x_wconf 88' lang='lat' dir='ltr'><em>est</em></span> <span class='ocrx_word' id='word_1_247' title='bbox 541 1641 616 1669; x_wconf 81' lang='lat' dir='ltr'><em>Deus</em></span> <span class='ocrx_word' id='word_1_248' title='bbox 637 1640 671 1669; x_wconf 88' lang='lat' dir='ltr'><em>de</em></span> <span class='ocrx_word' id='word_1_249' title='bbox 686 1639 834 1676; x_wconf 80' lang='lat' dir='ltr'><em>lapidibus</em></span> <span class='ocrx_word' id='word_1_250' title='bbox 856 1640 920 1668; x_wconf 89' lang='lat' dir='ltr'><em>istis</em></span> <span class='ocrx_word' id='word_1_251' title='bbox 940 1648 990 1667; x_wconf 88' lang='lat' dir='ltr'><em>su-</em></span> 
     </span>
     <span class='ocr_line' id='line_1_36' title="bbox 141 1686 991 1724; baseline -0.001 -8"><span class='ocrx_word' id='word_1_252' title='bbox 141 1688 248 1717; x_wconf 87' lang='lat' dir='ltr'><em>scitare</em></span> <span class='ocrx_word' id='word_1_253' title='bbox 268 1687 344 1724; x_wconf 81' lang='lat' dir='ltr'><em>filios</em></span> <span class='ocrx_word' id='word_1_254' title='bbox 366 1686 513 1721; x_wconf 81' lang='lat' dir='ltr'><em>Abrahae,</em></span> <span class='ocrx_word' id='word_1_255' title='bbox 536 1687 562 1715; x_wconf 88' lang='lat' dir='ltr'><em>id</em></span> <span class='ocrx_word' id='word_1_256' title='bbox 584 1690 625 1716; x_wconf 85' lang='lat' dir='ltr'><em>est</em></span> <span class='ocrx_word' id='word_1_257' title='bbox 646 1687 679 1716; x_wconf 90' lang='lat' dir='ltr'><em>de</em></span> <span class='ocrx_word' id='word_1_258' title='bbox 701 1686 816 1720; x_wconf 83' lang='lat' dir='ltr'><em>Iudaeis,</em></span> <span class='ocrx_word' id='word_1_259' title='bbox 838 1686 885 1723; x_wconf 89' lang='lat' dir='ltr'><em>qui</em></span> <span class='ocrx_word' id='word_1_260' title='bbox 908 1686 991 1715; x_wconf 85' lang='lat' dir='ltr'><em>corda</em></span> 
     </span>
     <span class='ocr_line' id='line_1_37' title="bbox 144 1733 989 1771; baseline -0.004 -7"><span class='ocrx_word' id='word_1_261' title='bbox 144 1735 247 1764; x_wconf 86' lang='lat' dir='ltr'><em>habent</em></span> <span class='ocrx_word' id='word_1_262' title='bbox 267 1735 338 1763; x_wconf 86' lang='lat' dir='ltr'><em>dura</em></span> <span class='ocrx_word' id='word_1_263' title='bbox 359 1737 387 1763; x_wconf 83' lang='lat' dir='ltr'><em>et</em></span> <span class='ocrx_word' id='word_1_264' title='bbox 409 1734 529 1771; x_wconf 88' lang='lat' dir='ltr'><em>lapidea;</em></span> <span class='ocrx_word' id='word_1_265' title='bbox 551 1734 585 1763; x_wconf 90' lang='lat' dir='ltr'><em>de</em></span> <span class='ocrx_word' id='word_1_266' title='bbox 606 1734 659 1763; x_wconf 90' lang='lat' dir='ltr'><em>illis</em></span> <span class='ocrx_word' id='word_1_267' title='bbox 674 1733 817 1763; x_wconf 81' lang='lat' dir='ltr'><em>suscitavit</em></span> <span class='ocrx_word' id='word_1_268' title='bbox 838 1733 989 1762; x_wconf 85' lang='lat' dir='ltr'><em>Christum.</em></span> 
     </span>
     <span class='ocr_line' id='line_1_38' title="bbox 143 1781 990 1818; baseline -0.002 -8"><span class='ocrx_word' id='word_1_269' title='bbox 143 1782 194 1810; x_wconf 88' lang='lat' dir='ltr'><em>Sed</em></span> <span class='ocrx_word' id='word_1_270' title='bbox 217 1781 307 1810; x_wconf 87' lang='lat' dir='ltr'><em>ludaei</em></span> <span class='ocrx_word' id='word_1_271' title='bbox 329 1781 469 1810; x_wconf 88' lang='lat' dir='ltr'><em>Christum</em></span> <span class='ocrx_word' id='word_1_272' title='bbox 493 1784 606 1818; x_wconf 90' lang='lat' dir='ltr'><em>propter</em></span> <span class='ocrx_word' id='word_1_273' title='bbox 628 1781 816 1809; x_wconf 80' lang='lat' dir='ltr'><em>carnalitatem</em></span> <span class='ocrx_word' id='word_1_274' title='bbox 840 1788 917 1808; x_wconf 87' lang='lat' dir='ltr'><em>suam</em></span> <span class='ocrx_word' id='word_1_275' title='bbox 937 1788 990 1808; x_wconf 90' lang='lat' dir='ltr'><em>non</em></span> 
     </span>
     <span class='ocr_line' id='line_1_39' title="bbox 145 1827 992 1866; baseline -0.001 -9"><span class='ocrx_word' id='word_1_276' title='bbox 145 1832 350 1866; x_wconf 76' lang='lat' dir='ltr'><em>cognoverunt3</em></span> <span class='ocrx_word' id='word_1_277' title='bbox 373 1829 455 1857; x_wconf 87' lang='lat' dir='ltr'><em>simul</em></span> <span class='ocrx_word' id='word_1_278' title='bbox 478 1836 531 1856; x_wconf 92' lang='lat' dir='ltr'><em>non</em></span> <span class='ocrx_word' id='word_1_279' title='bbox 554 1831 706 1865; x_wconf 87' lang='lat' dir='ltr'><em>potnerunt</em></span> <span class='ocrx_word' id='word_1_280' title='bbox 734 1828 836 1856; x_wconf 85' lang='lat' dir='ltr'><em>habere</em></span> <span class='ocrx_word' id='word_1_281' title='bbox 865 1827 992 1856; x_wconf 86' lang='lat' dir='ltr'><em>caelestia</em></span> 
     </span>
     <span class='ocr_line' id='line_1_40' title="bbox 143 1874 991 1912; baseline -0.002 -8"><span class='ocrx_word' id='word_1_282' title='bbox 143 1879 170 1904; x_wconf 89' lang='lat' dir='ltr'><em>et</em></span> <span class='ocrx_word' id='word_1_283' title='bbox 191 1879 317 1909; x_wconf 87' lang='lat' dir='ltr'><em>terrena;</em></span> <span class='ocrx_word' id='word_1_284' title='bbox 339 1875 399 1904; x_wconf 87' lang='lat' dir='ltr'><em>ideo</em></span> <span class='ocrx_word' id='word_1_285' title='bbox 421 1875 603 1912; x_wconf 89' lang='lat' dir='ltr'><em>perdiderunt</em></span> <span class='ocrx_word' id='word_1_286' title='bbox 624 1874 760 1907; x_wconf 85' lang='lat' dir='ltr'><em>caelestia,</em></span> <span class='ocrx_word' id='word_1_287' title='bbox 783 1874 848 1911; x_wconf 88' lang='lat' dir='ltr'><em>quia</em></span> <span class='ocrx_word' id='word_1_288' title='bbox 874 1882 991 1911; x_wconf 83' lang='lat' dir='ltr'><em>quaere-</em></span> 
     </span>
     <span class='ocr_line' id='line_1_41' title="bbox 143 1921 991 1951; baseline -0.002 0"><span class='ocrx_word' id='word_1_289' title='bbox 143 1923 209 1951; x_wconf 85' lang='lat' dir='ltr'><em>bant</em></span> <span class='ocrx_word' id='word_1_290' title='bbox 224 1926 335 1951; x_wconf 89' lang='lat' dir='ltr'><em>terrena</em></span> <span class='ocrx_word' id='word_1_291' title='bbox 349 1926 376 1951; x_wconf 83' lang='lat' dir='ltr'><em>et</em></span> <span class='ocrx_word' id='word_1_292' title='bbox 390 1922 530 1950; x_wconf 88' lang='lat' dir='ltr'><em>Christum</em></span> <span class='ocrx_word' id='word_1_293' title='bbox 546 1922 692 1950; x_wconf 84' lang='lat' dir='ltr'><em>Dominum</em></span> <span class='ocrx_word' id='word_1_294' title='bbox 709 1921 809 1949; x_wconf 86' lang='lat' dir='ltr'><em>imitari</em></span> <span class='ocrx_word' id='word_1_295' title='bbox 832 1921 991 1949; x_wconf 87' lang='lat' dir='ltr'><em>noluerunt.</em></span> 
     </span>
     <span class='ocr_line' id='line_1_42' title="bbox 145 1968 993 2007; baseline -0.002 -9"><span class='ocrx_word' id='word_1_296' title='bbox 145 1970 214 1999; x_wconf 83' lang='lat' dir='ltr'><em>Dicit</em></span> <span class='ocrx_word' id='word_1_297' title='bbox 236 1970 335 2007; x_wconf 84' lang='lat' dir='ltr'><em>igitur:</em></span> <span class='ocrx_word' id='word_1_298' title='bbox 358 1978 441 2007; x_wconf 88' lang='lat' dir='ltr'><em>quem</em></span> <span class='ocrx_word' id='word_1_299' title='bbox 462 1977 512 1998; x_wconf 81' lang='lat' dir='ltr'><em>vos</em></span> <span class='ocrx_word' id='word_1_300' title='bbox 533 1969 658 1997; x_wconf 84' lang='lat' dir='ltr'><em>nescitis.</em></span> <span class='ocrx_word' id='word_1_301' title='bbox 679 1986 719 1989; x_wconf 84' lang='lat'>—</span> <span class='ocrx_word' id='word_1_302' title='bbox 740 1969 847 1997; x_wconf 87' lang='lat' dir='ltr'><em>Utinam</em></span> <span class='ocrx_word' id='word_1_303' title='bbox 876 1976 929 1997; x_wconf 90' lang='lat' dir='ltr'><em>non</em></span> <span class='ocrx_word' id='word_1_304' title='bbox 959 1968 993 1997; x_wconf 88' lang='lat' dir='ltr'><em>ad</em></span> 
     </span>
     <span class='ocr_line' id='line_1_43' title="bbox 144 2015 995 2053; baseline -0.002 -8"><span class='ocrx_word' id='word_1_305' title='bbox 144 2025 194 2045; x_wconf 87' lang='lat' dir='ltr'><em>nos</em></span> <span class='ocrx_word' id='word_1_306' title='bbox 218 2017 303 2053; x_wconf 87' lang='lat' dir='ltr'><em>possit</em></span> <span class='ocrx_word' id='word_1_307' title='bbox 324 2016 403 2053; x_wconf 80' lang='lat' dir='ltr'><em>dirigi</em></span> <span class='ocrx_word' id='word_1_308' title='bbox 426 2016 493 2044; x_wconf 91' lang='lat' dir='ltr'><em>illud</em></span> <span class='ocrx_word' id='word_1_309' title='bbox 515 2016 647 2045; x_wconf 83' lang='lat' dir='ltr'><em>verbum!</em></span> <span class='ocrx_word' id='word_1_310' title='bbox 672 2015 895 2052; x_wconf 84' lang='lat' dir='ltr'><em>Reprehensibile</em></span> <span class='ocrx_word' id='word_1_311' title='bbox 923 2018 995 2044; x_wconf 86' lang='lat' dir='ltr'><em>esset</em></span> 
     </span>
     <span class='ocr_line' id='line_1_44' title="bbox 145 2062 992 2097; baseline -0.002 -5"><span class='ocrx_word' id='word_1_312' title='bbox 145 2064 172 2092; x_wconf 91' lang='lat' dir='ltr'><em>in</em></span> <span class='ocrx_word' id='word_1_313' title='bbox 188 2064 276 2097; x_wconf 90' lang='lat' dir='ltr'><em>nobis,</em></span> <span class='ocrx_word' id='word_1_314' title='bbox 292 2064 314 2092; x_wconf 92' lang='lat' dir='ltr'><em>si</em></span> <span class='ocrx_word' id='word_1_315' title='bbox 331 2064 443 2092; x_wconf 90' lang='lat' dir='ltr'><em>loannes</em></span> <span class='ocrx_word' id='word_1_316' title='bbox 464 2063 627 2092; x_wconf 86' lang='lat' dir='ltr'><em>extenderet</em></span> <span class='ocrx_word' id='word_1_317' title='bbox 649 2062 765 2091; x_wconf 85' lang='lat' dir='ltr'><em>verbum</em></span> <span class='ocrx_word' id='word_1_318' title='bbox 789 2070 870 2091; x_wconf 88' lang='lat' dir='ltr'><em>suum</em></span> <span class='ocrx_word' id='word_1_319' title='bbox 887 2062 918 2090; x_wconf 91' lang='lat' dir='ltr'><em>ad</em></span> <span class='ocrx_word' id='word_1_320' title='bbox 935 2070 992 2091; x_wconf 88' lang='lat' dir='ltr'><em>nos.</em></span> 
     </span>
    </p>

    <p class='ocr_par' dir='ltr' id='par_1_4' title="bbox 143 2109 997 2616">
     <span class='ocr_line' id='line_1_45' title="bbox 224 2109 994 2146; baseline -0.003 -7"><span class='ocrx_word' id='word_1_321' title='bbox 224 2110 316 2139; x_wconf 85' lang='lat' dir='ltr'><em>Tertio</em></span> <span class='ocrx_word' id='word_1_322' title='bbox 337 2110 412 2139; x_wconf 85' lang='lat' dir='ltr'><em>stetit</em></span> <span class='ocrx_word' id='word_1_323' title='bbox 437 2111 463 2138; x_wconf 91' lang='lat' dir='ltr'><em>in</em></span> <span class='ocrx_word' id='word_1_324' title='bbox 494 2110 582 2138; x_wconf 90' lang='lat' dir='ltr'><em>medio</em></span> <span class='ocrx_word' id='word_1_325' title='bbox 610 2118 707 2138; x_wconf 86' lang='lat' dir='ltr'><em>eorum</em></span> <span class='ocrx_word' id='word_1_326' title='bbox 736 2109 808 2138; x_wconf 87' lang='lat' dir='ltr'><em>sicut</em></span> <span class='ocrx_word' id='word_1_327' title='bbox 835 2113 994 2146; x_wconf 78' lang='lat' dir='ltr'><em>reparator</em></span> 
     </span>
     <span class='ocr_line' id='line_1_46' title="bbox 143 2157 995 2195; baseline -0.002 -9"><span class='ocrx_word' id='word_1_328' title='bbox 143 2157 223 2195; x_wconf 85' lang='lat' dir='ltr'><em>pius.</em></span> <span class='ocrx_word' id='word_1_329' title='bbox 245 2157 321 2186; x_wconf 88' lang='lat' dir='ltr'><em>Unde</em></span> <span class='ocrx_word' id='word_1_330' title='bbox 342 2157 369 2185; x_wconf 93' lang='lat' dir='ltr'><em>in</em></span> <span class='ocrx_word' id='word_1_331' title='bbox 391 2157 533 2185; x_wconf 87' lang='lat' dir='ltr'><em>Ezechiele</em></span> <span class='ocrx_word' id='word_1_332' title='bbox 547 2157 574 2184; x_wconf 76' lang='lat'><em>⁶:</em></span> <span class='ocrx_word' id='word_1_333' title='bbox 598 2158 657 2193; x_wconf 70' lang='lat' dir='ltr'><em>Eyo</em></span> <span class='ocrx_word' id='word_1_334' title='bbox 679 2157 740 2194; x_wconf 87' lang='lat' dir='ltr'><em>ipse</em></span> <span class='ocrx_word' id='word_1_335' title='bbox 754 2157 907 2194; x_wconf 74' lang='lat' dir='ltr'><em>requiram</em></span> <span class='ocrx_word' id='word_1_336' title='bbox 931 2165 995 2185; x_wconf 79' lang='lat' dir='ltr'><em>oves</em></span> 
     </span>
     <span class='ocr_line' id='line_1_47' title="bbox 146 2203 994 2240; baseline -0.002 -8"><span class='ocrx_word' id='word_1_337' title='bbox 146 2213 226 2233; x_wconf 87' lang='lat' dir='ltr'><em>meas</em></span> <span class='ocrx_word' id='word_1_338' title='bbox 247 2207 271 2232; x_wconf 86' lang='lat' dir='ltr'><em>et</em></span> <span class='ocrx_word' id='word_1_339' title='bbox 292 2203 415 2232; x_wconf 79' lang='lat' dir='ltr'><em>visitabo</em></span> <span class='ocrx_word' id='word_1_340' title='bbox 436 2212 494 2232; x_wconf 90' lang='lat' dir='ltr'><em>eas.</em></span> <span class='ocrx_word' id='word_1_341' title='bbox 519 2203 599 2232; x_wconf 86' lang='lat' dir='ltr'><em>Sicut</em></span> <span class='ocrx_word' id='word_1_342' title='bbox 629 2203 728 2231; x_wconf 82' lang='lat' dir='ltr'><em>visitat</em></span> <span class='ocrx_word' id='word_1_343' title='bbox 754 2207 858 2240; x_wconf 74' lang='lat' dir='ltr'><em>pastor</em></span> <span class='ocrx_word' id='word_1_344' title='bbox 878 2210 994 2239; x_wconf 70' lang='lat' dir='ltr'><em>yreyem</em></span> 
     </span>
     <span class='ocr_line' id='line_1_48' title="bbox 145 2249 996 2289; baseline -0.002 -10"><span class='ocrx_word' id='word_1_345' title='bbox 145 2260 234 2280; x_wconf 86' lang='lat' dir='ltr'><em>suum</em></span> <span class='ocrx_word' id='word_1_346' title='bbox 256 2251 287 2279; x_wconf 89' lang='lat' dir='ltr'><em>in</em></span> <span class='ocrx_word' id='word_1_347' title='bbox 308 2251 363 2285; x_wconf 87' lang='lat' dir='ltr'><em>die,</em></span> <span class='ocrx_word' id='word_1_348' title='bbox 386 2250 504 2289; x_wconf 80' lang='lat' dir='ltr'><em>quando</em></span> <span class='ocrx_word' id='word_1_349' title='bbox 525 2249 618 2287; x_wconf 86' lang='lat' dir='ltr'><em>fuerit</em></span> <span class='ocrx_word' id='word_1_350' title='bbox 638 2250 669 2278; x_wconf 89' lang='lat' dir='ltr'><em>in</em></span> <span class='ocrx_word' id='word_1_351' title='bbox 690 2250 784 2278; x_wconf 57' lang='lat' dir='ltr'><em>n&#39;zedio</em></span> <span class='ocrx_word' id='word_1_352' title='bbox 805 2250 904 2278; x_wconf 81' lang='lat' dir='ltr'><em>oviam</em></span> <span class='ocrx_word' id='word_1_353' title='bbox 924 2257 996 2277; x_wconf 87' lang='lat' dir='ltr'><em>sua-</em></span> 
     </span>
     <span class='ocr_line' id='line_1_49' title="bbox 146 2297 997 2335; baseline -0.002 -9"><span class='ocrx_word' id='word_1_354' title='bbox 146 2307 215 2327; x_wconf 89' lang='lat' dir='ltr'><em>rum</em></span> <span class='ocrx_word' id='word_1_355' title='bbox 237 2298 462 2335; x_wconf 86' lang='lat' dir='ltr'><em>dissipatarum,</em></span> <span class='ocrx_word' id='word_1_356' title='bbox 483 2297 525 2325; x_wconf 89' lang='lat' dir='ltr'><em>sic</em></span> <span class='ocrx_word' id='word_1_357' title='bbox 546 2297 669 2325; x_wconf 77' lang='lat' dir='ltr'><em>visitabo</em></span> <span class='ocrx_word' id='word_1_358' title='bbox 685 2305 748 2325; x_wconf 79' lang='lat' dir='ltr'><em>oves</em></span> <span class='ocrx_word' id='word_1_359' title='bbox 769 2305 857 2325; x_wconf 88' lang='lat' dir='ltr'><em>meas.</em></span> <span class='ocrx_word' id='word_1_360' title='bbox 874 2313 911 2317; x_wconf 84' lang='lat'>—</span> <span class='ocrx_word' id='word_1_361' title='bbox 926 2297 997 2325; x_wconf 86' lang='lat' dir='ltr'><em>Dicit</em></span> 
     </span>
     <span class='ocr_line' id='line_1_50' title="bbox 146 2344 996 2381; baseline -0.002 -8"><span class='ocrx_word' id='word_1_362' title='bbox 146 2345 214 2374; x_wconf 90' lang='lat' dir='ltr'><em>illud</em></span> <span class='ocrx_word' id='word_1_363' title='bbox 229 2345 318 2379; x_wconf 87' lang='lat' dir='ltr'><em>Deus,</em></span> <span class='ocrx_word' id='word_1_364' title='bbox 340 2348 366 2373; x_wconf 92' lang='lat' dir='ltr'><em>et</em></span> <span class='ocrx_word' id='word_1_365' title='bbox 381 2345 454 2373; x_wconf 89' lang='lat' dir='ltr'><em>Deus</em></span> <span class='ocrx_word' id='word_1_366' title='bbox 469 2348 510 2373; x_wconf 84' lang='lat' dir='ltr'><em>est</em></span> <span class='ocrx_word' id='word_1_367' title='bbox 525 2344 660 2378; x_wconf 85' lang='lat' dir='ltr'><em>Verbum,</em></span> <span class='ocrx_word' id='word_1_368' title='bbox 676 2345 722 2381; x_wconf 85' lang='lat' dir='ltr'><em>qui</em></span> <span class='ocrx_word' id='word_1_369' title='bbox 739 2347 780 2372; x_wconf 87' lang='lat' dir='ltr'><em>est</em></span> <span class='ocrx_word' id='word_1_370' title='bbox 795 2346 888 2380; x_wconf 87' lang='lat' dir='ltr'><em>pastor</em></span> <span class='ocrx_word' id='word_1_371' title='bbox 903 2346 996 2372; x_wconf 88' lang='lat' dir='ltr'><em>noster</em></span> 
     </span>
     <span class='ocr_line' id='line_1_51' title="bbox 147 2391 997 2429; baseline -0.001 -9"><span class='ocrx_word' id='word_1_372' title='bbox 147 2396 174 2421; x_wconf 88' lang='lat' dir='ltr'><em>et</em></span> <span class='ocrx_word' id='word_1_373' title='bbox 197 2400 310 2429; x_wconf 84' lang='lat' dir='ltr'><em>pascens</em></span> <span class='ocrx_word' id='word_1_374' title='bbox 324 2399 382 2420; x_wconf 87' lang='lat' dir='ltr'><em>nos.</em></span> <span class='ocrx_word' id='word_1_375' title='bbox 405 2392 476 2420; x_wconf 89' lang='lat' dir='ltr'><em>Oves</em></span> <span class='ocrx_word' id='word_1_376' title='bbox 491 2391 551 2420; x_wconf 85' lang='lat' dir='ltr'><em>eius</em></span> <span class='ocrx_word' id='word_1_377' title='bbox 571 2391 686 2420; x_wconf 85' lang='lat' dir='ltr'><em>fuerunt</em></span> <span class='ocrx_word' id='word_1_378' title='bbox 700 2391 861 2427; x_wconf 54' lang='lat' dir='ltr'><em>dissipatam</em></span> <span class='ocrx_word' id='word_1_379' title='bbox 884 2394 997 2419; x_wconf 84' lang='lat' dir='ltr'><em>nonest</em></span> 
     </span>
     <span class='ocr_line' id='line_1_52' title="bbox 147 2437 995 2476; baseline -0.002 -9"><span class='ocrx_word' id='word_1_380' title='bbox 147 2439 256 2467; x_wconf 85' lang='lat' dir='ltr'><em>missus</em></span> <span class='ocrx_word' id='word_1_381' title='bbox 268 2439 328 2467; x_wconf 85' lang='lat' dir='ltr'><em>nisi</em></span> <span class='ocrx_word' id='word_1_382' title='bbox 342 2439 381 2467; x_wconf 84' lang='lat' dir='ltr'><em>ad</em></span> <span class='ocrx_word' id='word_1_383' title='bbox 396 2447 460 2467; x_wconf 82' lang='lat' dir='ltr'><em>oves</em></span> <span class='ocrx_word' id='word_1_384' title='bbox 482 2447 556 2476; x_wconf 84' lang='lat' dir='ltr'><em>quae</em></span> <span class='ocrx_word' id='word_1_385' title='bbox 568 2438 720 2475; x_wconf 85' lang='lat' dir='ltr'><em>perierunt</em></span> <span class='ocrx_word' id='word_1_386' title='bbox 741 2439 846 2466; x_wconf 74' lang='lat' dir='ltr'><em>(tonius</em></span> <span class='ocrx_word' id='word_1_387' title='bbox 870 2437 962 2466; x_wconf 89' lang='lat' dir='ltr'><em>lsrael</em></span> <span class='ocrx_word' id='word_1_388' title='bbox 976 2438 995 2465; x_wconf 80' lang='lat'><em>⁷.</em></span> 
     </span>
     <span class='ocr_line' id='line_1_53' title="bbox 148 2484 997 2521; baseline -0.002 -7"><span class='ocrx_word' id='word_1_389' title='bbox 148 2486 224 2514; x_wconf 88' lang='lat' dir='ltr'><em>Sicut</em></span> <span class='ocrx_word' id='word_1_390' title='bbox 244 2486 321 2515; x_wconf 86' lang='lat' dir='ltr'><em>lacob</em></span> <span class='ocrx_word' id='word_1_391' title='bbox 343 2485 417 2514; x_wconf 88' lang='lat' dir='ltr'><em>misit</em></span> <span class='ocrx_word' id='word_1_392' title='bbox 438 2485 524 2514; x_wconf 85' lang='lat' dir='ltr'><em>filium</em></span> <span class='ocrx_word' id='word_1_393' title='bbox 547 2493 629 2514; x_wconf 85' lang='lat' dir='ltr'><em>suum</em></span> <span class='ocrx_word' id='word_1_394' title='bbox 647 2485 742 2521; x_wconf 88' lang='lat' dir='ltr'><em>loseph</em></span> <span class='ocrx_word' id='word_1_395' title='bbox 757 2484 790 2513; x_wconf 90' lang='lat' dir='ltr'><em>ad</em></span> <span class='ocrx_word' id='word_1_396' title='bbox 814 2484 913 2513; x_wconf 80' lang='lat' dir='ltr'><em>fratres</em></span> <span class='ocrx_word' id='word_1_397' title='bbox 932 2492 997 2513; x_wconf 86' lang='lat' dir='ltr'><em>suos</em></span> 
     </span>
     <span class='ocr_line' id='line_1_54' title="bbox 149 2531 997 2569; baseline -0.002 -8"><span class='ocrx_word' id='word_1_398' title='bbox 149 2532 330 2567; x_wconf 80' lang='lat' dir='ltr'><em>visitandum,</em></span> <span class='ocrx_word' id='word_1_399' title='bbox 352 2535 379 2561; x_wconf 90' lang='lat' dir='ltr'><em>et</em></span> <span class='ocrx_word' id='word_1_400' title='bbox 400 2532 471 2561; x_wconf 88' lang='lat' dir='ltr'><em>sicut</em></span> <span class='ocrx_word' id='word_1_401' title='bbox 493 2535 586 2569; x_wconf 88' lang='lat' dir='ltr'><em>pastor</em></span> <span class='ocrx_word' id='word_1_402' title='bbox 609 2531 728 2559; x_wconf 85' lang='lat' dir='ltr'><em>mittitur</em></span> <span class='ocrx_word' id='word_1_403' title='bbox 750 2531 784 2559; x_wconf 89' lang='lat' dir='ltr'><em>ad</em></span> <span class='ocrx_word' id='word_1_404' title='bbox 804 2539 915 2567; x_wconf 79' lang='lat' dir='ltr'><em>gregem</em></span> <span class='ocrx_word' id='word_1_405' title='bbox 943 2531 997 2559; x_wconf 89' lang='lat' dir='ltr'><em>dis-</em></span> 
     </span>
     <span class='ocr_line' id='line_1_55' title="bbox 149 2578 996 2616; baseline -0.002 -8"><span class='ocrx_word' id='word_1_406' title='bbox 149 2580 283 2616; x_wconf 83' lang='lat' dir='ltr'><em>sipatum;</em></span> <span class='ocrx_word' id='word_1_407' title='bbox 306 2580 343 2608; x_wconf 85' lang='lat' dir='ltr'><em>sic</em></span> <span class='ocrx_word' id='word_1_408' title='bbox 365 2580 492 2608; x_wconf 87' lang='lat' dir='ltr'><em>Christus</em></span> <span class='ocrx_word' id='word_1_409' title='bbox 514 2580 615 2608; x_wconf 88' lang='lat' dir='ltr'><em>missus</em></span> <span class='ocrx_word' id='word_1_410' title='bbox 636 2582 677 2609; x_wconf 86' lang='lat' dir='ltr'><em>est</em></span> <span class='ocrx_word' id='word_1_411' title='bbox 691 2579 724 2607; x_wconf 85' lang='lat' dir='ltr'><em>ad</em></span> <span class='ocrx_word' id='word_1_412' title='bbox 740 2586 786 2607; x_wconf 82' lang='lat' dir='ltr'><em>eos</em></span> <span class='ocrx_word' id='word_1_413' title='bbox 810 2579 857 2615; x_wconf 87' lang='lat' dir='ltr'><em>qui</em></span> <span class='ocrx_word' id='word_1_414' title='bbox 873 2578 996 2607; x_wconf 85' lang='lat' dir='ltr'><em>destituti</em></span> 
     </span>
    </p>
   </div>
   <div class='ocr_carea' id='block_1_4' title="bbox 213 2755 915 2978">
    <p class='ocr_par' dir='ltr' id='par_1_5' title="bbox 214 2755 420 2783">
     <span class='ocr_line' id='line_1_56' title="bbox 214 2755 420 2783; baseline -0.005 -5"><span class='ocrx_word' id='word_1_415' title='bbox 214 2756 221 2768; x_wconf 92' lang='lat'>¹</span> <span class='ocrx_word' id='word_1_416' title='bbox 241 2756 306 2778; x_wconf 82' lang='lat' dir='ltr'><em>Dent.</em></span> <span class='ocrx_word' id='word_1_417' title='bbox 324 2756 364 2783; x_wconf 75' lang='lat'><em>32,</em></span> <span class='ocrx_word' id='word_1_418' title='bbox 387 2755 420 2777; x_wconf 82' lang='grc'><em>15.</em></span> 
     </span>
    </p>

    <p class='ocr_par' dir='ltr' id='par_1_6' title="bbox 213 2794 384 2823">
     <span class='ocr_line' id='line_1_57' title="bbox 213 2794 384 2823; baseline -0.006 -6"><span class='ocrx_word' id='word_1_419' title='bbox 213 2794 222 2807; x_wconf 73' lang='lat'>2</span> <span class='ocrx_word' id='word_1_420' title='bbox 239 2795 289 2817; x_wconf 82' lang='lat' dir='ltr'><em>lsai.</em></span> <span class='ocrx_word' id='word_1_421' title='bbox 307 2794 344 2823; x_wconf 81' lang='lat'><em>53,</em></span> <span class='ocrx_word' id='word_1_422' title='bbox 362 2794 384 2816; x_wconf 84' lang='lat'><em>3.</em></span> 
     </span>
    </p>

    <p class='ocr_par' dir='ltr' id='par_1_7' title="bbox 213 2832 915 2901">
     <span class='ocr_line' id='line_1_58' title="bbox 213 2832 915 2861; baseline -0.003 -5"><span class='ocrx_word' id='word_1_423' title='bbox 213 2834 222 2848; x_wconf 84' lang='lat'>³</span> <span class='ocrx_word' id='word_1_424' title='bbox 240 2834 286 2857; x_wconf 81' lang='lat' dir='ltr'><em>Ct&#39;r.</em></span> <span class='ocrx_word' id='word_1_425' title='bbox 303 2834 407 2861; x_wconf 69' lang='lat' dir='ltr'><em>Gregor.,</em></span> <span class='ocrx_word' id='word_1_426' title='bbox 425 2833 440 2855; x_wconf 88' lang='lat' dir='ltr'><em>l.</em></span> <span class='ocrx_word' id='word_1_427' title='bbox 460 2832 540 2854; x_wconf 87' lang='lat' dir='ltr'><em>llomil.</em></span> <span class='ocrx_word' id='word_1_428' title='bbox 560 2832 580 2854; x_wconf 87' lang='lat' dir='ltr'><em>in</em></span> <span class='ocrx_word' id='word_1_429' title='bbox 600 2833 686 2859; x_wconf 77' lang='lat' dir='ltr'><em>Evang.</em></span> <span class='ocrx_word' id='word_1_430' title='bbox 704 2832 781 2854; x_wconf 82' lang='lat' dir='ltr'><em>homil.</em></span> <span class='ocrx_word' id='word_1_431' title='bbox 804 2833 837 2854; x_wconf 78' lang='grc' dir='ltr'><em>Η).</em></span> <span class='ocrx_word' id='word_1_432' title='bbox 854 2839 876 2854; x_wconf 84' lang='lat' dir='ltr'><em>n.</em></span> <span class='ocrx_word' id='word_1_433' title='bbox 893 2832 915 2854; x_wconf 89' lang='lat'><em>7.</em></span> 
     </span>
     <span class='ocr_line' id='line_1_59' title="bbox 214 2871 769 2901; baseline -0.005 -6"><span class='ocrx_word' id='word_1_434' title='bbox 214 2872 223 2885; x_wconf 69' lang='lat'><em>4</em></span> <span class='ocrx_word' id='word_1_435' title='bbox 241 2873 294 2895; x_wconf 83' lang='lat' dir='ltr'><em>Luc.</em></span> <span class='ocrx_word' id='word_1_436' title='bbox 316 2873 336 2901; x_wconf 74' lang='lat'><em>3,</em></span> <span class='ocrx_word' id='word_1_437' title='bbox 354 2872 375 2894; x_wconf 91' lang='grc'><em>7.</em></span> <span class='ocrx_word' id='word_1_438' title='bbox 394 2878 455 2900; x_wconf 84' lang='lat' dir='ltr'><em>seq.;</em></span> <span class='ocrx_word' id='word_1_439' title='bbox 473 2872 512 2893; x_wconf 82' lang='lat' dir='ltr'><em>rsr.</em></span> <span class='ocrx_word' id='word_1_440' title='bbox 530 2872 606 2893; x_wconf 77' lang='lat' dir='ltr'><em>lllallh.</em></span> <span class='ocrx_word' id='word_1_441' title='bbox 625 2871 645 2897; x_wconf 84' lang='lat'><em>3,</em></span> <span class='ocrx_word' id='word_1_442' title='bbox 663 2871 686 2893; x_wconf 82' lang='lat'><em>7.</em></span> <span class='ocrx_word' id='word_1_443' title='bbox 703 2877 769 2899; x_wconf 81' lang='lat' dir='ltr'><em>seqq.</em></span> 
     </span>
    </p>

    <p class='ocr_par' dir='ltr' id='par_1_8' title="bbox 214 2911 395 2939">
     <span class='ocr_line' id='line_1_60' title="bbox 214 2911 395 2939; baseline 0 -6"><span class='ocrx_word' id='word_1_444' title='bbox 214 2911 223 2923; x_wconf 74' lang='lat'>⁵</span> <span class='ocrx_word' id='word_1_445' title='bbox 241 2912 300 2933; x_wconf 80' lang='lat' dir='ltr'><em>loan.</em></span> <span class='ocrx_word' id='word_1_446' title='bbox 319 2912 339 2939; x_wconf 83' lang='lat'><em>8,</em></span> <span class='ocrx_word' id='word_1_447' title='bbox 359 2911 395 2933; x_wconf 79' lang='lat'><em>39.</em></span> 
     </span>
    </p>

    <p class='ocr_par' dir='ltr' id='par_1_9' title="bbox 213 2950 473 2978">
     <span class='ocr_line' id='line_1_61' title="bbox 213 2950 473 2978; baseline -0.008 -5"><span class='ocrx_word' id='word_1_448' title='bbox 213 2951 223 2965; x_wconf 73' lang='grc' dir='ltr'><strong>θ</strong></span> <span class='ocrx_word' id='word_1_449' title='bbox 241 2950 296 2978; x_wconf 79' lang='lat' dir='ltr'><em>Cap.</em></span> <span class='ocrx_word' id='word_1_450' title='bbox 315 2950 352 2977; x_wconf 79' lang='lat'><em>34,</em></span> <span class='ocrx_word' id='word_1_451' title='bbox 374 2951 407 2972; x_wconf 94' lang='grc'><em>11,</em></span> <span class='ocrx_word' id='word_1_452' title='bbox 424 2956 473 2978; x_wconf 81' lang='lat' dir='ltr'><em>seq.</em></span> 
     </span>
    </p>
   </div>
   <div class='ocr_carea' id='block_1_5' title="bbox 1007 240 1029 2609">
    <p class='ocr_par' dir='ltr' id='par_1_10' title="bbox 1007 240 1029 2609">
     <span class='ocr_line' id='line_1_62' title="bbox 1007 240 1029 2609; baseline 0 0"><span class='ocrx_word' id='word_1_453' title='bbox 1007 240 1029 2609; x_wconf 95' lang='lat' dir='ltr'><em> </em></span> 
     </span>
    </p>
   </div>
   <div class='ocr_carea' id='block_1_6' title="bbox 1024 2861 1027 2975">
    <p class='ocr_par' dir='ltr' id='par_1_11' title="bbox 1024 2861 1027 2975">
     <span class='ocr_line' id='line_1_63' title="bbox 1024 2861 1027 2975; baseline 0 373"><span class='ocrx_word' id='word_1_454' title='bbox 1024 2861 1027 2975; x_wconf 95' lang='lat' dir='ltr'><em> </em></span> 
     </span>
    </p>
   </div>
   <div class='ocr_carea' id='block_1_7' title="bbox 1036 236 2030 2615">
    <p class='ocr_par' dir='ltr' id='par_1_12' title="bbox 1036 236 2010 366">
     <span class='ocr_line' id='line_1_64' title="bbox 1036 236 2002 282; baseline 0.004 -18"><span class='ocrx_word' id='word_1_455' title='bbox 1036 239 1124 270; x_wconf 89' lang='lat' dir='ltr'><em>erant,</em></span> <span class='ocrx_word' id='word_1_456' title='bbox 1145 236 1177 264; x_wconf 87' lang='lat' dir='ltr'><em>ad</em></span> <span class='ocrx_word' id='word_1_457' title='bbox 1200 237 1422 274; x_wconf 83' lang='lat' dir='ltr'><em>congregandum</em></span> <span class='ocrx_word' id='word_1_458' title='bbox 1444 238 1591 274; x_wconf 88' lang='lat' dir='ltr'><em>dispersos.</em></span> <span class='ocrx_word' id='word_1_459' title='bbox 1617 239 1737 276; x_wconf 87' lang='lat' dir='ltr'><em>Dispersi</em></span> <span class='ocrx_word' id='word_1_460' title='bbox 1766 240 1881 269; x_wconf 84' lang='lat' dir='ltr'><em>fuerunt</em></span> <span class='ocrx_word' id='word_1_461' title='bbox 1903 240 2002 282; x_wconf 57' lang='lat' dir='ltr'><em>giflfg‘ffi}</em></span> 
     </span>
     <span class='ocr_line' id='line_1_65' title="bbox 1037 268 2010 319; baseline 0.005 -9"><span class='ocrx_word' id='word_1_462' title='bbox 1037 282 1162 310; x_wconf 89' lang='lat' dir='ltr'><em>homines</em></span> <span class='ocrx_word' id='word_1_463' title='bbox 1184 286 1297 319; x_wconf 89' lang='lat' dir='ltr'><em>propter</em></span> <span class='ocrx_word' id='word_1_464' title='bbox 1311 283 1475 312; x_wconf 80' lang='lat' dir='ltr'><em>discordiam</em></span> <span class='ocrx_word' id='word_1_465' title='bbox 1492 284 1563 313; x_wconf 90' lang='lat' dir='ltr'><em>inter</em></span> <span class='ocrx_word' id='word_1_466' title='bbox 1580 284 1744 314; x_wconf 84' lang='lat' dir='ltr'><em>Creatorem</em></span> <span class='ocrx_word' id='word_1_467' title='bbox 1759 289 1786 314; x_wconf 90' lang='lat' dir='ltr'><em>et</em></span> <span class='ocrx_word' id='word_1_468' title='bbox 1800 294 1881 314; x_wconf 86' lang='lat' dir='ltr'><em>crea·</em></span> <span class='ocrx_word' id='word_1_469' title='bbox 1926 268 1937 287; x_wconf 67' lang='lat' dir='ltr'>p</span> <span class='ocrx_word' id='word_1_470' title='bbox 1960 269 1971 287; x_wconf 66' lang='lat' dir='ltr'>p</span> <span class='ocrx_word' id='word_1_471' title='bbox 2005 277 2010 282; x_wconf 47' lang='lat'>⁸</span> 
     </span>
     <span class='ocr_line' id='line_1_66' title="bbox 1037 328 1882 366; baseline 0.006 -11"><span class='ocrx_word' id='word_1_472' title='bbox 1037 331 1148 361; x_wconf 86' lang='lat' dir='ltr'><em>turam,</em></span> <span class='ocrx_word' id='word_1_473' title='bbox 1171 328 1242 357; x_wconf 86' lang='lat' dir='ltr'><em>inter</em></span> <span class='ocrx_word' id='word_1_474' title='bbox 1264 329 1426 366; x_wconf 75' lang='lat' dir='ltr'><em>anyelicam</em></span> <span class='ocrx_word' id='word_1_475' title='bbox 1448 334 1576 359; x_wconf 85' lang='lat' dir='ltr'><em>naturam</em></span> <span class='ocrx_word' id='word_1_476' title='bbox 1598 334 1625 360; x_wconf 85' lang='lat' dir='ltr'><em>et</em></span> <span class='ocrx_word' id='word_1_477' title='bbox 1646 330 1825 365; x_wconf 80' lang='lat' dir='ltr'><em>humanam,</em></span> <span class='ocrx_word' id='word_1_478' title='bbox 1840 332 1882 360; x_wconf 90' lang='lat' dir='ltr'><em>in-</em></span> 
     </span>
    </p>

    <p class='ocr_par' dir='ltr' id='par_1_13' title="bbox 1037 374 1882 412">
     <span class='ocr_line' id='line_1_67' title="bbox 1037 374 1882 412; baseline 0.006 -10"><span class='ocrx_word' id='word_1_479' title='bbox 1037 377 1079 403; x_wconf 87' lang='lat' dir='ltr'><em>ter</em></span> <span class='ocrx_word' id='word_1_480' title='bbox 1101 374 1278 403; x_wconf 83' lang='lat' dir='ltr'><em>voluntatem</em></span> <span class='ocrx_word' id='word_1_481' title='bbox 1300 379 1327 404; x_wconf 89' lang='lat' dir='ltr'><em>et</em></span> <span class='ocrx_word' id='word_1_482' title='bbox 1341 377 1557 412; x_wconf 83' lang='lat' dir='ltr'><em>conscientiam,</em></span> <span class='ocrx_word' id='word_1_483' title='bbox 1573 378 1645 407; x_wconf 87' lang='lat' dir='ltr'><em>inter</em></span> <span class='ocrx_word' id='word_1_484' title='bbox 1665 378 1882 407; x_wconf 80' lang='lat' dir='ltr'><em>sensualitatem</em></span> 
     </span>
    </p>

    <p class='ocr_par' dir='ltr' id='par_1_14' title="bbox 1038 421 1881 461">
     <span class='ocr_line' id='line_1_68' title="bbox 1038 421 1881 461; baseline 0.007 -13"><span class='ocrx_word' id='word_1_485' title='bbox 1038 424 1065 449; x_wconf 88' lang='lat' dir='ltr'><em>et</em></span> <span class='ocrx_word' id='word_1_486' title='bbox 1084 421 1239 455; x_wconf 88' lang='lat' dir='ltr'><em>rationem,</em></span> <span class='ocrx_word' id='word_1_487' title='bbox 1263 422 1334 450; x_wconf 89' lang='lat' dir='ltr'><em>inter</em></span> <span class='ocrx_word' id='word_1_488' title='bbox 1356 431 1475 451; x_wconf 88' lang='lat' dir='ltr'><em>carnem</em></span> <span class='ocrx_word' id='word_1_489' title='bbox 1492 427 1519 452; x_wconf 83' lang='lat' dir='ltr'><em>et</em></span> <span class='ocrx_word' id='word_1_490' title='bbox 1532 424 1683 461; x_wconf 85' lang='lat' dir='ltr'><em>spiritum,</em></span> <span class='ocrx_word' id='word_1_491' title='bbox 1698 425 1769 453; x_wconf 89' lang='lat' dir='ltr'><em>inter</em></span> <span class='ocrx_word' id='word_1_492' title='bbox 1791 424 1881 454; x_wconf 89' lang='lat' dir='ltr'><em>homi-</em></span> 
     </span>
    </p>

    <p class='ocr_par' dir='ltr' id='par_1_15' title="bbox 1036 468 1880 507">
     <span class='ocr_line' id='line_1_69' title="bbox 1036 468 1880 507; baseline 0.006 -12"><span class='ocrx_word' id='word_1_493' title='bbox 1036 476 1102 496; x_wconf 88' lang='lat' dir='ltr'><em>nem</em></span> <span class='ocrx_word' id='word_1_494' title='bbox 1123 471 1148 496; x_wconf 85' lang='lat' dir='ltr'><em>et</em></span> <span class='ocrx_word' id='word_1_495' title='bbox 1167 468 1350 504; x_wconf 76' lang='lat' dir='ltr'><em>proximum,</em></span> <span class='ocrx_word' id='word_1_496' title='bbox 1369 469 1440 498; x_wconf 90' lang='lat' dir='ltr'><em>inter</em></span> <span class='ocrx_word' id='word_1_497' title='bbox 1462 476 1641 507; x_wconf 85' lang='lat' dir='ltr'><em>peecatorem</em></span> <span class='ocrx_word' id='word_1_498' title='bbox 1664 475 1690 500; x_wconf 90' lang='lat' dir='ltr'><em>et</em></span> <span class='ocrx_word' id='word_1_499' title='bbox 1711 472 1880 500; x_wconf 82' lang='lat' dir='ltr'><em>universum</em></span> 
     </span>
    </p>

    <p class='ocr_par' dir='ltr' id='par_1_16' title="bbox 1038 514 1882 547">
     <span class='ocr_line' id='line_1_70' title="bbox 1038 514 1882 547; baseline 0.005 -5"><span class='ocrx_word' id='word_1_500' title='bbox 1038 514 1143 543; x_wconf 87' lang='lat' dir='ltr'><em>orbem.</em></span> <span class='ocrx_word' id='word_1_501' title='bbox 1160 531 1196 535; x_wconf 91' lang='lat'>-</span> <span class='ocrx_word' id='word_1_502' title='bbox 1212 515 1353 544; x_wconf 88' lang='lat' dir='ltr'><em>Discordia</em></span> <span class='ocrx_word' id='word_1_503' title='bbox 1374 516 1426 544; x_wconf 84' lang='lat' dir='ltr'><em>fuit</em></span> <span class='ocrx_word' id='word_1_504' title='bbox 1447 517 1518 545; x_wconf 86' lang='lat' dir='ltr'><em>inter</em></span> <span class='ocrx_word' id='word_1_505' title='bbox 1542 518 1706 546; x_wconf 82' lang='lat' dir='ltr'><em>Creatorem</em></span> <span class='ocrx_word' id='word_1_506' title='bbox 1728 522 1754 547; x_wconf 88' lang='lat' dir='ltr'><em>et</em></span> <span class='ocrx_word' id='word_1_507' title='bbox 1769 522 1882 547; x_wconf 87' lang='lat' dir='ltr'><em>ereatu-</em></span> 
     </span>
    </p>

    <p class='ocr_par' dir='ltr' id='par_1_17' title="bbox 1038 563 1882 601">
     <span class='ocr_line' id='line_1_71' title="bbox 1038 563 1882 601; baseline 0.006 -12"><span class='ocrx_word' id='word_1_508' title='bbox 1038 569 1106 589; x_wconf 89' lang='lat' dir='ltr'><em>ram</em></span> <span class='ocrx_word' id='word_1_509' title='bbox 1123 565 1237 597; x_wconf 89' lang='lat' dir='ltr'><em>propter</em></span> <span class='ocrx_word' id='word_1_510' title='bbox 1252 565 1413 597; x_wconf 85' lang='lat' dir='ltr'><em>peccatum,</em></span> <span class='ocrx_word' id='word_1_511' title='bbox 1435 567 1461 591; x_wconf 91' lang='lat' dir='ltr'><em>et</em></span> <span class='ocrx_word' id='word_1_512' title='bbox 1476 563 1536 592; x_wconf 92' lang='lat' dir='ltr'><em>ideo</em></span> <span class='ocrx_word' id='word_1_513' title='bbox 1558 564 1688 601; x_wconf 76' lang='lat' dir='ltr'><em>anyelica</em></span> <span class='ocrx_word' id='word_1_514' title='bbox 1705 568 1805 593; x_wconf 90' lang='lat' dir='ltr'><em>natura</em></span> <span class='ocrx_word' id='word_1_515' title='bbox 1819 573 1882 593; x_wconf 88' lang='lat' dir='ltr'><em>con-</em></span> 
     </span>
    </p>

    <p class='ocr_par' dir='ltr' id='par_1_18' title="bbox 1038 606 1882 643">
     <span class='ocr_line' id='line_1_72' title="bbox 1038 606 1882 643; baseline 0.006 -8"><span class='ocrx_word' id='word_1_516' title='bbox 1038 607 1125 635; x_wconf 89' lang='lat' dir='ltr'><em>traria</em></span> <span class='ocrx_word' id='word_1_517' title='bbox 1145 607 1197 635; x_wconf 83' lang='lat' dir='ltr'><em>fuit</em></span> <span class='ocrx_word' id='word_1_518' title='bbox 1216 606 1371 636; x_wconf 86' lang='lat' dir='ltr'><em>humanae.</em></span> <span class='ocrx_word' id='word_1_519' title='bbox 1389 609 1462 643; x_wconf 85' lang='lat' dir='ltr'><em>item,</em></span> <span class='ocrx_word' id='word_1_520' title='bbox 1478 609 1612 638; x_wconf 80' lang='lat' dir='ltr'><em>discordia</em></span> <span class='ocrx_word' id='word_1_521' title='bbox 1626 614 1686 639; x_wconf 84' lang='lat' dir='ltr'><em>erat</em></span> <span class='ocrx_word' id='word_1_522' title='bbox 1700 611 1771 639; x_wconf 84' lang='lat' dir='ltr'><em>inter</em></span> <span class='ocrx_word' id='word_1_523' title='bbox 1785 611 1882 639; x_wconf 88' lang='lat' dir='ltr'><em>volun-</em></span> 
     </span>
    </p>

    <p class='ocr_par' dir='ltr' id='par_1_19' title="bbox 1038 654 1884 737">
     <span class='ocr_line' id='line_1_73' title="bbox 1039 654 1882 692; baseline 0.005 -10"><span class='ocrx_word' id='word_1_524' title='bbox 1039 657 1125 682; x_wconf 85' lang='lat' dir='ltr'><em>tatem</em></span> <span class='ocrx_word' id='word_1_525' title='bbox 1137 656 1164 683; x_wconf 88' lang='lat' dir='ltr'><em>et</em></span> <span class='ocrx_word' id='word_1_526' title='bbox 1175 654 1391 688; x_wconf 84' lang='lat' dir='ltr'><em>conscientiam,</em></span> <span class='ocrx_word' id='word_1_527' title='bbox 1403 656 1468 692; x_wconf 89' lang='lat' dir='ltr'><em>quia</em></span> <span class='ocrx_word' id='word_1_528' title='bbox 1479 657 1606 685; x_wconf 85' lang='lat' dir='ltr'><em>voluntas</em></span> <span class='ocrx_word' id='word_1_529' title='bbox 1617 657 1729 686; x_wconf 86' lang='lat' dir='ltr'><em>inclinat</em></span> <span class='ocrx_word' id='word_1_530' title='bbox 1740 658 1772 686; x_wconf 86' lang='lat' dir='ltr'><em>ad</em></span> <span class='ocrx_word' id='word_1_531' title='bbox 1786 666 1882 692; x_wconf 88' lang='lat' dir='ltr'><em>unum,</em></span> 
     </span>
     <span class='ocr_line' id='line_1_74' title="bbox 1038 701 1884 737; baseline 0.005 -8"><span class='ocrx_word' id='word_1_532' title='bbox 1038 701 1204 730; x_wconf 86' lang='lat' dir='ltr'><em>conscientia</em></span> <span class='ocrx_word' id='word_1_533' title='bbox 1225 701 1258 729; x_wconf 85' lang='lat' dir='ltr'><em>ad</em></span> <span class='ocrx_word' id='word_1_534' title='bbox 1279 701 1362 730; x_wconf 87' lang='lat' dir='ltr'><em>aliud.</em></span> <span class='ocrx_word' id='word_1_535' title='bbox 1389 702 1464 737; x_wconf 84' lang='lat' dir='ltr'><em>Item,</em></span> <span class='ocrx_word' id='word_1_536' title='bbox 1485 703 1620 731; x_wconf 87' lang='lat' dir='ltr'><em>discordia</em></span> <span class='ocrx_word' id='word_1_537' title='bbox 1641 708 1681 732; x_wconf 85' lang='lat' dir='ltr'><em>est</em></span> <span class='ocrx_word' id='word_1_538' title='bbox 1702 704 1773 733; x_wconf 87' lang='lat' dir='ltr'><em>inter</em></span> <span class='ocrx_word' id='word_1_539' title='bbox 1795 704 1884 733; x_wconf 89' lang='lat' dir='ltr'><em>ratio-</em></span> 
     </span>
    </p>

    <p class='ocr_par' dir='ltr' id='par_1_20' title="bbox 1038 748 1884 830">
     <span class='ocr_line' id='line_1_75' title="bbox 1038 748 1882 785; baseline 0.006 -10"><span class='ocrx_word' id='word_1_540' title='bbox 1038 756 1104 776; x_wconf 84' lang='lat' dir='ltr'><em>nem</em></span> <span class='ocrx_word' id='word_1_541' title='bbox 1125 751 1152 776; x_wconf 89' lang='lat' dir='ltr'><em>et</em></span> <span class='ocrx_word' id='word_1_542' title='bbox 1172 748 1401 783; x_wconf 80' lang='lat' dir='ltr'><em>sensualitatem,</em></span> <span class='ocrx_word' id='word_1_543' title='bbox 1423 749 1488 785; x_wconf 88' lang='lat' dir='ltr'><em>quia</em></span> <span class='ocrx_word' id='word_1_544' title='bbox 1509 750 1579 778; x_wconf 80' lang='lat' dir='ltr'><em>ratio</em></span> <span class='ocrx_word' id='word_1_545' title='bbox 1600 750 1683 779; x_wconf 90' lang='lat' dir='ltr'><em>dictat</em></span> <span class='ocrx_word' id='word_1_546' title='bbox 1703 759 1806 785; x_wconf 88' lang='lat' dir='ltr'><em>unum,</em></span> <span class='ocrx_word' id='word_1_547' title='bbox 1836 751 1882 780; x_wconf 90' lang='lat' dir='ltr'><em>sed</em></span> 
     </span>
     <span class='ocr_line' id='line_1_76' title="bbox 1039 795 1884 830; baseline 0.004 -7"><span class='ocrx_word' id='word_1_548' title='bbox 1039 795 1202 824; x_wconf 85' lang='lat' dir='ltr'><em>sensualitas</em></span> <span class='ocrx_word' id='word_1_549' title='bbox 1224 799 1314 824; x_wconf 86' lang='lat' dir='ltr'><em>movet</em></span> <span class='ocrx_word' id='word_1_550' title='bbox 1336 795 1369 824; x_wconf 90' lang='lat' dir='ltr'><em>ad</em></span> <span class='ocrx_word' id='word_1_551' title='bbox 1391 796 1480 830; x_wconf 88' lang='lat' dir='ltr'><em>aliud;</em></span> <span class='ocrx_word' id='word_1_552' title='bbox 1503 796 1555 825; x_wconf 84' lang='lat' dir='ltr'><em>hoc</em></span> <span class='ocrx_word' id='word_1_553' title='bbox 1582 800 1672 825; x_wconf 88' lang='lat' dir='ltr'><em>autem</em></span> <span class='ocrx_word' id='word_1_554' title='bbox 1704 801 1745 826; x_wconf 87' lang='lat' dir='ltr'><em>est</em></span> <span class='ocrx_word' id='word_1_555' title='bbox 1768 801 1884 826; x_wconf 86' lang='lat' dir='ltr'><em>naturae</em></span> 
     </span>
    </p>

    <p class='ocr_par' dir='ltr' id='par_1_21' title="bbox 1040 843 1883 880">
     <span class='ocr_line' id='line_1_77' title="bbox 1040 843 1883 880; baseline 0.002 -10"><span class='ocrx_word' id='word_1_556' title='bbox 1040 843 1131 879; x_wconf 88' lang='lat' dir='ltr'><em>lapsae</em></span> <span class='ocrx_word' id='word_1_557' title='bbox 1153 845 1180 871; x_wconf 88' lang='lat' dir='ltr'><em>et</em></span> <span class='ocrx_word' id='word_1_558' title='bbox 1201 845 1358 879; x_wconf 80' lang='lat' dir='ltr'><em>corruptae,</em></span> <span class='ocrx_word' id='word_1_559' title='bbox 1379 846 1405 871; x_wconf 88' lang='lat' dir='ltr'><em>et</em></span> <span class='ocrx_word' id='word_1_560' title='bbox 1427 843 1500 871; x_wconf 89' lang='lat' dir='ltr'><em>istud</em></span> <span class='ocrx_word' id='word_1_561' title='bbox 1521 843 1600 872; x_wconf 88' lang='lat' dir='ltr'><em>docet</em></span> <span class='ocrx_word' id='word_1_562' title='bbox 1627 852 1705 872; x_wconf 86' lang='lat' dir='ltr'><em>sacra</em></span> <span class='ocrx_word' id='word_1_563' title='bbox 1726 844 1883 880; x_wconf 84' lang='lat' dir='ltr'><em>Scriptura,</em></span> 
     </span>
    </p>

    <p class='ocr_par' dir='ltr' id='par_1_22' title="bbox 1040 889 1885 927">
     <span class='ocr_line' id='line_1_78' title="bbox 1040 889 1885 927; baseline 0.002 -10"><span class='ocrx_word' id='word_1_564' title='bbox 1040 897 1093 917; x_wconf 92' lang='lat' dir='ltr'><em>non</em></span> <span class='ocrx_word' id='word_1_565' title='bbox 1115 889 1298 926; x_wconf 86' lang='lat' dir='ltr'><em>philosophia.</em></span> <span class='ocrx_word' id='word_1_566' title='bbox 1321 889 1396 923; x_wconf 88' lang='lat' dir='ltr'><em>ltem,</em></span> <span class='ocrx_word' id='word_1_567' title='bbox 1418 898 1489 917; x_wconf 86' lang='lat' dir='ltr'><em>earo</em></span> <span class='ocrx_word' id='word_1_568' title='bbox 1507 893 1643 927; x_wconf 83' lang='lat' dir='ltr'><em>repugnat</em></span> <span class='ocrx_word' id='word_1_569' title='bbox 1669 890 1799 927; x_wconf 87' lang='lat' dir='ltr'><em>spiritui,</em></span> <span class='ocrx_word' id='word_1_570' title='bbox 1821 891 1885 927; x_wconf 86' lang='lat' dir='ltr'><em>quia</em></span> 
     </span>
    </p>

    <p class='ocr_par' dir='ltr' id='par_1_23' title="bbox 1041 936 1886 973">
     <span class='ocr_line' id='line_1_79' title="bbox 1041 936 1886 973; baseline 0.001 -9"><span class='ocrx_word' id='word_1_571' title='bbox 1041 944 1111 964; x_wconf 86' lang='lat' dir='ltr'><em>caro</em></span> <span class='ocrx_word' id='word_1_572' title='bbox 1123 936 1303 973; x_wconf 75' lang='lat' dir='ltr'><em>concupiscit</em></span> <span class='ocrx_word' id='word_1_573' title='bbox 1313 936 1457 964; x_wconf 74' lang='lat' dir='ltr'><em>adversus</em></span> <span class='ocrx_word' id='word_1_574' title='bbox 1467 936 1641 973; x_wconf 84' lang='lat' dir='ltr'><em>spiritumet</em></span> <span class='ocrx_word' id='word_1_575' title='bbox 1651 937 1774 973; x_wconf 84' lang='lat' dir='ltr'><em>spiritus</em></span> <span class='ocrx_word' id='word_1_576' title='bbox 1786 937 1886 965; x_wconf 75' lang='lat' dir='ltr'><em>adver-</em></span> 
     </span>
    </p>

    <p class='ocr_par' dir='ltr' id='par_1_24' title="bbox 1040 982 1886 1016">
     <span class='ocr_line' id='line_1_80' title="bbox 1040 982 1886 1016; baseline 0 -5"><span class='ocrx_word' id='word_1_577' title='bbox 1040 992 1092 1011; x_wconf 84' lang='lat' dir='ltr'><em>sus</em></span> <span class='ocrx_word' id='word_1_578' title='bbox 1107 983 1254 1011; x_wconf 76' lang='lat' dir='ltr'><em>earnem-²³.</em></span> <span class='ocrx_word' id='word_1_579' title='bbox 1271 983 1347 1016; x_wconf 85' lang='lat' dir='ltr'><em>item,</em></span> <span class='ocrx_word' id='word_1_580' title='bbox 1368 983 1504 1012; x_wconf 86' lang='lat' dir='ltr'><em>discordia</em></span> <span class='ocrx_word' id='word_1_581' title='bbox 1518 983 1588 1011; x_wconf 85' lang='lat' dir='ltr'><em>facta</em></span> <span class='ocrx_word' id='word_1_582' title='bbox 1603 987 1644 1012; x_wconf 88' lang='lat' dir='ltr'><em>est</em></span> <span class='ocrx_word' id='word_1_583' title='bbox 1658 984 1729 1012; x_wconf 88' lang='lat' dir='ltr'><em>inter</em></span> <span class='ocrx_word' id='word_1_584' title='bbox 1745 982 1886 1012; x_wconf 81' lang='lat' dir='ltr'><em>hominem</em></span> 
     </span>
    </p>

    <p class='ocr_par' dir='ltr' id='par_1_25' title="bbox 1041 1030 1887 1067">
     <span class='ocr_line' id='line_1_81' title="bbox 1041 1030 1887 1067; baseline 0 -9"><span class='ocrx_word' id='word_1_585' title='bbox 1041 1033 1068 1059; x_wconf 91' lang='lat' dir='ltr'><em>et</em></span> <span class='ocrx_word' id='word_1_586' title='bbox 1085 1030 1277 1067; x_wconf 74' lang='lat' dir='ltr'><em>proximum‚·</em></span> <span class='ocrx_word' id='word_1_587' title='bbox 1294 1030 1408 1058; x_wconf 88' lang='lat' dir='ltr'><em>deberet</em></span> <span class='ocrx_word' id='word_1_588' title='bbox 1422 1038 1496 1058; x_wconf 84' lang='lat' dir='ltr'><em>nnus</em></span> <span class='ocrx_word' id='word_1_589' title='bbox 1510 1030 1594 1058; x_wconf 88' lang='lat' dir='ltr'><em>alium</em></span> <span class='ocrx_word' id='word_1_590' title='bbox 1609 1030 1735 1067; x_wconf 73' lang='lat' dir='ltr'><em>diligere3</em></span> <span class='ocrx_word' id='word_1_591' title='bbox 1751 1030 1798 1058; x_wconf 83' lang='lat' dir='ltr'><em>vix</em></span> <span class='ocrx_word' id='word_1_592' title='bbox 1814 1038 1887 1059; x_wconf 86' lang='lat' dir='ltr'><em>unus</em></span> 
     </span>
    </p>

    <p class='ocr_par' dir='ltr' id='par_1_26' title="bbox 1041 1076 1885 1114">
     <span class='ocr_line' id='line_1_82' title="bbox 1041 1076 1885 1114; baseline 0 -9"><span class='ocrx_word' id='word_1_593' title='bbox 1041 1077 1129 1114; x_wconf 81' lang='lat' dir='ltr'><em>diligit</em></span> <span class='ocrx_word' id='word_1_594' title='bbox 1150 1076 1290 1113; x_wconf 84' lang='lat' dir='ltr'><em>reliquum</em></span> <span class='ocrx_word' id='word_1_595' title='bbox 1309 1076 1378 1113; x_wconf 89' lang='lat' dir='ltr'><em>(sic),</em></span> <span class='ocrx_word' id='word_1_596' title='bbox 1394 1076 1479 1105; x_wconf 90' lang='lat' dir='ltr'><em>immo</em></span> <span class='ocrx_word' id='word_1_597' title='bbox 1494 1077 1580 1105; x_wconf 88' lang='lat' dir='ltr'><em>frater</em></span> <span class='ocrx_word' id='word_1_598' title='bbox 1595 1077 1651 1105; x_wconf 87' lang='lat' dir='ltr'><em>odit</em></span> <span class='ocrx_word' id='word_1_599' title='bbox 1666 1076 1779 1105; x_wconf 83' lang='lat' dir='ltr'><em>fratrem</em></span> <span class='ocrx_word' id='word_1_600' title='bbox 1795 1085 1885 1105; x_wconf 88' lang='lat' dir='ltr'><em>suum.</em></span> 
     </span>
    </p>

    <p class='ocr_par' dir='ltr' id='par_1_27' title="bbox 1043 1122 1888 1157">
     <span class='ocr_line' id='line_1_83' title="bbox 1043 1122 1888 1157; baseline 0 -6"><span class='ocrx_word' id='word_1_601' title='bbox 1043 1123 1117 1157; x_wconf 88' lang='lat' dir='ltr'><em>Item,</em></span> <span class='ocrx_word' id='word_1_602' title='bbox 1139 1123 1276 1151; x_wconf 85' lang='lat' dir='ltr'><em>discordia</em></span> <span class='ocrx_word' id='word_1_603' title='bbox 1296 1122 1349 1151; x_wconf 87' lang='lat' dir='ltr'><em>fuit</em></span> <span class='ocrx_word' id='word_1_604' title='bbox 1363 1123 1435 1151; x_wconf 86' lang='lat' dir='ltr'><em>inter</em></span> <span class='ocrx_word' id='word_1_605' title='bbox 1457 1122 1598 1151; x_wconf 86' lang='lat' dir='ltr'><em>hominem</em></span> <span class='ocrx_word' id='word_1_606' title='bbox 1615 1126 1641 1151; x_wconf 92' lang='lat' dir='ltr'><em>et</em></span> <span class='ocrx_word' id='word_1_607' title='bbox 1656 1123 1827 1151; x_wconf 80' lang='lat' dir='ltr'><em>universum</em></span> <span class='ocrx_word' id='word_1_608' title='bbox 1842 1132 1888 1151; x_wconf 87' lang='lat' dir='ltr'><em>or-</em></span> 
     </span>
    </p>

    <p class='ocr_par' dir='ltr' id='par_1_28' title="bbox 1043 1169 2030 1347">
     <span class='ocr_line' id='line_1_84' title="bbox 1043 1169 2026 1211; baseline 0 -13"><span class='ocrx_word' id='word_1_609' title='bbox 1043 1170 1112 1199; x_wconf 89' lang='lat' dir='ltr'><em>bem.</em></span> <span class='ocrx_word' id='word_1_610' title='bbox 1136 1186 1171 1191; x_wconf 94' lang='lat'><em>-—-</em></span> <span class='ocrx_word' id='word_1_611' title='bbox 1195 1170 1262 1206; x_wconf 88' lang='lat' dir='ltr'><em>Quis</em></span> <span class='ocrx_word' id='word_1_612' title='bbox 1284 1173 1376 1206; x_wconf 86' lang='lat' dir='ltr'><em>posset</em></span> <span class='ocrx_word' id='word_1_613' title='bbox 1402 1170 1454 1198; x_wconf 87' lang='lat' dir='ltr'><em>ista</em></span> <span class='ocrx_word' id='word_1_614' title='bbox 1476 1170 1669 1204; x_wconf 87' lang='lat' dir='ltr'><em>reconciliare,</em></span> <span class='ocrx_word' id='word_1_615' title='bbox 1692 1170 1835 1205; x_wconf 84' lang='lat' dir='ltr'><em>pacificare</em></span> <span class='ocrx_word' id='word_1_616' title='bbox 1863 1172 1890 1198; x_wconf 87' lang='lat' dir='ltr'><em>et</em></span> <span class='ocrx_word' id='word_1_617' title='bbox 1907 1169 2026 1211; x_wconf 50' lang='lat' dir='ltr'><em>{fflffiffi</em></span> 
     </span>
     <span class='ocr_line' id='line_1_85' title="bbox 1043 1216 2030 1262; baseline 0 -17"><span class='ocrx_word' id='word_1_618' title='bbox 1043 1218 1070 1246; x_wconf 90' lang='lat' dir='ltr'><em>in</em></span> <span class='ocrx_word' id='word_1_619' title='bbox 1088 1225 1175 1245; x_wconf 86' lang='lat' dir='ltr'><em>unum</em></span> <span class='ocrx_word' id='word_1_620' title='bbox 1192 1217 1374 1253; x_wconf 80' lang='lat' dir='ltr'><em>recolligere?</em></span> <span class='ocrx_word' id='word_1_621' title='bbox 1391 1217 1441 1245; x_wconf 86' lang='lat' dir='ltr'><em>Per</em></span> <span class='ocrx_word' id='word_1_622' title='bbox 1456 1225 1539 1253; x_wconf 89' lang='lat' dir='ltr'><em>quem</em></span> <span class='ocrx_word' id='word_1_623' title='bbox 1556 1217 1602 1245; x_wconf 83' lang='lat' dir='ltr'><em>fiet</em></span> <span class='ocrx_word' id='word_1_624' title='bbox 1616 1217 1705 1245; x_wconf 83' lang='lat' dir='ltr'><em>illud?</em></span> <span class='ocrx_word' id='word_1_625' title='bbox 1720 1217 1794 1250; x_wconf 87' lang='lat' dir='ltr'><em>Dico,</em></span> <span class='ocrx_word' id='word_1_626' title='bbox 1816 1217 1888 1253; x_wconf 91' lang='lat' dir='ltr'><em>quod</em></span> <span class='ocrx_word' id='word_1_627' title='bbox 1901 1216 2030 1262; x_wconf 49' lang='lat'><em>133032233,</em></span> 
     </span>
     <span class='ocr_line' id='line_1_86' title="bbox 1043 1263 1983 1300; baseline -0.001 -8"><span class='ocrx_word' id='word_1_628' title='bbox 1043 1264 1091 1292; x_wconf 88' lang='lat' dir='ltr'><em>fiet</em></span> <span class='ocrx_word' id='word_1_629' title='bbox 1111 1264 1185 1292; x_wconf 91' lang='lat' dir='ltr'><em>istud</em></span> <span class='ocrx_word' id='word_1_630' title='bbox 1207 1272 1256 1300; x_wconf 88' lang='lat' dir='ltr'><em>per</em></span> <span class='ocrx_word' id='word_1_631' title='bbox 1277 1263 1355 1292; x_wconf 90' lang='lat' dir='ltr'><em>illum</em></span> <span class='ocrx_word' id='word_1_632' title='bbox 1377 1263 1423 1300; x_wconf 86' lang='lat' dir='ltr'><em>qui</em></span> <span class='ocrx_word' id='word_1_633' title='bbox 1447 1263 1630 1292; x_wconf 85' lang='lat' dir='ltr'><em>universalem</em></span> <span class='ocrx_word' id='word_1_634' title='bbox 1660 1263 1742 1292; x_wconf 86' lang='lat' dir='ltr'><em>habet</em></span> <span class='ocrx_word' id='word_1_635' title='bbox 1774 1267 1892 1300; x_wconf 84' lang='lat' dir='ltr'><em>potesta-</em></span> <span class='ocrx_word' id='word_1_636' title='bbox 1948 1264 1983 1280; x_wconf 53' lang='grc' dir='ltr'><em>ΜΓ·</em></span> 
     </span>
     <span class='ocr_line' id='line_1_87' title="bbox 1045 1309 1891 1347; baseline -0.001 -8"><span class='ocrx_word' id='word_1_637' title='bbox 1045 1314 1100 1340; x_wconf 89' lang='lat' dir='ltr'><em>tem</em></span> <span class='ocrx_word' id='word_1_638' title='bbox 1123 1318 1207 1347; x_wconf 86' lang='lat' dir='ltr'><em>super</em></span> <span class='ocrx_word' id='word_1_639' title='bbox 1229 1318 1338 1339; x_wconf 88' lang='lat' dir='ltr'><em>omnem</em></span> <span class='ocrx_word' id='word_1_640' title='bbox 1361 1313 1527 1343; x_wconf 86' lang='lat' dir='ltr'><em>creaturam,</em></span> <span class='ocrx_word' id='word_1_641' title='bbox 1550 1311 1596 1347; x_wconf 91' lang='lat' dir='ltr'><em>qui</em></span> <span class='ocrx_word' id='word_1_642' title='bbox 1615 1309 1750 1347; x_wconf 77' lang='lat' dir='ltr'><em>Pontifex</em></span> <span class='ocrx_word' id='word_1_643' title='bbox 1764 1319 1891 1347; x_wconf 72' lang='lat' dir='ltr'><em>maynus</em></span> 
     </span>
    </p>

    <p class='ocr_par' dir='ltr' id='par_1_29' title="bbox 1045 1357 1897 1956">
     <span class='ocr_line' id='line_1_88' title="bbox 1045 1357 1892 1395; baseline 0 -10"><span class='ocrx_word' id='word_1_644' title='bbox 1045 1361 1098 1391; x_wconf 85' lang='lat' dir='ltr'><em>est,</em></span> <span class='ocrx_word' id='word_1_645' title='bbox 1120 1358 1172 1395; x_wconf 86' lang='lat' dir='ltr'><em>qui</em></span> <span class='ocrx_word' id='word_1_646' title='bbox 1190 1357 1353 1394; x_wconf 82' lang='lat' dir='ltr'><em>penetravit</em></span> <span class='ocrx_word' id='word_1_647' title='bbox 1373 1357 1466 1385; x_wconf 87' lang='lat' dir='ltr'><em>caelos</em></span> <span class='ocrx_word' id='word_1_648' title='bbox 1481 1357 1501 1385; x_wconf 83' lang='lat'><em>⁹.</em></span> <span class='ocrx_word' id='word_1_649' title='bbox 1525 1357 1569 1385; x_wconf 89' lang='lat' dir='ltr'><em>llle</em></span> <span class='ocrx_word' id='word_1_650' title='bbox 1598 1361 1648 1391; x_wconf 87' lang='lat' dir='ltr'><em>est,</em></span> <span class='ocrx_word' id='word_1_651' title='bbox 1670 1357 1716 1394; x_wconf 85' lang='lat' dir='ltr'><em>qui</em></span> <span class='ocrx_word' id='word_1_652' title='bbox 1746 1360 1787 1385; x_wconf 86' lang='lat' dir='ltr'><em>est</em></span> <span class='ocrx_word' id='word_1_653' title='bbox 1809 1364 1892 1385; x_wconf 84' lang='lat' dir='ltr'><em>verus</em></span> 
     </span>
     <span class='ocr_line' id='line_1_89' title="bbox 1045 1403 1892 1440; baseline -0.002 -7"><span class='ocrx_word' id='word_1_654' title='bbox 1045 1405 1119 1433; x_wconf 86' lang='lat' dir='ltr'><em>Deus</em></span> <span class='ocrx_word' id='word_1_655' title='bbox 1140 1407 1167 1433; x_wconf 90' lang='lat' dir='ltr'><em>et</em></span> <span class='ocrx_word' id='word_1_656' title='bbox 1189 1412 1272 1432; x_wconf 86' lang='lat' dir='ltr'><em>verus</em></span> <span class='ocrx_word' id='word_1_657' title='bbox 1293 1404 1384 1432; x_wconf 87' lang='lat' dir='ltr'><em>homo.</em></span> <span class='ocrx_word' id='word_1_658' title='bbox 1404 1403 1547 1440; x_wconf 82' lang='lat' dir='ltr'><em>Dissipati</em></span> <span class='ocrx_word' id='word_1_659' title='bbox 1560 1411 1684 1437; x_wconf 87' lang='lat' dir='ltr'><em>eramus,</em></span> <span class='ocrx_word' id='word_1_660' title='bbox 1706 1412 1760 1432; x_wconf 89' lang='lat' dir='ltr'><em>non</em></span> <span class='ocrx_word' id='word_1_661' title='bbox 1779 1403 1892 1431; x_wconf 85' lang='lat' dir='ltr'><em>coniun-</em></span> 
     </span>
     <span class='ocr_line' id='line_1_90' title="bbox 1045 1450 1892 1487; baseline -0.002 -7"><span class='ocrx_word' id='word_1_662' title='bbox 1045 1451 1094 1485; x_wconf 83' lang='lat' dir='ltr'><em>cti,</em></span> <span class='ocrx_word' id='word_1_663' title='bbox 1117 1451 1163 1480; x_wconf 90' lang='lat' dir='ltr'><em>sed</em></span> <span class='ocrx_word' id='word_1_664' title='bbox 1185 1451 1243 1487; x_wconf 88' lang='lat' dir='ltr'><em>ipse</em></span> <span class='ocrx_word' id='word_1_665' title='bbox 1269 1459 1318 1479; x_wconf 89' lang='lat' dir='ltr'><em>nos</em></span> <span class='ocrx_word' id='word_1_666' title='bbox 1348 1450 1494 1479; x_wconf 85' lang='lat' dir='ltr'><em>coniunxit</em></span> <span class='ocrx_word' id='word_1_667' title='bbox 1521 1451 1547 1478; x_wconf 90' lang='lat' dir='ltr'><em>in</em></span> <span class='ocrx_word' id='word_1_668' title='bbox 1578 1458 1628 1479; x_wconf 87' lang='lat' dir='ltr'><em>sua</em></span> <span class='ocrx_word' id='word_1_669' title='bbox 1656 1450 1789 1487; x_wconf 87' lang='lat' dir='ltr'><em>passione.</em></span> <span class='ocrx_word' id='word_1_670' title='bbox 1822 1450 1892 1478; x_wconf 90' lang='lat' dir='ltr'><em>Dicit</em></span> 
     </span>
     <span class='ocr_line' id='line_1_91' title="bbox 1045 1497 1890 1534; baseline -0.002 -8"><span class='ocrx_word' id='word_1_671' title='bbox 1045 1498 1186 1526; x_wconf 90' lang='lat' dir='ltr'><em>Christus:</em></span> <span class='ocrx_word' id='word_1_672' title='bbox 1210 1498 1416 1526; x_wconf 84' lang='lat' dir='ltr'><em>F&#39;renduerunt</em></span> <span class='ocrx_word' id='word_1_673' title='bbox 1446 1506 1536 1534; x_wconf 85' lang='lat' dir='ltr'><em>super</em></span> <span class='ocrx_word' id='word_1_674' title='bbox 1557 1506 1601 1525; x_wconf 87' lang='lat' dir='ltr'><em>me</em></span> <span class='ocrx_word' id='word_1_675' title='bbox 1622 1497 1754 1526; x_wconf 79' lang='lat' dir='ltr'><em>dentibus</em></span> <span class='ocrx_word' id='word_1_676' title='bbox 1781 1497 1844 1525; x_wconf 87' lang='lat' dir='ltr'><em>suis</em></span> <span class='ocrx_word' id='word_1_677' title='bbox 1860 1497 1890 1524; x_wconf 90' lang='lat'><em>¹0.</em></span> 
     </span>
     <span class='ocr_line' id='line_1_92' title="bbox 1047 1544 1894 1580; baseline -0.001 -7"><span class='ocrx_word' id='word_1_678' title='bbox 1047 1545 1116 1573; x_wconf 87' lang='lat' dir='ltr'><em>Cum</em></span> <span class='ocrx_word' id='word_1_679' title='bbox 1138 1545 1266 1573; x_wconf 90' lang='lat' dir='ltr'><em>Christus</em></span> <span class='ocrx_word' id='word_1_680' title='bbox 1287 1544 1399 1578; x_wconf 85' lang='lat' dir='ltr'><em>diceret,</em></span> <span class='ocrx_word' id='word_1_681' title='bbox 1421 1552 1450 1573; x_wconf 84' lang='lat' dir='ltr'><em>se</em></span> <span class='ocrx_word' id='word_1_682' title='bbox 1472 1552 1531 1573; x_wconf 86' lang='lat' dir='ltr'><em>esse</em></span> <span class='ocrx_word' id='word_1_683' title='bbox 1554 1544 1655 1572; x_wconf 90' lang='lat' dir='ltr'><em>bonum</em></span> <span class='ocrx_word' id='word_1_684' title='bbox 1678 1547 1825 1580; x_wconf 85' lang='lat' dir='ltr'><em>pastorem,</em></span> <span class='ocrx_word' id='word_1_685' title='bbox 1848 1552 1894 1572; x_wconf 88' lang='lat' dir='ltr'><em>vo-</em></span> 
     </span>
     <span class='ocr_line' id='line_1_93' title="bbox 1047 1590 1895 1628; baseline -0.002 -8"><span class='ocrx_word' id='word_1_686' title='bbox 1047 1592 1163 1620; x_wconf 85' lang='lat' dir='ltr'><em>luerunt</em></span> <span class='ocrx_word' id='word_1_687' title='bbox 1190 1591 1324 1620; x_wconf 87' lang='lat' dir='ltr'><em>devorare</em></span> <span class='ocrx_word' id='word_1_688' title='bbox 1345 1592 1465 1628; x_wconf 77' lang='lat' dir='ltr'><em>Agnum,</em></span> <span class='ocrx_word' id='word_1_689' title='bbox 1494 1591 1678 1619; x_wconf 85' lang='lat' dir='ltr'><em>sustulerunt</em></span> <span class='ocrx_word' id='word_1_690' title='bbox 1706 1590 1833 1628; x_wconf 84' lang='lat' dir='ltr'><em>lapides,</em></span> <span class='ocrx_word' id='word_1_691' title='bbox 1862 1595 1895 1619; x_wconf 90' lang='lat' dir='ltr'><em>ut</em></span> 
     </span>
     <span class='ocr_line' id='line_1_94' title="bbox 1046 1636 1893 1675; baseline -0.002 -8"><span class='ocrx_word' id='word_1_692' title='bbox 1046 1647 1112 1667; x_wconf 86' lang='lat' dir='ltr'><em>eum</em></span> <span class='ocrx_word' id='word_1_693' title='bbox 1133 1638 1308 1675; x_wconf 77' lang='lat' dir='ltr'><em>lapidarent.</em></span> <span class='ocrx_word' id='word_1_694' title='bbox 1336 1638 1410 1667; x_wconf 90' lang='lat' dir='ltr'><em>Unde</em></span> <span class='ocrx_word' id='word_1_695' title='bbox 1431 1638 1503 1666; x_wconf 82' lang='lat' dir='ltr'><em>dixit</em></span> <span class='ocrx_word' id='word_1_696' title='bbox 1525 1638 1599 1667; x_wconf 82' lang='lat' dir='ltr'><em>lesus</em></span> <span class='ocrx_word' id='word_1_697' title='bbox 1621 1638 1725 1666; x_wconf 86' lang='lat' dir='ltr'><em>ludaeis</em></span> <span class='ocrx_word' id='word_1_698' title='bbox 1740 1636 1779 1665; x_wconf 91' lang='lat'><em>¹¹:</em></span> <span class='ocrx_word' id='word_1_699' title='bbox 1802 1637 1893 1666; x_wconf 85' lang='lat' dir='ltr'><em>Multa</em></span> 
     </span>
     <span class='ocr_line' id='line_1_95' title="bbox 1048 1684 1895 1722; baseline -0.001 -9"><span class='ocrx_word' id='word_1_700' title='bbox 1048 1685 1123 1713; x_wconf 89' lang='lat' dir='ltr'><em>bona</em></span> <span class='ocrx_word' id='word_1_701' title='bbox 1152 1694 1241 1722; x_wconf 80' lang='lat' dir='ltr'><em>opera</em></span> <span class='ocrx_word' id='word_1_702' title='bbox 1270 1685 1382 1713; x_wconf 82' lang='lat' dir='ltr'><em>ostendi</em></span> <span class='ocrx_word' id='word_1_703' title='bbox 1411 1684 1508 1718; x_wconf 77' lang='lat' dir='ltr'><em>vobis,·</em></span> <span class='ocrx_word' id='word_1_704' title='bbox 1537 1688 1657 1721; x_wconf 89' lang='lat' dir='ltr'><em>propter</em></span> <span class='ocrx_word' id='word_1_705' title='bbox 1689 1685 1764 1722; x_wconf 85' lang='lat' dir='ltr'><em>qaod</em></span> <span class='ocrx_word' id='word_1_706' title='bbox 1794 1692 1895 1712; x_wconf 87' lang='lat' dir='ltr'><em>eorum</em></span> 
     </span>
     <span class='ocr_line' id='line_1_96' title="bbox 1048 1731 1895 1769; baseline -0.001 -9"><span class='ocrx_word' id='word_1_707' title='bbox 1048 1741 1121 1769; x_wconf 90' lang='lat' dir='ltr'><em>opus</em></span> <span class='ocrx_word' id='word_1_708' title='bbox 1143 1741 1186 1761; x_wconf 85' lang='lat' dir='ltr'><em>me</em></span> <span class='ocrx_word' id='word_1_709' title='bbox 1215 1732 1378 1769; x_wconf 71' lang='lat' dir='ltr'><em>lapidatis?</em></span> <span class='ocrx_word' id='word_1_710' title='bbox 1408 1732 1627 1768; x_wconf 82' lang='lat' dir='ltr'><em>Responderunt</em></span> <span class='ocrx_word' id='word_1_711' title='bbox 1654 1731 1680 1759; x_wconf 89' lang='lat' dir='ltr'><em>ei</em></span> <span class='ocrx_word' id='word_1_712' title='bbox 1707 1731 1826 1759; x_wconf 84' lang='lat' dir='ltr'><em>ludaei:</em></span> <span class='ocrx_word' id='word_1_713' title='bbox 1856 1731 1895 1759; x_wconf 91' lang='lat' dir='ltr'><em>De</em></span> 
     </span>
     <span class='ocr_line' id='line_1_97' title="bbox 1049 1778 1897 1816; baseline -0.001 -9"><span class='ocrx_word' id='word_1_714' title='bbox 1049 1779 1121 1807; x_wconf 90' lang='lat' dir='ltr'><em>bono</em></span> <span class='ocrx_word' id='word_1_715' title='bbox 1143 1787 1236 1816; x_wconf 86' lang='lat' dir='ltr'><em>opere,</em></span> <span class='ocrx_word' id='word_1_716' title='bbox 1258 1778 1332 1815; x_wconf 87' lang='lat' dir='ltr'><em>quod</em></span> <span class='ocrx_word' id='word_1_717' title='bbox 1354 1778 1506 1812; x_wconf 77' lang='lat' dir='ltr'><em>ostendisti,</em></span> <span class='ocrx_word' id='word_1_718' title='bbox 1527 1786 1584 1806; x_wconf 90' lang='lat' dir='ltr'><em>non</em></span> <span class='ocrx_word' id='word_1_719' title='bbox 1608 1778 1776 1815; x_wconf 84' lang='lat' dir='ltr'><em>lapidamus</em></span> <span class='ocrx_word' id='word_1_720' title='bbox 1798 1781 1830 1812; x_wconf 89' lang='lat' dir='ltr'><em>te,</em></span> <span class='ocrx_word' id='word_1_721' title='bbox 1847 1778 1897 1806; x_wconf 79' lang='lat' dir='ltr'><em>secl</em></span> 
     </span>
     <span class='ocr_line' id='line_1_98' title="bbox 1049 1824 1896 1864; baseline -0.001 -10"><span class='ocrx_word' id='word_1_722' title='bbox 1049 1826 1082 1854; x_wconf 81' lang='lat' dir='ltr'><em>de</em></span> <span class='ocrx_word' id='word_1_723' title='bbox 1104 1825 1293 1863; x_wconf 88' lang='lat' dir='ltr'><em>blasphemia,</em></span> <span class='ocrx_word' id='word_1_724' title='bbox 1315 1830 1341 1854; x_wconf 88' lang='lat' dir='ltr'><em>et</em></span> <span class='ocrx_word' id='word_1_725' title='bbox 1355 1826 1426 1864; x_wconf 85' lang='lat' dir='ltr'><em>quia</em></span> <span class='ocrx_word' id='word_1_726' title='bbox 1448 1829 1488 1859; x_wconf 90' lang='lat' dir='ltr'><em>tu,</em></span> <span class='ocrx_word' id='word_1_727' title='bbox 1511 1824 1593 1853; x_wconf 90' lang='lat' dir='ltr'><em>homo</em></span> <span class='ocrx_word' id='word_1_728' title='bbox 1615 1833 1680 1853; x_wconf 88' lang='lat' dir='ltr'><em>eum</em></span> <span class='ocrx_word' id='word_1_729' title='bbox 1701 1825 1752 1859; x_wconf 87' lang='lat' dir='ltr'><em>sis,</em></span> <span class='ocrx_word' id='word_1_730' title='bbox 1773 1824 1851 1862; x_wconf 82' lang='lat' dir='ltr'><em>facis</em></span> <span class='ocrx_word' id='word_1_731' title='bbox 1872 1828 1896 1853; x_wconf 89' lang='lat' dir='ltr'><em>te</em></span> 
     </span>
     <span class='ocr_line' id='line_1_99' title="bbox 1050 1871 1895 1910; baseline -0.002 -9"><span class='ocrx_word' id='word_1_732' title='bbox 1050 1874 1148 1910; x_wconf 85' lang='lat' dir='ltr'><em>ipsum</em></span> <span class='ocrx_word' id='word_1_733' title='bbox 1165 1873 1264 1901; x_wconf 85' lang='lat' dir='ltr'><em>Deum.</em></span> <span class='ocrx_word' id='word_1_734' title='bbox 1282 1873 1485 1909; x_wconf 83' lang='lat' dir='ltr'><em>Lapidaverunt</em></span> <span class='ocrx_word' id='word_1_735' title='bbox 1502 1874 1521 1900; x_wconf 87' lang='lat' dir='ltr'><strong><em>A</em></strong></span> <span class='ocrx_word' id='word_1_736' title='bbox 1527 1880 1633 1909; x_wconf 69' lang='lat' dir='ltr'><em>ynam,</em></span> <span class='ocrx_word' id='word_1_737' title='bbox 1650 1871 1674 1900; x_wconf 90' lang='lat' dir='ltr'><em>id</em></span> <span class='ocrx_word' id='word_1_738' title='bbox 1690 1874 1732 1900; x_wconf 88' lang='lat' dir='ltr'><em>est</em></span> <span class='ocrx_word' id='word_1_739' title='bbox 1745 1872 1895 1906; x_wconf 86' lang='lat' dir='ltr'><em>Christum,</em></span> 
     </span>
     <span class='ocr_line' id='line_1_100' title="bbox 1050 1919 1451 1956; baseline -0.002 -8"><span class='ocrx_word' id='word_1_740' title='bbox 1050 1924 1074 1948; x_wconf 87' lang='lat' dir='ltr'><em>et</em></span> <span class='ocrx_word' id='word_1_741' title='bbox 1095 1929 1170 1954; x_wconf 83' lang='lat' dir='ltr'><em>oves,</em></span> <span class='ocrx_word' id='word_1_742' title='bbox 1191 1920 1218 1948; x_wconf 89' lang='lat' dir='ltr'><em>id</em></span> <span class='ocrx_word' id='word_1_743' title='bbox 1240 1923 1281 1949; x_wconf 86' lang='lat' dir='ltr'><em>est</em></span> <span class='ocrx_word' id='word_1_744' title='bbox 1302 1919 1451 1956; x_wconf 84' lang='lat' dir='ltr'><em>Apostolos.</em></span> 
     </span>
    </p>

    <p class='ocr_par' dir='ltr' id='par_1_30' title="bbox 1051 1966 1901 2615">
     <span class='ocr_line' id='line_1_101' title="bbox 1128 1966 1896 2004; baseline -0.003 -8"><span class='ocrx_word' id='word_1_745' title='bbox 1128 1968 1200 1996; x_wconf 88' lang='lat' dir='ltr'><em>Dicit</em></span> <span class='ocrx_word' id='word_1_746' title='bbox 1215 1975 1295 2004; x_wconf 83' lang='lat' dir='ltr'><em>ergo:</em></span> <span class='ocrx_word' id='word_1_747' title='bbox 1312 1967 1424 1995; x_wconf 75' lang='lat' dir='ltr'><em>Mettius</em></span> <span class='ocrx_word' id='word_1_748' title='bbox 1442 1970 1571 1995; x_wconf 80' lang='lat' dir='ltr'><em>vestrum</em></span> <span class='ocrx_word' id='word_1_749' title='bbox 1592 1966 1680 1999; x_wconf 91' lang='lat' dir='ltr'><em>stetit,</em></span> <span class='ocrx_word' id='word_1_750' title='bbox 1702 1966 1772 1994; x_wconf 88' lang='lat' dir='ltr'><em>mira</em></span> <span class='ocrx_word' id='word_1_751' title='bbox 1793 1966 1896 2003; x_wconf 67' lang='lat' dir='ltr'><em>diona-</em></span> 
     </span>
     <span class='ocr_line' id='line_1_102' title="bbox 1051 2012 1897 2053; baseline -0.004 -10"><span class='ocrx_word' id='word_1_752' title='bbox 1051 2015 1089 2043; x_wconf 88' lang='lat' dir='ltr'><em>tio</em></span> <span class='ocrx_word' id='word_1_753' title='bbox 1098 2025 1107 2048; x_wconf 89' lang='lat'><em>;</em></span> <span class='ocrx_word' id='word_1_754' title='bbox 1122 2023 1206 2053; x_wconf 83' lang='lat' dir='ltr'><em>quem</em></span> <span class='ocrx_word' id='word_1_755' title='bbox 1220 2023 1270 2042; x_wconf 81' lang='lat' dir='ltr'><em>vos</em></span> <span class='ocrx_word' id='word_1_756' title='bbox 1284 2014 1409 2047; x_wconf 83' lang='lat' dir='ltr'><em>nescitis,</em></span> <span class='ocrx_word' id='word_1_757' title='bbox 1425 2021 1503 2047; x_wconf 86' lang='lat' dir='ltr'><em>ecce;</em></span> <span class='ocrx_word' id='word_1_758' title='bbox 1520 2013 1683 2042; x_wconf 87' lang='lat' dir='ltr'><em>miserabilis</em></span> <span class='ocrx_word' id='word_1_759' title='bbox 1698 2012 1897 2050; x_wconf 62' lang='lat' dir='ltr'><em>ingratitudo!</em></span> 
     </span>
     <span class='ocr_line' id='line_1_103' title="bbox 1051 2059 1899 2098; baseline -0.004 -8"><span class='ocrx_word' id='word_1_760' title='bbox 1051 2062 1120 2098; x_wconf 88' lang='lat' dir='ltr'><em>Quia</em></span> <span class='ocrx_word' id='word_1_761' title='bbox 1141 2061 1194 2089; x_wconf 84' lang='lat' dir='ltr'><em>fuit</em></span> <span class='ocrx_word' id='word_1_762' title='bbox 1208 2061 1370 2089; x_wconf 85' lang='lat' dir='ltr'><em>instructor</em></span> <span class='ocrx_word' id='word_1_763' title='bbox 1384 2069 1488 2094; x_wconf 76' lang='lat' dir='ltr'><em>verus,</em></span> <span class='ocrx_word' id='word_1_764' title='bbox 1504 2060 1564 2089; x_wconf 83' lang='lat' dir='ltr'><em>ideo</em></span> <span class='ocrx_word' id='word_1_765' title='bbox 1578 2060 1630 2088; x_wconf 79' lang='lat' dir='ltr'><em>fuit</em></span> <span class='ocrx_word' id='word_1_766' title='bbox 1649 2059 1812 2093; x_wconf 85' lang='lat' dir='ltr'><em>credibilis;</em></span> <span class='ocrx_word' id='word_1_767' title='bbox 1833 2060 1899 2096; x_wconf 87' lang='lat' dir='ltr'><em>quia</em></span> 
     </span>
     <span class='ocr_line' id='line_1_104' title="bbox 1051 2106 1898 2145; baseline -0.002 -9"><span class='ocrx_word' id='word_1_768' title='bbox 1051 2107 1231 2145; x_wconf 76' lang='lat' dir='ltr'><em>informator</em></span> <span class='ocrx_word' id='word_1_769' title='bbox 1258 2112 1396 2142; x_wconf 84' lang='lat' dir='ltr'><em>sanctus,</em></span> <span class='ocrx_word' id='word_1_770' title='bbox 1425 2108 1484 2136; x_wconf 88' lang='lat' dir='ltr'><em>ideo</em></span> <span class='ocrx_word' id='word_1_771' title='bbox 1513 2107 1681 2141; x_wconf 85' lang='lat' dir='ltr'><em>imitabilis,</em></span> <span class='ocrx_word' id='word_1_772' title='bbox 1710 2110 1736 2135; x_wconf 87' lang='lat' dir='ltr'><em>et</em></span> <span class='ocrx_word' id='word_1_773' title='bbox 1757 2106 1822 2143; x_wconf 86' lang='lat' dir='ltr'><em>quia</em></span> <span class='ocrx_word' id='word_1_774' title='bbox 1848 2106 1898 2134; x_wconf 84' lang='lat' dir='ltr'><em>fuit</em></span> 
     </span>
     <span class='ocr_line' id='line_1_105' title="bbox 1052 2153 1898 2192; baseline -0.004 -9"><span class='ocrx_word' id='word_1_775' title='bbox 1052 2159 1209 2192; x_wconf 85' lang='lat' dir='ltr'><em>reparator</em></span> <span class='ocrx_word' id='word_1_776' title='bbox 1230 2155 1315 2192; x_wconf 89' lang='lat' dir='ltr'><em>pius,</em></span> <span class='ocrx_word' id='word_1_777' title='bbox 1338 2155 1398 2183; x_wconf 89' lang='lat' dir='ltr'><em>ideo</em></span> <span class='ocrx_word' id='word_1_778' title='bbox 1423 2153 1591 2192; x_wconf 72' lang='lat' dir='ltr'><em>diliyibilis;</em></span> <span class='ocrx_word' id='word_1_779' title='bbox 1616 2154 1665 2182; x_wconf 88' lang='lat' dir='ltr'><em>sed·</em></span> <span class='ocrx_word' id='word_1_780' title='bbox 1688 2161 1736 2181; x_wconf 89' lang='lat' dir='ltr'><em>vos</em></span> <span class='ocrx_word' id='word_1_781' title='bbox 1761 2153 1788 2181; x_wconf 90' lang='lat' dir='ltr'><em>in</em></span> <span class='ocrx_word' id='word_1_782' title='bbox 1808 2153 1898 2189; x_wconf 89' lang='lat' dir='ltr'><em>ipsum</em></span> 
     </span>
     <span class='ocr_line' id='line_1_106' title="bbox 1052 2200 1899 2239; baseline -0.004 -8"><span class='ocrx_word' id='word_1_783' title='bbox 1052 2211 1107 2231; x_wconf 90' lang='lat' dir='ltr'><em>non</em></span> <span class='ocrx_word' id='word_1_784' title='bbox 1129 2202 1260 2236; x_wconf 85' lang='lat' dir='ltr'><em>creditis,</em></span> <span class='ocrx_word' id='word_1_785' title='bbox 1283 2202 1373 2238; x_wconf 80' lang='lat' dir='ltr'><em>ipsum</em></span> <span class='ocrx_word' id='word_1_786' title='bbox 1396 2210 1449 2230; x_wconf 90' lang='lat' dir='ltr'><em>non</em></span> <span class='ocrx_word' id='word_1_787' title='bbox 1471 2201 1638 2239; x_wconf 86' lang='lat' dir='ltr'><em>sequimini,</em></span> <span class='ocrx_word' id='word_1_788' title='bbox 1660 2201 1750 2237; x_wconf 88' lang='lat' dir='ltr'><em>ipsum</em></span> <span class='ocrx_word' id='word_1_789' title='bbox 1778 2208 1831 2228; x_wconf 89' lang='lat' dir='ltr'><em>non</em></span> <span class='ocrx_word' id='word_1_790' title='bbox 1855 2200 1899 2228; x_wconf 86' lang='lat' dir='ltr'><em>di-</em></span> 
     </span>
     <span class='ocr_line' id='line_1_107' title="bbox 1053 2248 1899 2287; baseline -0.005 -9"><span class='ocrx_word' id='word_1_791' title='bbox 1053 2249 1159 2287; x_wconf 72' lang='lat' dir='ltr'><em>liyitis:</em></span> <span class='ocrx_word' id='word_1_792' title='bbox 1182 2250 1241 2278; x_wconf 89' lang='lat' dir='ltr'><em>ideo</em></span> <span class='ocrx_word' id='word_1_793' title='bbox 1262 2250 1338 2277; x_wconf 88' lang='lat' dir='ltr'><em>stetit</em></span> <span class='ocrx_word' id='word_1_794' title='bbox 1359 2249 1390 2277; x_wconf 90' lang='lat' dir='ltr'><em>in</em></span> <span class='ocrx_word' id='word_1_795' title='bbox 1412 2248 1504 2276; x_wconf 79' lang='lat' dir='ltr'><em>medio</em></span> <span class='ocrx_word' id='word_1_796' title='bbox 1526 2251 1664 2281; x_wconf 74' lang='lat' dir='ltr'><em>vestrum,</em></span> <span class='ocrx_word' id='word_1_797' title='bbox 1680 2256 1760 2285; x_wconf 83' lang='lat' dir='ltr'><em>quem</em></span> <span class='ocrx_word' id='word_1_798' title='bbox 1785 2255 1833 2275; x_wconf 76' lang='lat' dir='ltr'><em>nos</em></span> <span class='ocrx_word' id='word_1_799' title='bbox 1853 2256 1899 2275; x_wconf 89' lang='lat' dir='ltr'><em>ne-</em></span> 
     </span>
     <span class='ocr_line' id='line_1_108' title="bbox 1052 2293 1900 2332; baseline -0.005 -7"><span class='ocrx_word' id='word_1_800' title='bbox 1052 2297 1141 2325; x_wconf 80' lang='lat' dir='ltr'><em>scitis.</em></span> <span class='ocrx_word' id='word_1_801' title='bbox 1155 2313 1191 2317; x_wconf 98' lang='lat'><strong>—</strong></span> <span class='ocrx_word' id='word_1_802' title='bbox 1204 2296 1360 2329; x_wconf 87' lang='lat' dir='ltr'><em>Videamus,</em></span> <span class='ocrx_word' id='word_1_803' title='bbox 1373 2296 1393 2324; x_wconf 87' lang='lat' dir='ltr'><em>si</em></span> <span class='ocrx_word' id='word_1_804' title='bbox 1408 2299 1501 2332; x_wconf 84' lang='lat' dir='ltr'><em>tangat</em></span> <span class='ocrx_word' id='word_1_805' title='bbox 1513 2303 1560 2323; x_wconf 86' lang='lat' dir='ltr'><em>vos</em></span> <span class='ocrx_word' id='word_1_806' title='bbox 1574 2294 1688 2323; x_wconf 82' lang='lat' dir='ltr'><em>verbum</em></span> <span class='ocrx_word' id='word_1_807' title='bbox 1704 2294 1786 2322; x_wconf 90' lang='lat' dir='ltr'><em>istud.</em></span> <span class='ocrx_word' id='word_1_808' title='bbox 1801 2293 1900 2330; x_wconf 89' lang='lat' dir='ltr'><em>Loqui-</em></span> 
     </span>
     <span class='ocr_line' id='line_1_109' title="bbox 1053 2340 1899 2380; baseline -0.005 -8"><span class='ocrx_word' id='word_1_809' title='bbox 1053 2348 1100 2372; x_wconf 90' lang='lat' dir='ltr'><em>tur</em></span> <span class='ocrx_word' id='word_1_810' title='bbox 1122 2343 1270 2380; x_wconf 73' lang='lat' dir='ltr'><em>Apostolis,</em></span> <span class='ocrx_word' id='word_1_811' title='bbox 1294 2343 1319 2371; x_wconf 86' lang='lat' dir='ltr'><em>in</em></span> <span class='ocrx_word' id='word_1_812' title='bbox 1339 2350 1459 2379; x_wconf 88' lang='lat' dir='ltr'><em>quorum</em></span> <span class='ocrx_word' id='word_1_813' title='bbox 1475 2341 1568 2369; x_wconf 83' lang='lat' dir='ltr'><em>medio</em></span> <span class='ocrx_word' id='word_1_814' title='bbox 1584 2341 1658 2369; x_wconf 87' lang='lat' dir='ltr'><em>stetit</em></span> <span class='ocrx_word' id='word_1_815' title='bbox 1673 2340 1808 2374; x_wconf 88' lang='lat' dir='ltr'><em>Christus,</em></span> <span class='ocrx_word' id='word_1_816' title='bbox 1823 2340 1899 2368; x_wconf 86' lang='lat' dir='ltr'><em>sieut</em></span> 
     </span>
     <span class='ocr_line' id='line_1_110' title="bbox 1054 2387 1901 2428; baseline -0.006 -9"><span class='ocrx_word' id='word_1_817' title='bbox 1054 2391 1099 2419; x_wconf 87' lang='lat' dir='ltr'><em>ille</em></span> <span class='ocrx_word' id='word_1_818' title='bbox 1111 2391 1162 2428; x_wconf 83' lang='lat' dir='ltr'><em>qui</em></span> <span class='ocrx_word' id='word_1_819' title='bbox 1173 2391 1325 2418; x_wconf 86' lang='lat' dir='ltr'><em>ministrat</em></span> <span class='ocrx_word' id='word_1_820' title='bbox 1337 2390 1369 2417; x_wconf 73' lang='lat'><em>¹².</em></span> <span class='ocrx_word' id='word_1_821' title='bbox 1384 2389 1452 2417; x_wconf 88' lang='lat' dir='ltr'><em>Dicit</em></span> <span class='ocrx_word' id='word_1_822' title='bbox 1467 2388 1595 2417; x_wconf 65' lang='lat' dir='ltr'><em>lsaiasffi:</em></span> <span class='ocrx_word' id='word_1_823' title='bbox 1615 2387 1737 2415; x_wconf 86' lang='lat' dir='ltr'><em>Verbum</em></span> <span class='ocrx_word' id='word_1_824' title='bbox 1750 2387 1830 2415; x_wconf 84' lang='lat' dir='ltr'><em>misit</em></span> <span class='ocrx_word' id='word_1_825' title='bbox 1847 2387 1901 2415; x_wconf 83' lang='lat' dir='ltr'><em>Do-</em></span> 
     </span>
     <span class='ocr_line' id='line_1_111' title="bbox 1054 2434 1900 2470; baseline -0.004 -5"><span class='ocrx_word' id='word_1_826' title='bbox 1054 2438 1154 2466; x_wconf 78' lang='lat' dir='ltr'><em>minus</em></span> <span class='ocrx_word' id='word_1_827' title='bbox 1175 2437 1206 2465; x_wconf 90' lang='lat' dir='ltr'><em>in</em></span> <span class='ocrx_word' id='word_1_828' title='bbox 1228 2436 1323 2470; x_wconf 81' lang='lat' dir='ltr'><em>Jacob,</em></span> <span class='ocrx_word' id='word_1_829' title='bbox 1342 2440 1366 2464; x_wconf 86' lang='lat' dir='ltr'><em>et</em></span> <span class='ocrx_word' id='word_1_830' title='bbox 1381 2436 1480 2464; x_wconf 78' lang='lat' dir='ltr'><em>eccidit</em></span> <span class='ocrx_word' id='word_1_831' title='bbox 1496 2436 1526 2463; x_wconf 88' lang='lat' dir='ltr'><em>in</em></span> <span class='ocrx_word' id='word_1_832' title='bbox 1542 2434 1642 2463; x_wconf 81' lang='lat' dir='ltr'><em>Israel.</em></span> <span class='ocrx_word' id='word_1_833' title='bbox 1659 2434 1728 2470; x_wconf 87' lang='lat' dir='ltr'><em>Quia</em></span> <span class='ocrx_word' id='word_1_834' title='bbox 1744 2434 1817 2462; x_wconf 90' lang='lat' dir='ltr'><em>venit</em></span> <span class='ocrx_word' id='word_1_835' title='bbox 1840 2442 1900 2462; x_wconf 90' lang='lat' dir='ltr'><em>ver-</em></span> 
     </span>
     <span class='ocr_line' id='line_1_112' title="bbox 1054 2480 1899 2519; baseline -0.005 -7"><span class='ocrx_word' id='word_1_836' title='bbox 1054 2485 1120 2513; x_wconf 88' lang='lat' dir='ltr'><em>bnm</em></span> <span class='ocrx_word' id='word_1_837' title='bbox 1149 2484 1182 2512; x_wconf 81' lang='lat' dir='ltr'><em>ad</em></span> <span class='ocrx_word' id='word_1_838' title='bbox 1204 2483 1384 2516; x_wconf 82' lang='lat' dir='ltr'><em>Christianos,</em></span> <span class='ocrx_word' id='word_1_839' title='bbox 1406 2486 1498 2519; x_wconf 83' lang='lat' dir='ltr'><em>posset</em></span> <span class='ocrx_word' id='word_1_840' title='bbox 1526 2481 1642 2510; x_wconf 89' lang='lat' dir='ltr'><em>verbum</em></span> <span class='ocrx_word' id='word_1_841' title='bbox 1672 2481 1724 2509; x_wconf 85' lang='lat' dir='ltr'><em>hoc</em></span> <span class='ocrx_word' id='word_1_842' title='bbox 1752 2480 1845 2509; x_wconf 86' lang='lat' dir='ltr'><em>venire</em></span> <span class='ocrx_word' id='word_1_843' title='bbox 1866 2480 1899 2509; x_wconf 89' lang='lat' dir='ltr'><em>ad</em></span> 
     </span>
     <span class='ocr_line' id='line_1_113' title="bbox 1057 2528 1900 2563; baseline -0.004 -4"><span class='ocrx_word' id='word_1_844' title='bbox 1057 2539 1111 2560; x_wconf 88' lang='lat' dir='ltr'><em>vos.</em></span> <span class='ocrx_word' id='word_1_845' title='bbox 1134 2531 1159 2559; x_wconf 91' lang='lat' dir='ltr'><em>Si</em></span> <span class='ocrx_word' id='word_1_846' title='bbox 1182 2539 1235 2559; x_wconf 89' lang='lat' dir='ltr'><em>non</em></span> <span class='ocrx_word' id='word_1_847' title='bbox 1258 2530 1370 2559; x_wconf 86' lang='lat' dir='ltr'><em>creditis</em></span> <span class='ocrx_word' id='word_1_848' title='bbox 1397 2530 1510 2558; x_wconf 84' lang='lat' dir='ltr'><em>doctori</em></span> <span class='ocrx_word' id='word_1_849' title='bbox 1536 2538 1609 2563; x_wconf 78' lang='lat' dir='ltr'><em>bero,</em></span> <span class='ocrx_word' id='word_1_850' title='bbox 1632 2529 1653 2558; x_wconf 91' lang='lat' dir='ltr'><em>si</em></span> <span class='ocrx_word' id='word_1_851' title='bbox 1675 2537 1729 2557; x_wconf 90' lang='lat' dir='ltr'><em>non</em></span> <span class='ocrx_word' id='word_1_852' title='bbox 1757 2528 1900 2556; x_wconf 88' lang='lat' dir='ltr'><em>imitamini</em></span> 
     </span>
     <span class='ocr_line' id='line_1_114' title="bbox 1055 2576 1899 2615; baseline -0.005 -9"><span class='ocrx_word' id='word_1_853' title='bbox 1055 2577 1278 2615; x_wconf 78' lang='lat' dir='ltr'><em>informatorem</em></span> <span class='ocrx_word' id='word_1_854' title='bbox 1293 2580 1444 2610; x_wconf 85' lang='lat' dir='ltr'><em>sanetum,</em></span> <span class='ocrx_word' id='word_1_855' title='bbox 1467 2577 1488 2605; x_wconf 87' lang='lat' dir='ltr'><em>si</em></span> <span class='ocrx_word' id='word_1_856' title='bbox 1505 2585 1557 2605; x_wconf 85' lang='lat' dir='ltr'><em>non</em></span> <span class='ocrx_word' id='word_1_857' title='bbox 1573 2576 1684 2613; x_wconf 81' lang='lat' dir='ltr'><em>diligitis</em></span> <span class='ocrx_word' id='word_1_858' title='bbox 1699 2578 1899 2612; x_wconf 85' lang='lat' dir='ltr'><em>reparatorem</em></span> 
     </span>
    </p>
   </div>
   <div class='ocr_carea' id='block_1_8' title="bbox 1914 1962 2043 2102">
    <p class='ocr_par' dir='ltr' id='par_1_31' title="bbox 1914 1962 2043 2102">
     <span class='ocr_line' id='line_1_115' title="bbox 1914 1962 2043 1981; baseline -0.008 0"><span class='ocrx_word' id='word_1_859' title='bbox 1914 1962 1982 1981; x_wconf 80' lang='lat' dir='ltr'><em>Contra</em></span> <span class='ocrx_word' id='word_1_860' title='bbox 1994 1962 2043 1980; x_wconf 80' lang='lat' dir='ltr'><em>hanc</em></span> 
     </span>
     <span class='ocr_line' id='line_1_116' title="bbox 1914 1986 2042 2009; baseline 0 -5"><span class='ocrx_word' id='word_1_861' title='bbox 1914 1986 2042 2009; x_wconf 79' lang='lat' dir='ltr'><em>dignationem</em></span> 
     </span>
     <span class='ocr_line' id='line_1_117' title="bbox 1929 2009 2029 2033; baseline 0 -6"><span class='ocrx_word' id='word_1_862' title='bbox 1929 2009 2029 2033; x_wconf 77' lang='lat' dir='ltr'><em>opponitur</em></span> 
     </span>
     <span class='ocr_line' id='line_1_118' title="bbox 1915 2032 2036 2051; baseline -0.008 0"><span class='ocrx_word' id='word_1_863' title='bbox 1915 2033 1995 2051; x_wconf 82' lang='lat' dir='ltr'><em>humana</em></span> <span class='ocrx_word' id='word_1_864' title='bbox 2008 2032 2036 2050; x_wconf 84' lang='lat' dir='ltr'><em>iu-</em></span> 
     </span>
     <span class='ocr_line' id='line_1_119' title="bbox 1927 2056 2019 2079; baseline 0 -5"><span class='ocrx_word' id='word_1_865' title='bbox 1927 2056 2019 2079; x_wconf 78' lang='lat' dir='ltr'><em>gratitudo</em></span> 
     </span>
     <span class='ocr_line' id='line_1_120' title="bbox 1921 2079 2026 2102; baseline -0.019 -4"><span class='ocrx_word' id='word_1_866' title='bbox 1921 2079 2026 2102; x_wconf 79' lang='lat' dir='ltr'><em>tripliciter.</em></span> 
     </span>
    </p>
   </div>
   <div class='ocr_carea' id='block_1_9' title="bbox 1917 2289 2030 2313">
    <p class='ocr_par' dir='ltr' id='par_1_32' title="bbox 1917 2289 2030 2313">
     <span class='ocr_line' id='line_1_121' title="bbox 1917 2289 2030 2313; baseline 0 -5"><span class='ocrx_word' id='word_1_867' title='bbox 1917 2290 1931 2308; x_wconf 75' lang='lat' dir='ltr'><strong>A</strong></span> <span class='ocrx_word' id='word_1_868' title='bbox 1935 2289 2030 2313; x_wconf 76' lang='lat' dir='ltr'><em>pplicatio.</em></span> 
     </span>
    </p>
   </div>
   <div class='ocr_carea' id='block_1_10' title="bbox 1054 2750 1900 2933">
    <p class='ocr_par' dir='ltr' id='par_1_33' title="bbox 1119 2750 1889 2780">
     <span class='ocr_line' id='line_1_122' title="bbox 1119 2750 1889 2780; baseline -0.005 -5"><span class='ocrx_word' id='word_1_869' title='bbox 1119 2753 1126 2765; x_wconf 88' lang='lat'><strong>⁷</strong></span> <span class='ocrx_word' id='word_1_870' title='bbox 1145 2754 1220 2775; x_wconf 81' lang='lat' dir='ltr'><em>Matth.</em></span> <span class='ocrx_word' id='word_1_871' title='bbox 1239 2753 1276 2779; x_wconf 63' lang='lat'><em>115,</em></span> <span class='ocrx_word' id='word_1_872' title='bbox 1294 2753 1335 2779; x_wconf 65' lang='lat' dir='ltr'><em>*2li;</em></span> <span class='ocrx_word' id='word_1_873' title='bbox 1354 2759 1395 2780; x_wconf 88' lang='lat' dir='ltr'><em>pro</em></span> <span class='ocrx_word' id='word_1_874' title='bbox 1413 2751 1564 2780; x_wconf 82' lang='lat' dir='ltr'><em>sequentibus</em></span> <span class='ocrx_word' id='word_1_875' title='bbox 1581 2752 1623 2773; x_wconf 81' lang='lat' dir='ltr'><em>cfr.</em></span> <span class='ocrx_word' id='word_1_876' title='bbox 1639 2751 1695 2772; x_wconf 87' lang='lat' dir='ltr'><em>Gen.</em></span> <span class='ocrx_word' id='word_1_877' title='bbox 1715 2750 1752 2776; x_wconf 82' lang='lat'><em>27,</em></span> <span class='ocrx_word' id='word_1_878' title='bbox 1771 2750 1806 2771; x_wconf 57' lang='lat'><em>013.</em></span> <span class='ocrx_word' id='word_1_879' title='bbox 1824 2755 1889 2778; x_wconf 83' lang='lat' dir='ltr'><em>seqq.</em></span> 
     </span>
    </p>

    <p class='ocr_par' dir='ltr' id='par_1_34' title="bbox 1118 2787 1900 2818">
     <span class='ocr_line' id='line_1_123' title="bbox 1118 2787 1900 2818; baseline -0.005 -5"><span class='ocrx_word' id='word_1_880' title='bbox 1118 2791 1126 2804; x_wconf 68' lang='grc' dir='ltr'>Β</span> <span class='ocrx_word' id='word_1_881' title='bbox 1145 2792 1191 2813; x_wconf 84' lang='lat' dir='ltr'><em>Gal.</em></span> <span class='ocrx_word' id='word_1_882' title='bbox 1210 2792 1231 2818; x_wconf 77' lang='lat'><em>5,</em></span> <span class='ocrx_word' id='word_1_883' title='bbox 1251 2792 1288 2813; x_wconf 85' lang='lat' dir='ltr'><em>l7.</em></span> <span class='ocrx_word' id='word_1_884' title='bbox 1707 2787 1716 2800; x_wconf 72' lang='lat'>⁹</span> <span class='ocrx_word' id='word_1_885' title='bbox 1736 2788 1805 2810; x_wconf 87' lang='lat' dir='ltr'><em>Hebr.</em></span> <span class='ocrx_word' id='word_1_886' title='bbox 1824 2788 1844 2815; x_wconf 73' lang='lat' dir='ltr'><em>t,</em></span> <span class='ocrx_word' id='word_1_887' title='bbox 1863 2788 1900 2810; x_wconf 70' lang='grc'><em>14.</em></span> 
     </span>
    </p>

    <p class='ocr_par' dir='ltr' id='par_1_35' title="bbox 1054 2827 1899 2894">
     <span class='ocr_line' id='line_1_124' title="bbox 1118 2827 1899 2857; baseline -0.005 -5"><span class='ocrx_word' id='word_1_888' title='bbox 1118 2830 1137 2843; x_wconf 90' lang='lat'><em>¹⁰</em></span> <span class='ocrx_word' id='word_1_889' title='bbox 1155 2831 1236 2852; x_wconf 83' lang='lat' dir='ltr'><em>Psalm.</em></span> <span class='ocrx_word' id='word_1_890' title='bbox 1255 2829 1291 2857; x_wconf 73' lang='lat'><em>34,</em></span> <span class='ocrx_word' id='word_1_891' title='bbox 1310 2830 1346 2851; x_wconf 57' lang='lat'><em>45,</em></span> <span class='ocrx_word' id='word_1_892' title='bbox 1364 2829 1471 2857; x_wconf 82' lang='lat' dir='ltr'><em>Sequitur</em></span> <span class='ocrx_word' id='word_1_893' title='bbox 1489 2829 1549 2851; x_wconf 82' lang='lat' dir='ltr'><em>ioan.</em></span> <span class='ocrx_word' id='word_1_894' title='bbox 1568 2829 1603 2855; x_wconf 81' lang='lat' dir='ltr'><em>lo,</em></span> <span class='ocrx_word' id='word_1_895' title='bbox 1623 2828 1660 2849; x_wconf 48' lang='lat' dir='ltr'><em>lut.</em></span> <span class='ocrx_word' id='word_1_896' title='bbox 1673 2830 1694 2849; x_wconf 90' lang='lat' dir='ltr'><em>et</em></span> <span class='ocrx_word' id='word_1_897' title='bbox 1706 2827 1785 2849; x_wconf 69' lang='lat' dir='ltr'><em>3=l.—</em></span> <span class='ocrx_word' id='word_1_898' title='bbox 1797 2828 1818 2849; x_wconf 89' lang='lat' dir='ltr'><em>ln</em></span> <span class='ocrx_word' id='word_1_899' title='bbox 1838 2829 1899 2849; x_wconf 76' lang='lat' dir='ltr'><em>textu</em></span> 
     </span>
     <span class='ocr_line' id='line_1_125' title="bbox 1054 2866 1742 2894; baseline -0.004 -3"><span class='ocrx_word' id='word_1_900' title='bbox 1054 2869 1215 2891; x_wconf 82' lang='lat' dir='ltr'><em>substituimus</em></span> <span class='ocrx_word' id='word_1_901' title='bbox 1231 2868 1358 2891; x_wconf 70' lang='lat' dir='ltr'><em>coluerunt</em></span> <span class='ocrx_word' id='word_1_902' title='bbox 1375 2867 1489 2890; x_wconf 75' lang='lat' dir='ltr'><em>devorare</em></span> <span class='ocrx_word' id='word_1_903' title='bbox 1506 2873 1548 2894; x_wconf 80' lang='lat' dir='ltr'><em>pro</em></span> <span class='ocrx_word' id='word_1_904' title='bbox 1562 2866 1742 2889; x_wconf 69' lang='lat' dir='ltr'><em>devoraverunt.</em></span> 
     </span>
    </p>

    <p class='ocr_par' dir='ltr' id='par_1_36' title="bbox 1118 2906 1381 2933">
     <span class='ocr_line' id='line_1_126' title="bbox 1118 2906 1381 2933; baseline -0.004 -4"><span class='ocrx_word' id='word_1_905' title='bbox 1118 2906 1135 2919; x_wconf 95' lang='lat'><em>¹¹</em></span> <span class='ocrx_word' id='word_1_906' title='bbox 1155 2908 1213 2929; x_wconf 81' lang='lat' dir='ltr'><em>toan.</em></span> <span class='ocrx_word' id='word_1_907' title='bbox 1236 2907 1269 2933; x_wconf 82' lang='lat' dir='ltr'><em>lo,</em></span> <span class='ocrx_word' id='word_1_908' title='bbox 1287 2907 1324 2928; x_wconf 75' lang='lat'><em>32.</em></span> <span class='ocrx_word' id='word_1_909' title='bbox 1345 2907 1381 2928; x_wconf 65' lang='lat'><em>33.</em></span> 
     </span>
    </p>
   </div>
   <div class='ocr_carea' id='block_1_11' title="bbox 1118 2943 1901 2972">
    <p class='ocr_par' dir='ltr' id='par_1_37' title="bbox 1118 2943 1901 2972">
     <span class='ocr_line' id='line_1_127' title="bbox 1118 2943 1901 2972; baseline -0.005 -3"><span class='ocrx_word' id='word_1_910' title='bbox 1118 2946 1136 2959; x_wconf 79' lang='lat'><em>12</em></span> <span class='ocrx_word' id='word_1_911' title='bbox 1155 2947 1208 2969; x_wconf 81' lang='lat' dir='ltr'><em>Luc.</em></span> <span class='ocrx_word' id='word_1_912' title='bbox 1226 2947 1263 2972; x_wconf 72' lang='lat'><em>22,</em></span> <span class='ocrx_word' id='word_1_913' title='bbox 1282 2946 1318 2968; x_wconf 59' lang='grc' dir='ltr'><em>ετ.</em></span> <span class='ocrx_word' id='word_1_914' title='bbox 1731 2943 1750 2958; x_wconf 76' lang='lat'><em>¹³</em></span> <span class='ocrx_word' id='word_1_915' title='bbox 1767 2943 1822 2972; x_wconf 78' lang='lat' dir='ltr'><em>Cap.</em></span> <span class='ocrx_word' id='word_1_916' title='bbox 1840 2944 1861 2971; x_wconf 79' lang='lat'><em>9,</em></span> <span class='ocrx_word' id='word_1_917' title='bbox 1880 2944 1901 2966; x_wconf 81' lang='lat' dir='ltr'><em>s.</em></span> 
     </span>
    </p>
   </div>
  </div>
 </body>
</html>
