2243 3348
269 284 315 302 Pars
329 284 341 301 1.

259 1362 304 1380 Pars
317 1361 338 1379 ll.

360 156 396 185 36

438 234 455 261 1,
478 233 622 262 Sciendum
647 232 738 269 igitur,
761 231 834 267 quod
849 231 895 267 qui
913 231 971 258 vult
985 230 1139 258 dominicae
1154 229 1204 257 l'a-

360 280 472 309 tivitatis
493 279 678 308 celebritatem
700 277 908 306 desiderabilem
926 276 1076 305 honorilice
1092 283 1204 312 praeve-

360 328 419 356 nire
441 331 467 355 et
490 327 514 354 in
538 334 566 354 se
587 325 746 357 ostendere,
769 324 849 352 debet
870 324 950 360 digne
971 322 1112 351 Christum
1136 322 1204 350 reci-

360 382 424 411 pere
447 372 562 401 vivendo
583 375 609 400 et
631 371 787 403 moriendo3
809 370 918 398 studeat
948 369 1049 398 babere
1077 372 1103 397 et
1129 369 1204 396 inve-

360 421 419 449 nire
441 421 466 448 in
490 428 517 447 se
539 419 630 455 signa.
653 426 723 454 quae
745 417 872 445 Christus
893 420 920 445 et
940 417 1025 444 Mater
1040 419 1064 443 et
1086 415 1202 451 Apostoli

360 468 386 495 in
418 475 447 495 se
478 465 658 494 ostenderunt
689 468 716 492 et
748 464 937 500 praetulerunt
968 467 994 491 et
1030 462 1204 498 reliquerunt

359 514 470 542 mundo.
493 513 574 549 Signa
594 515 686 539 autem
710 511 776 539 baec
797 510 912 538 fuerunt
940 513 967 538 et
995 512 1061 537 sunt
1089 516 1202 536 novem:

358 561 479 597 primum
502 560 620 595 signum,
642 557 714 594 quod
737 557 788 585 suit
804 557 830 584 in
845 556 918 589 sole,
941 556 1066 588 Christo,
1081 559 1108 583 et
1122 555 1203 583 debet

358 615 417 636 esse
439 606 465 633 in
488 605 588 641 populo
603 604 767 636 christiane,
783 606 824 631 est
839 603 947 639 signum
960 601 1149 638 paupertatis
1164 600 1204 628 al-

359 654 505 682 tissimae:
528 652 614 679 lamae
636 650 794 678 secundo¹t
818 649 877 677 Hoc
898 649 953 676 erit
971 648 1051 676 vobis
1066 648 1201 684 3191111111.-

358 699 506 728 invenietis
532 697 672 734 infantem
694 696 804 733 pannis
832 695 994 724 iiwolntztm
1023 698 1047 723 et
1072 694 1203 731 positam

359 747 387 774 in
408 745 566 783 praesepio.
591 744 642 772 Hoc
664 743 742 780 signo
763 743 864 779 signari
885 742 966 770 debet
985 742 1032 778 qui
1049 741 1108 769 vult
1124 740 1201 777 sequi

357 793 506 821 Christum.
531 808 565 811 —
588 790 743 819 Secundum
760 790 868 826 signum
884 789 935 817 suit
949 788 1066 825 pietatis
1081 788 1203 824 affluen-

358 840 504 871 tissimae,
527 838 559 866 de
581 845 636 874 quo
659 837 741 865 lsaiac
764 836 947 865 undecim02:
972 837 1005 863 ln
1027 835 1203 864 (118111070-

357 887 408 914 (liac
431 887 520 918 lesse,
542 885 594 923 qui
613 888 671 912 stat
695 884 724 911 in.
743 884 862 920 'siynitm
882 883 1078 920 populorum,
1106 883 1201 919 ipsum

354 938 450 971 ⁴centes
471 931 713 968 deprecabnutar.
737 930 815 958 Stetit
837 934 929 958 autem
959 930 1086 958 Christus
1113 930 1142 957 in
1163 929 1202 957 si-

355 989 445 1018 quam
467 979 643 1016 populorum
665 977 698 1005 ad
719 977 795 1013 lilios
825 977 876 1005 Det
905 977 1053 1013 dispersos
1084 985 1202 1013 congre.-

355 1027 469 1065 gyancios
492 1027 520 1054 in
545 1025 667 1053 minin-⁹³.
691 1042 728 1044 ff
749 1024 873 1052 Tertium
895 1024 1020 1060 signum,
1049 1023 1122 1060 quod
1151 1023 1213 1054 fuit¹

358 1075 383 1102 in
406 1074 514 1101 Christo
536 1073 607 1106 sole,
631 1072 681 1099 suit
704 1070 878 1099 humilitatis
892 1070 1160 1107 profundissimae,
1176 1070 1202 1098 in

356 1121 445 1157 figura
467 1119 546 1148 cuius
570 1118 686 1146 babetur
709 1118 792 1146 Isaiae
814 1118 983 1154 vigesimo&
1004 1117 1085 1146 Sicut
1100 1117 1204 1145 ambii-

357 1167 427 1195 lacit
447 1175 549 1194 serens
578 1174 659 1193 mens
688 1165 786 1193 Isaias
813 1165 913 1193 midas
939 1168 963 1192 et
991 1165 1201 1198 discalceata-s,

356 1215 444 1242 crinin
468 1222 615 1241 almorum
638 1213 756 1249 siquam
779 1216 803 1240 et
822 1215 988 1248 portentum
1003 1212 1073 1245 erit,
1089 1212 1201 1248 supple:

356 1261 482 1289 Christus
503 1259 665 1288 Christianis
677 1260 697 1286 ⁵.

436 1308 463 1335 11,
488 1307 607 1335 Primum
630 1310 721 1334 autem
744 1306 869 1342 signum,
890 1306 964 1342 qnod
985 1306 1037 1334 suit
1058 1306 1085 1334 in
1114 1306 1202 1339 luna,

356 1356 440 1383 Matre
460 1354 587 1390 Virgine,
608 1353 660 1381 l'uit
681 1353 790 1390 signum
806 1353 967 1381 imitandae
982 1352 1155 1386 honestatis,
1170 1352 1203 1381 de

356 1410 411 1439 quo
433 1401 607 1437 Apocalypsis
627 1400 790 1428 duodecimo
802 1400 828 1427 6;
846 1400 969 1437 Siynnm
985 1408 1126 1436 inaquam
1150 1408 1202 1436 ap-

352 1448 457 1485 paruit
481 1448 510 1475 iit
531 1446 624 1479 caelo,
648 1446 672 1474 id
695 1450 737 1474 est
759 1446 784 1474 in
808 1446 941 1479 Ecclesia,
964 1446 1071 1473 mittier
1093 1446 1203 1474 (isnieta

355 1495 427 1528 sole,
450 1495 476 1522 id
497 1498 537 1522 est
561 1493 710 1521 honestatis
732 1493 871 1526 claritate,
900 1496 924 1520 et
957 1492 1045 1526 lima,
1079 1493 1130 1521 hoc
1161 1496 1203 1521 est

356 1541 476 1578 perfecta
498 1541 655 1577 integritas,
677 1539 730 1567 sab
749 1540 873 1576 pedibus
894 1540 973 1573 eins,
996 1540 1022 1567 id
1045 1543 1086 1568 est
1100 1539 1203 1568 affecti-

357 1590 408 1617 bus
430 1589 529 1617 mentis
551 1592 577 1616 et
598 1587 723 1624 corporis
744 1587 820 1620 eius,
842 1591 866 1614 et
888 1587 917 1614 in
947 1587 1041 1624 capite
1068 1587 1148 1620 eins,
1177 1586 1203 1615 id

356 1640 397 1664 est
417 1636 443 1664 in
467 1635 566 1664 mentis
587 1635 706 1668 vertice,
728 1643 838 1662 corona
858 1634 1012 1662 stellarum
1034 1634 1203 1667 duodecim,

357 1683 383 1711 id
405 1687 445 1711 est
467 1683 555 1710 honor
577 1685 604 1709 et
625 1681 755 1718 gaudiui‘n
777 1681 889 1717 plenum
919 1681 1043 1717 quinque
1071 1688 1202 1709 sensuum

357 1730 521 1759 interiorum
544 1732 570 1757 et
591 1728 715 1765 quinque
740 1728 912 1756 exteriorum
942 1727 1149 1763 incorruptione
1178 1730 1205 1755 et

358 1777 515 1813 virginitate
538 1779 598 1812 post
620 1779 739 1811 partum.
762 1792 798 1795 —
820 1774 976 1803 Secundum
992 1775 1114 1811 signum,
1130 1774 1203 1810 quod

357 1824 409 1853 fuit
429 1824 457 1851 111
479 1824 564 1851 Matre
587 1822 713 1858 Virgine,
739 1822 791 1850 fuit
819 1822 927 1858 signum
958 1821 1127 1849 laudandae
1155 1829 1203 1857 per

357 1870 449 1899 omnia
469 1869 652 1902 sobrietatis,
674 1872 700 1896 et
721 1868 754 1896 de
782 1869 834 1896 hoc
863 1868 940 1904 signo
972 1868 1090 1895 habetur
1122 1867 1204 1895 lsaiae

358 1917 530 1953 sexagesimo
566 1915 686 1944 secundo
699 1915 725 1942 ⁷:
758 1915 943 1951 praeparate
976 1915 1057 1942 viam
1087 1914 1203 1950 populo,

355 1963 482 2000 planam
502 1962 591 1999 facite
612 1962 676 1995 iter,
698 1961 791 1998 eligite
806 1961 916 1998 lapides
930 1965 955 1989 ct
969 1960 1072 1989 elevate
1085 1960 1204 1997 8191111111.

358 2011 398 2038 ad
418 2010 547 2047 populos.
572 2010 624 2037 Hoc
647 2012 734 2037 totum
750 2008 813 2037 fecit
828 2008 905 2036 beata
922 2008 1005 2044 Virgo
1020 2008 1123 2036 virtute
1138 2015 1204 2035 suae

360 2057 511 2086 laudandae
532 2056 559 2084 111
581 2055 711 2084 omnibus
732 2058 758 2083 et
781 2063 829 2092 per
854 2055 946 2083 omnia
974 2054 1144 2087 sobrietatis,
1174 2058 1205 2082 nt

356 2108 499 2141 paratam,
520 2104 600 2131 viam
623 2103 737 2131 liaberet
758 2103 790 2131 ad
813 2103 971 2131 continuam
997 2102 1205 2138 contemplatio-

358 2159 421 2180 nem
443 2154 470 2179 et
489 2150 611 2187 planam
633 2153 660 2178 et
681 2150 774 2178 mitem
798 2150 913 2178 haberet
927 2150 1162 2179 conversationem
1178 2153 1205 2179 et

358 2197 487 2227 omnibus
509 2205 537 2225 se
559 2197 705 2233 praeberet
726 2197 887 2233 exemplum
910 2198 937 2224 et
956 2196 1075 2232 signum
1096 2196 1129 2224 ad
1152 2196 1204 2225 sal-

358 2244 502 2272 vationem.
526 2260 563 2263 —
584 2243 708 2271 Tertium
730 2243 855 2279 signum,
882 2242 955 2279 quod
983 2242 1036 2271 fuit
1063 2242 1090 2271 in
1119 2243 1204 2271 Matre

358 2290 485 2326 Virgine,
508 2289 560 2318 suit
581 2290 690 2326 signum
712 2289 932 2326 praedicandae
954 2297 1003 2326 per
1024 2289 1116 2317 omnia
1135 2288 1204 2325 fide-

357 2337 465 2370 litatis,
481 2340 507 2365 et
522 2336 556 2365 de
571 2337 622 2365 hoc
638 2336 756 2364 habetur
772 2336 855 2365 Isaiae
869 2336 1081 2373 quadragesimo
1095 2344 1167 2364 nono
1179 2336 1203 2363 ὃς

358 2384 444 2417 Ecce,
466 2383 564 2411 levabo
585 2383 625 2411 acl
643 2387 741 2420 gentes
761 2391 885 2411 manum
908 2391 1001 2411 meam
1022 2387 1047 2411 et
1062 2382 1103 2411 asl
1113 2391 1204 2420 popu-

358 2430 398 2458 los
414 2430 547 2458 exaltabo
561 2430 681 2467 siynum.
702 2439 806 2458 meum.
824 2447 860 2450 -
881 2431 967 2464 Eece,
984 2430 1098 2463 levabo,
1115 2430 1204 2467 inquit

358 2476 457 2510 Filius,
479 2477 518 2505 acl
539 2481 634 2514 qentes
655 2485 777 2505 manum
800 2485 913 2511 meam,
934 2477 960 2505 id
983 2480 1039 2510 est,
1061 2477 1203 2505 ostendam

357 2523 396 2552 eis
418 2527 578 2559 potestatem
601 2531 705 2557 meam,
727 2527 751 2552 et
766 2524 806 2552 ad
818 2523 942 2561 populos
955 2523 1105 2557 exaltabo,
1122 2524 1147 2552 id
1163 2527 1203 2552 est

357 2578 448 2599 coram
473 2571 596 2607 populis,
618 2571 737 2608 signnm
758 2580 872 2605 meam,
895 2571 921 2599 id
943 2574 984 2599 est
1012 2571 1170 2599 fidelitatem
1183 2571 1202 2605 ⁹,

357 2625 427 2654 quae
449 2618 501 2646 fuit
523 2618 548 2645 in
571 2618 656 2646 Matre
677 2626 745 2646 mea.

1016 151 1190 180 SERMONES
1211 151 1254 179 DE
1277 151 1439 180 TEMPORE.

1340 229 1380 257 111.
1403 229 1524 257 Primum
1546 232 1638 257 autem
1660 229 1769 266 signum
1794 230 2005 264 aedificationis,
2030 231 2104 268 quod
2120 235 2165 255 Pars
2175 237 2203 257 1¹¹.

1260 276 1313 304 suit
1334 276 1360 304 in
1381 276 1487 310 stetin,
1510 276 1535 304 id
1551 279 1592 304 est
1606 276 1755 312 Apostolis,
1778 276 1829 305 fuit
1844 277 1952 314 signum
1976 278 2034 306 zeli
2046 277 2105 315 fer-

1261 322 1438 355 ventissimi,
1469 326 1496 350 et
1523 322 1557 351 de
1588 323 1640 351 boc
1669 323 1787 351 liabetur
1819 323 1972 360 Sapientiae
1999 324 2105 353 decimo

1261 372 1341 397 sexto
1358 369 1396 397 ¹⁰:
1419 369 1557 402 Fuerunt,
1580 369 1685 405 inquit,
1706 370 1824 407 siynum
1847 369 1979 399 babentes
1999 371 2105 400 salutis

1260 415 1301 443 acl
1311 415 1611 443 commemorationem
1622 416 1759 444 mandati
1772 416 1842 453 legiis
1857 420 1941 450 tuae,·
1956 420 1983 445 et
1994 417 2105 454 Sapien-

1261 462 1313 490 tiae
1334 462 1441 490 decimo
1456 462 1494 490 ¹¹:
1517 461 1613 494 Stetit,
1635 463 1749 499 Moyses,
1773 463 1797 491 id
1819 467 1860 491 est
1882 467 1977 492 coetus
1997 467 2106 500 aposto-

1261 508 1329 536 licus
1339 531 1345 542 ,
1366 512 1469 536 contra
1490 517 1571 545 ‘reyes
1592 508 1752 537 horrendos
1767 509 1798 537 in
1811 510 1951 546 portentis
1965 513 1989 538 et
2003 510 2104 547 siynis.

1260 571 1296 575 —
1319 555 1476 584 Secundum
1499 555 1625 592 signum,
1648 556 1720 592 quod
1744 556 1795 584 i'uit
1824 557 1849 584 in
1879 557 2027 592 Apostolis‚
2055 556 2107 585 fuit

1260 602 1369 639 signum
1392 602 1536 639 martyrii
1553 602 1781 638 promptissimi,
1810 603 1843 631 de
1864 611 1920 639 quo
1947 606 2037 640 potest
2057 611 2106 632 ex-

1260 649 1322 685 poni
1347 649 1413 677 illnd
1429 649 1526 678 Psalmi
1544 649 1581 676 ¹²:
1607 649 1772 677 Posucrunt
1793 650 1881 686 sigyna
1901 658 1957 678 sua
1977 651 2064 688 sigma
2082 654 2108 679 et

1258 705 1317 724 non
1338 699 1550 733 coynoverzmt,
1573 696 1599 724 id
1614 699 1664 729 est,
1681 696 1803 725 infideles
1819 697 1869 725 boc
1885 704 2049 733 cognoscere
2064 705 2107 726 re-

1259 746 1437 771 cusaverunt.
1462 759 1496 763 ψ-
1520 743 1644 771 Tertium
1667 743 1792 779 signum,
1814 743 1888 780 quod
1912 743 1966 772 fuit
1990 743 2017 772 in
2039 745 2107 780 Apo-

1260 789 1352 823 stolis,
1374 789 1424 818 suit
1448 790 1556 826 signum
1576 790 1721 826 propositi
1745 790 1992 824 constantissimi,
2020 794 2048 819 et
2074 790 2107 820 de

1260 836 1311 864 hoc
1326 836 1428 864 dicitur
1445 836 1624 864 Ecclesiastici
1647 836 1861 873 quadragesimo
1882 836 1979 873 quinto
1996 837 2033 864 ¹⁵:
2057 837 2107 865 Co-

1260 891 1335 911 rona
1357 891 1452 911 a'zirea
1473 891 1562 920 saper
1584 887 1673 920 capnt
1694 883 1772 917 eins,
1802 883 1828 911 id
1850 886 1891 912 est
1912 883 2016 912 ordinis
2043 891 2108 920 apo-

1260 930 1365 963 stolici,
1387 938 1525 966 expressa
1546 930 1630 967 819110
1651 930 1834 964 sanctitatis,
1857 930 1883 958 id
1905 932 1947 959 est
1967 930 2109 959 infirmita-

1261 977 1304 1009 tis,
1326 980 1350 1004 et
1369 976 1468 1013 gyloria
1490 975 1619 1011 lionoris,
1641 985 1715 1013 opus
1735 976 1930 1014 fortitudinis.

1581 1079 1672 1107 Sanno
1694 1079 1738 1106 xil
1755 1079 1785 1106 ¹4.

1331 1177 1409 1206 Item,
1431 1184 1510 1202 sermo
1529 1177 1617 1202 fratris
1635 1177 1827 1202 Bonaventurae
1846 1177 1927 1202 sactus
1947 1177 2062 1209 Lugduni
2083 1177 2109 1202 in

1259 1220 1333 1245 choro
1352 1220 1452 1245 maioris
1471 1220 1586 1244 ecclesiae
1605 1226 1686 1244 coram
1700 1220 1796 1244 clericis
1815 1220 1840 1244 et
1858 1220 1982 1245 canonicis
1994 1220 2110 1252 Lugduni

1259 1264 1283 1288 in
1304 1263 1387 1288 eadem
1406 1263 1516 1287 ecclesia.

1342 1353 1435 1381 Erunt
1456 1353 1543 1389 siyna
1565 1353 1595 1380 in
1616 1352 1673 1380 sole
1693 1356 1717 1380 et
1750 1352 1822 1381 lana
1843 1356 1868 1381 et
1895 1352 1993 1387 stellis,
2022 1353 2109 1382 Lucae

1261 1399 1392 1436 vigesimo
1414 1400 1505 1436 primo
1522 1400 1554 1427 ¹⁵.

1340 1446 1407 1473 Cum
1431 1446 1457 1473 in
1474 1446 1593 1474 Ecclesia
1609 1446 1742 1474 militante
1758 1446 1904 1474 videantur
1919 1446 2032 1482 quidam
2051 1453 2110 1475 esse

1261 1492 1381 1521 iustitiae
1412 1493 1572 1526 eminentis,
1595 1496 1626 1521 ut
1647 1493 1701 1521 sint
1723 1493 1794 1521 sicut
1815 1493 1857 1521 sol
1872 1493 1914 1526 16;
1935 1493 2046 1530 quidam
2068 1493 2110 1521 iu-

1261 1539 1350 1567 stitiae
1372 1539 1533 1572 crescentis,
1556 1542 1587 1567 ut
1609 1539 1663 1567 sint
1685 1539 1756 1567 siout
1778 1539 1868 1572 limem
1893 1539 2006 1576 quidam
2032 1539 2110 1568 iusti-

1262 1585 1314 1614 tiae
1345 1585 1532 1623 sufficientis,
1563 1589 1593 1614 ut
1626 1586 1680 1614 sint
1712 1586 1784 1614 sicut
1811 1585 1925 1619 stellae,·
1955 1586 2109 1615 ostenditur

1262 1632 1340 1660 nobis
1363 1633 1406 1661 his
1427 1633 1520 1661 verbis
1541 1632 1724 1669 spiritualiter
1745 1633 1891 1661 intellectis
1920 1633 2011 1670 primo
2038 1633 2110 1661 mul-

1262 1683 1353 1708 torum
1378 1680 1488 1713 talium,
1511 1680 1601 1717 qualis
1622 1680 1674 1708 suit
1696 1680 1721 1708 in
1744 1680 1866 1717 antiquis
1896 1684 1923 1709 et
1944 1680 2034 1717 qualis
2063 1680 2110 1709 de-

1261 1726 1307 1755 bet
1328 1734 1387 1755 esse
1403 1726 1428 1754 in
1445 1726 1597 1760 modernis,
1612 1730 1708 1755 statiis
1722 1727 1798 1755 vitae
1813 1731 1838 1755 et
1859 1727 2068 1761 excrescentia,
2083 1730 2111 1756 et

1262 1773 1313 1801 hoc
1335 1773 1361 1801 111
1384 1773 1518 1802 claritate
1540 1773 1745 1802 luminariam.
1761 1773 1895 1807 Secundo,
1916 1774 1943 1802 in
1966 1774 2020 1803 fine
2042 1777 2110 1802 tem-

1261 1827 1377 1856 porum,
1400 1820 1447 1856 qui
1471 1820 1523 1848 iam
1550 1820 1667 1856 incepit,
1699 1820 1854 1849 ostenditur
1887 1821 2039 1849 multorum
2070 1823 2110 1849 ta-

1262 1866 1328 1894 lium
1352 1867 1549 1903 iynominiosa
1570 1867 1717 1905 nequitia,
1740 1870 1767 1895 et
1786 1868 1837 1895 hoc
1859 1867 1885 1896 in
1908 1867 2110 1896 obscuratione

1262 1912 1385 1949 ipsorum
1408 1921 1458 1950 per
1480 1914 1697 1942 subtractionem
1719 1914 1856 1942 bonorum
1878 1922 1994 1951 operum
2016 1917 2044 1943 et
2068 1923 2109 1943 sa-

1261 1968 1374 1988 crorum
1400 1960 1593 1996 exemplorum
1623 1961 1783 1989 futurorum
1813 1964 1840 1989 et
1868 1961 2026 1998 aliquorum
2055 1961 2109 1990 iam

1261 2006 1450 2035 existentium.
1474 2007 1596 2035 Primum
1622 2008 1744 2044 tangitur
1767 2008 1819 2036 ibi:
1848 2008 1878 2036 in
1899 2008 1956 2037 sole
1984 2012 2009 2037 et
2037 2009 2110 2037 lana

1261 2058 1286 2081 et
1300 2053 1405 2087 stellis;
1427 2054 1580 2083 secundum
1598 2054 1740 2088 innuitur,
1763 2063 1825 2083 cum
1848 2055 1966 2090 dicitur,
1988 2056 2062 2093 quod
2081 2056 2109 2085 in

1261 2100 1300 2129 eis
1321 2105 1406 2128 erum
1427 2101 1532 2138 siyna,
1555 2101 1758 2130 obscurationis
1779 2110 1884 2130 eorum.

1342 2148 1357 2175 1.
1374 2148 1529 2176 Notandum
1544 2156 1618 2185 ergo,
1641 2149 1713 2185 quod
1734 2149 1901 2185 superiores
1916 2149 2046 2186 pra-elati
2066 2150 2109 2179 vel

1262 2194 1312 2222 viri
1342 2195 1472 2223 institiae
1503 2195 1652 2223 eminentis
1682 2199 1879 2232 comparantur
1910 2196 1966 2225 soli
1995 2199 2108 2233 propter

1261 2241 1466 2270 sublimitatem
1487 2242 1642 2278 positionis
1662 2242 1689 2270 111
1712 2243 1856 2271 virtutum
1879 2243 2011 2272 culmine.
2032 2243 2108 2273 Unde

1261 2288 1311 2325 ipsi
1333 2289 1434 2317 debent
1455 2297 1514 2317 esse
1537 2289 1562 2317 in
1587 2289 1705 2318 Ecclesia
1726 2290 1802 2318 sicat
1822 2290 1865 2318 sol
1887 2290 1984 2319 oriens
1998 2291 2108 2320 mundo

1261 2336 1292 2364 in
1314 2336 1467 2364 altissimis
1492 2336 1551 2369 Dei,
1574 2336 1653 2364 iuxta
1675 2337 1742 2365 illud
1767 2337 1945 2366 Ecclesiastici
1978 2337 2109 2374 vigesimo

1261 2385 1341 2411 sexto
1354 2383 1384 2410 ¹⁷.
1408 2400 1445 2403 —
1467 2383 1581 2420 Propter
1602 2383 1778 2412 nobilitatem
1800 2384 1990 2421 oppositionis
2010 2384 2037 2413 in
2059 2385 2109 2413 clo-

1260 2429 1373 2457 ctrinae
1394 2429 1539 2458 acumine.
1562 2430 1613 2466 lpsi
1643 2431 1715 2459 enim
1744 2430 1845 2459 debent
1874 2438 1933 2460 esse
1964 2431 2036 2460 sicut
2066 2431 2110 2460 sol

1261 2476 1414 2513 tripliciter
1434 2485 1560 2505 exurens
1580 2481 1703 2511 montes,
1720 2478 1745 2506 id
1767 2481 1808 2507 est
1823 2486 1918 2507 omnes
1934 2482 2108 2516 tempestates

1260 2527 1287 2552 et
1310 2524 1453 2558 haereses,
1480 2524 1658 2553 Ecclesiastici
1682 2525 1894 2561 quadragesimo
1915 2525 1997 2554 tertio
2012 2525 2044 2554 ¹²³.
2071 2542 2107 2546 —

1261 2571 1375 2607 Propter
1396 2571 1576 2599 nobilitatem
1603 2572 1771 2600 directionis
1798 2572 1824 2600 in
1850 2580 1941 2600 curae
1968 2573 2108 2610 regimine

1260 2621 1287 2646 et
1318 2618 1359 2646 sui
1393 2618 1479 2654 ipsius
1508 2618 1659 2652 revisione;
1689 2619 1867 2648 Ecclesiastici
1897 2619 2108 2656 quadragesimo

420 2749 426 2762 ¹
447 2750 512 2772 Vers.
530 2750 566 2772 112.
1056 2751 1065 2764 2
1083 2752 1149 2774 Vers.
1167 2752 1202 2774 110.

419 2788 428 2801 ³
446 2790 506 2812 loan.
525 2790 533 2811 sl
542 2790 566 2816 «1,
584 2789 621 2812 52.
1071 2790 1080 2803 ¹
1099 2791 1163 2813 Vers.
1182 2791 1203 2813 3.

419 2827 428 2840 ⁵
446 2829 556 2856 Vulgata:
574 2835 646 2858 super
664 2830 804 2858 Aegyptum.

419 2866 428 2879 ⁵
447 2867 512 2889 Vers.
534 2868 553 2889 l.

420 2905 428 2918 ⁷
447 2906 512 2928 Vers.
532 2907 568 2929 «10.
1055 2907 1063 2921 Β
1082 2909 1147 2931 Vers.
1165 2909 1201 2931 22.

420 2943 428 2956 ⁰
446 2944 502 2967 Cod.
519 2945 661 2974 felicitatem.
1061 2947 1080 2959 ¹⁰
1099 2948 1162 2970 Vers.
1181 2948 1201 2969 6.

1323 2750 1341 2764 ¹¹
1361 2752 1425 2774 Vers.
1444 2752 1481 2774 16.
1709 2778 1712 2779 7
1828 2751 1847 2764 ¹²
1865 2752 1947 2774 Psalm.
1963 2751 2001 2780 73,
2020 2751 2041 2774 4.
2058 2758 2107 2781 seq.

1323 2789 1341 2803 ¹²³
1359 2791 1425 2813 Vers.
1446 2791 1484 2818 143
1498 2791 1554 2813 infra
1567 2791 1729 2814 substituimus
1745 2791 1886 2814 humilitatis
1901 2798 1943 2820 pro
1953 2791 2106 2822 infirmitatis.

1322 2829 1341 2842 ¹⁴
1359 2830 1388 2852 Ex
1406 2830 1488 2852 eodem
1506 2830 1585 2852 codice
1603 2831 1640 2852 sol.
1659 2831 1671 2852 8
1690 2837 1712 2852 v.
1950 2829 1970 2843 ¹⁵
1987 2831 2053 2853 Vers.
2069 2831 2106 2854 25.

1322 2868 1342 2881 ¹⁶
1359 2869 1407 2891 Hoc
1425 2869 1527 2896 primum
1545 2869 1677 2892 membrum
1695 2869 1717 2891 in
1736 2869 1816 2892 codice
1833 2869 1928 2897 excidit,
1945 2870 1987 2892 sed
2003 2876 2031 2892 ex
2047 2870 2106 2893 infra

1259 2908 1326 2930 dictis
1343 2909 1445 2936 suppleri
1465 2908 1545 2936 potnit.

1322 2946 1341 2959 ¹⁷
1361 2948 1425 2970 Vers.
1443 2949 1480 2970 21.
1965 2947 1983 2961 ¹⁸
2002 2949 2068 2971 Vers.
2084 2949 2105 2972 4.

2127 1637 2204 1656 Divisio.

2126 2162 2173 2180 Pars
2187 2161 2200 2180 Ι.
