2243 3348
242 1185 269 1204 De
282 1185 342 1204 tribus

238 1209 344 1227 tractandis.

366 166 384 194 8
1077 162 1137 190 ARS
1158 160 1388 189 CONCIONANDI.

437 244 461 268 6.
480 244 607 274 Parisiis,
628 243 742 268 biblioth.
761 242 917 270 Nationalis,
935 240 987 266 cod.
1007 240 1084 265 3640.
1104 239 1207 264 membr.

367 294 430 312 saec.
449 287 521 312 XJH.
540 286 659 311 Rubrica:
680 286 779 317 Incipit
796 285 915 310 doctrina
932 282 1127 309 sermocinandi.
1144 282 1208 314 Quo-

366 331 438 355 niam
455 330 508 355 veri
525 329 678 354 emulatores
690 329 748 353 estis
766 328 905 359 spirituum
917 327 952 351 ad
963 326 1147 357 edificationem
1160 325 1207 350 Ec-

367 373 451 404 clesie,
471 372 578 403 querite,
596 373 626 396 ut
643 371 776 396 abundetis
795 370 827 402 (I.
847 370 902 395 Cor.
918 369 963 399 14,
978 368 1040 401 12.).
1059 369 1128 394 Bene
1147 367 1209 392 dicit

366 415 517 440 emulatores
536 416 560 439 et
576 421 627 439 non
645 413 821 444 simulatores,
839 412 884 437 sed
900 412 954 437 veri
977 412 1111 436 amatores.
1138 410 1208 435 Prae-

366 459 443 483 missa
461 458 529 482 brevi
547 457 699 488 praefatione
725 455 895 487 prosequitur:
922 454 988 480 Sunt
1012 456 1096 479 autem
1118 454 1208 484 plures

366 501 445 532 modi,
464 500 555 531 quibus
574 499 705 524 abundare
723 499 747 523 et
770 498 882 523 dilatare
905 503 1044 522 sermonem
1067 496 1134 521 debet
1151 502 1207 527 pre-

367 543 471 568 dicator.
490 543 598 568 Primus
615 542 705 566 modus
723 542 760 566 est
777 540 824 565 etc.
843 540 953 565 Desinit:
979 540 1100 564 vitiorum
1124 541 1148 564 et
1172 546 1208 564 eo-

365 594 439 617 rum,
458 586 487 611 de
505 585 598 616 quibus
615 585 651 609 est
668 584 794 608 meritum.
819 583 866 607 Hic
884 582 961 614 igitur
983 582 1081 607 tautum
1106 582 1207 607 tertiam

367 628 462 660 partem
476 627 562 657 habet,
576 627 618 652 sed
630 627 710 658 magis
722 625 837 650 diffusam
849 632 923 657 quam
936 625 1011 650 ceteri
1023 625 1124 650 codices.
1138 625 1207 650 Unde

366 672 392 696 iu
409 670 573 696 declaratione
586 669 685 694 illorum
705 668 758 693 octo
777 668 902 693 modorum
922 667 988 692 hunc
1000 667 1130 699 antiquum
1143 667 1208 693 codi-

366 721 417 739 cem
431 720 475 745 pro
487 712 646 738 fundamento
657 712 756 737 nostrae
768 711 882 736 editionis
892 711 1026 742 posuimus.
1036 710 1104 742 Sign.
1114 710 1165 736 cod.
1178 710 1207 735 G.

1335 238 1359 262 7.
1378 237 1445 263 Ibid.
1465 237 1578 267 Sorbon.‚
1598 237 1649 263 cod.
1669 237 1764 262 16475.
1778 238 1846 270 (olim
1862 236 1950 270 1280.)
1965 244 2028 262 saec.
2041 238 2109 265 XIV.

1264 281 1300 306 Ex
1319 281 1364 306 hoc
1382 281 1434 306 cod.
1454 281 1588 305 sumsimus
1606 280 1705 305 tantum
1725 281 1822 312 aliquas
1840 281 1958 306 lectiones
1984 281 2110 306 variantes

1264 324 1344 356 quoad
1363 324 1469 355 primam
1489 323 1601 354 opusculi
1620 323 1726 354 partem.
1745 323 1813 355 Sign.
1832 323 1884 349 cod.
1904 323 1932 348 Ε.

1334 367 1424 391 Eadem
1445 366 1521 391 tertia
1541 373 1601 397 pars
1627 366 1734 391 habetur
1752 366 1826 391 etiam
1855 366 1967 397 Lubeci,
1996 366 2110 391 biblioth.

1265 410 1392 439 Civitatis,
1411 409 1463 434 cod.
1483 409 1536 433 sine
1554 416 1670 438 numero,
1690 416 1730 434 an.
1751 407 1833 438 1422,
1852 409 1908 440 post
1931 408 2110 440 Oompendium

1266 452 1420 484 tlieoloyicac
1439 452 1563 476 veritatis.

1336 495 1395 520 Cum
1417 495 1476 519 talis
1495 494 1615 526 tantaque
1635 494 1774 519 differentia
1796 495 1909 520 lectionis
1933 495 2049 521 continuo
2074 503 2112 520 ex-

1263 538 1379 563 hibeatur
1396 539 1422 563 in
1441 538 1546 562 diversis
1564 537 1700 567 codicibus,
1721 538 1808 562 inutile
1826 538 1852 562 et
1870 539 1940 569 quasi
1960 538 2110 570 impossibile

1264 582 1312 606 fuit
1324 588 1409 606 omnes
1421 580 1548 605 variantes
1561 580 1678 605 lectiones
1687 580 1718 605 ad
1731 581 1821 605 calcem
1833 588 1936 612 ponere3
1947 581 2011 612 quod
2021 581 2112 612 praeci-

1264 631 1311 655 pue
1329 624 1361 648 ad
1375 623 1472 654 partem
1485 623 1586 647 tertiam
1600 623 1717 654 pertinet.
1730 623 1830 648 Meliore
1843 630 1891 654 quo
1903 623 2029 654 potuimus
2042 623 2112 648 modo

1263 667 1358 692 textum
1381 667 1583 698 qualemcumque
1605 673 1633 691 ex
1655 666 1759 691 diversis
1784 666 1906 691 codicibus
1931 667 2112 698 composuimus

1263 710 1410 741 tantumque
1428 710 1577 741 principales
1596 709 1719 735 lectiones.
1732 710 1756 734 et
1774 709 1945 734 additamenta
1963 709 2113 734 notavimus.

807 874 976 930 ARS
1023 873 1628 931 CONCIONANDI
1648 868 1676 929 1.

683 1051 888 1077 PROOEMIUM.

441 1150 453 1162 «
463 1139 549 1164 Omnis
567 1139 684 1164 tractatio
694 1137 703 1150 ²
723 1138 939 1169 scripturarum»,
958 1137 988 1162 ut
1000 1137 1036 1161 ait
1052 1136 1210 1168 Aug-ustinus

365 1184 391 1208 iu
417 1184 496 1215 primo
514 1183 543 1207 de
561 1182 679 1207 Doctrina
702 1181 838 1206 christiana
852 1179 875 1210 ³,
905 1181 994 1205 «circa
1019 1180 1116 1205 modum
1142 1180 1211 1204 inve-

366 1226 448 1251 niendi
467 1233 528 1257 quae
547 1224 707 1256 intelligenda
732 1224 805 1252 suut,
824 1223 952 1253 consistit,
971 1223 997 1248 et
1021 1224 1085 1248 circa
1110 1223 1206 1248 modum

366 1268 505 1300 proferendi
523 1275 584 1299 quae
603 1267 728 1292 intellecta
747 1267 843 1291 suut».
862 1266 896 1291 Et
915 1266 973 1298 quia
985 1266 1010 1290 in
1029 1265 1068 1290 his
1087 1266 1210 1297 principa-

365 1311 423 1336 liter
442 1310 598 1342 praedicandi
617 1310 732 1334 versatur
745 1309 871 1341 negotium
880 1328 886 1339 ‚
906 1309 958 1334 ideo
971 1308 1064 1340 aliquid
1077 1308 1116 1333 est
1129 1308 1210 1333 viden-

366 1354 437 1383 dum,
457 1354 564 1386 qualiter
582 1354 607 1378 in
626 1353 665 1378 his
684 1353 734 1377 sive
753 1353 778 1377 in
791 1352 837 1377 hoc
855 1353 987 1383 praecipue
1006 1351 1138 1383 pervigilet
1158 1352 1209 1376 stu-

365 1397 432 1422 dium
451 1398 476 1422 et
494 1397 598 1422 intentio
616 1396 790 1427 praedicantis.
810 1396 900 1420 Fertur
919 1395 1001 1420 autem
1027 1395 1079 1420 eius
1098 1395 1207 1423 studium

365 1440 469 1465 maxime
488 1440 552 1464 circa
570 1440 633 1469 tria,
653 1439 746 1464 scilicet
770 1439 834 1464 circa
858 1438 1006 1469 divisiones,
1032 1438 1207 1462 distinctiones

365 1483 390 1508 et
409 1483 572 1508 dilatationes
591 1483 642 1507 sive
661 1489 816 1513 progressus.
842 1481 887 1506 Sed
905 1482 931 1506 in
950 1481 1043 1512 primo,
1063 1480 1157 1506 scilicet
1182 1481 1207 1505 in

365 1526 505 1555 dividendo,
519 1526 557 1550 est
569 1525 720 1550 attendenda
733 1525 898 1556 proprietas,
917 1525 942 1549 in
961 1523 1136 1555 distinguendo
1156 1523 1207 1548 bre-

364 1570 444 1600 vitas,
464 1570 488 1593 in
507 1569 634 1594 dilatando
653 1568 770 1599 utilitas;
789 1568 852 1593 sicut
869 1568 928 1592 dicit
946 1567 1105 1599 Augustinus
1123 1567 1148 1591 in
1168 1573 1208 1592 eo-

364 1612 417 1636 dem
432 1611 454 1636 ⁴:
483 1611 543 1636 «De
568 1611 607 1636 his
632 1610 716 1636 doctor
741 1610 813 1635 debet
836 1617 889 1635 esse
908 1610 1042 1639 sollicitus,
1062 1610 1090 1634 ut
1115 1609 1208 1634 scilicet

364 1655 464 1685 doceat,
484 1656 514 1679 ut
532 1654 646 1685 delectet,
665 1654 694 1679 ut
712 1654 811 1684 fleotat;
836 1654 893 1685 quia
912 1653 1010 1682 docere,
1030 1653 1111 1684 inquit
1124 1652 1141 1682 ⁵,
1165 1660 1208 1677 ne-

363 1698 488 1723 cessitatis
506 1698 558 1727 est,
577 1697 698 1722 delectare
711 1697 858 1726 suavitatis,
879 1696 921 1721 sed
939 1696 1036 1721 flectere
1055 1696 1207 1720 victoriae».

364 1740 402 1765 Sic
420 1740 503 1772 itaque
523 1740 666 1771 plerumque
684 1739 820 1771 contingit,
839 1739 882 1768 ut,
901 1739 959 1763 dum
978 1739 1016 1763 est
1041 1738 1127 1763 divisio
1149 1745 1208 1769 pro-

360 1784 437 1814 pria,
466 1783 590 1812 instruat3
616 1782 696 1807 brevis
721 1782 848 1807 distinctio
872 1781 990 1811 delectet;
1016 1781 1130 1806 dilatatio
1150 1788 1207 1805 vero

363 1825 436 1850 utilis
455 1825 547 1850 flectat.

693 1911 763 1936 Pars
780 1911 873 1941 prima.

435 1996 459 2021 1.
469 1997 580 2022 Primum
593 1997 676 2028 itaque
686 1997 794 2022 dividere
804 1997 897 2021 volenti
907 1996 1085 2027 inspiciendum
1094 1995 1103 2008 ⁶
1116 1995 1208 2025 thema,

269 2039 346 2058 Divisio.
364 2047 426 2071 quae
440 2040 473 2065 sit
485 2041 537 2065 eius
549 2040 683 2071 sententia,
695 2040 750 2071 quis
763 2047 851 2065 sensus
867 2039 1031 2070 principalis,
1045 2039 1070 2064 et
1083 2039 1117 2064 ad
1129 2046 1208 2070 quam

360 2090 500 2114 personam
518 2090 597 2107 sermo
615 2083 739 2113 dirigatur
758 2083 783 2107 in
803 2090 838 2107 eo.

434 2125 458 2149 2.
478 2125 608 2150 Secundae
630 2125 712 2150 autem
738 2133 857 2156 personae
881 2125 1009 2150 consuevit
1032 2125 1106 2156 dirigi
1129 2132 1208 2150 sermo

1271 1049 1339 1082 Quid
1356 1050 1399 1075 liic
1416 1051 1491 1075 statis
1510 1052 1565 1075 tota
1583 1050 1622 1075 die
1641 1050 1739 1075 otiosi?
1751 1065 1786 1068 —
1799 1050 1927 1075 auxilium
1942 1050 2113 1082 postulantis,

1266 1093 1389 1118 Matthaei
1408 1093 1495 1119 octavo
1510 1092 1544 1118 ¹²:
1564 1094 1691 1124 Domine,
1710 1094 1733 1118 si
1749 1094 1804 1125 vis,
1823 1095 1897 1124 potes
1914 1101 1953 1118 me
1972 1093 2112 1124 mundare;

1266 1151 1301 1154 —
1320 1137 1483 1167 imperantis,
1502 1137 1605 1161 Ioannis
1623 1137 1710 1168 quinto
1729 1136 1820 1161 decimo
1832 1135 1866 1161 ¹³:
1881 1137 1952 1161 Haec
1967 1135 2062 1161 mafrido
2074 1144 2113 1161 vo-

1267 1179 1319 1211 bis,
1338 1181 1368 1204 ut
1386 1179 1503 1211 diliyatis
1522 1180 1642 1210 invicem,¹
1661 1194 1696 1197 —
1713 1179 1853 1211 alleyantis
1871 1180 2011 1211 rationem,
2033 1179 2113 1204 Lucae

1266 1223 1371 1253 septimo
1386 1221 1419 1246 Ν;
1440 1223 1545 1254 Diynus
1564 1223 1614 1253 est,
1633 1224 1663 1247 ut
1682 1222 1728 1247 hoc
1746 1222 1788 1247 illi
1795 1223 1928 1253 praestes;
1940 1237 1976 1240 -
1989 1222 2113 1248 detestan-

1266 1265 1310 1295 tis,
1323 1265 1426 1290 Ioannis
1439 1272 1503 1290 nono
1515 1264 1548 1290 ¹⁵:
1571 1266 1609 1290 Tu
1621 1265 1765 1296 discipulus
1778 1265 1851 1290 illius
1869 1266 1921 1295 sis,·
1933 1280 1968 1283 —
1980 1266 2114 1290 enuntian-

1266 1308 1297 1333 tis
1317 1309 1367 1333 sive
1383 1308 1577 1340 prophetantis,
1604 1309 1629 1333 in
1654 1308 1787 1339 Prophetis
1814 1309 1933 1338 maxime3
1958 1322 1993 1327 —
2017 1308 2113 1333 sollici-

1265 1351 1357 1382 tantis,
1376 1351 1407 1375 ad
1420 1351 1540 1382 Ephesios
1552 1351 1639 1383 quinto
1654 1350 1688 1376 ¹⁶:
1709 1350 1791 1382 Surae
1804 1352 1849 1382 qui
1862 1351 1959 1376 dormis
1972 1352 1996 1376 et
2007 1358 2113 1383 exsurge

1265 1401 1282 1418 a
1298 1394 1421 1425 mortuis,
1440 1395 1464 1418 et
1481 1394 1641 1419 illuminabit
1659 1395 1682 1418 te
1704 1393 1838 1424 Christum
1850 1408 1885 1411 —
1898 1393 2112 1425 commendantis,

1264 1436 1345 1461 Isaiae
1364 1437 1553 1468 quadragesimo
1571 1444 1635 1462 nono
1650 1436 1684 1461 ¹⁷:
1704 1436 1798 1462 Servus
1816 1444 1887 1462 meus
1906 1444 1930 1462 es
1950 1438 1992 1468 tu,
2011 1436 2113 1467 Israel,-

1264 1493 1298 1497 —
1312 1480 1504 1511 promittentis,
1523 1480 1646 1504 Matthaei
1664 1480 1756 1505 decimo
1781 1480 1850 1505 sexto
1864 1478 1898 1504 ¹⁸:
1925 1480 1964 1505 Et
1981 1479 2029 1504 tibi
2048 1479 2112 1504 dabo

1262 1523 1344 1548 claves
1362 1524 1437 1554 reyni
1453 1523 1594 1549 caelorum.

1334 1566 1358 1590 3.
1378 1567 1401 1591 Si
1415 1574 1478 1598 quae
1490 1573 1548 1591 vero
1562 1566 1622 1591 sunt
1634 1566 1684 1591 alia
1697 1566 1851 1596 huiusmodi,
1865 1573 1927 1598 quae
1940 1566 1965 1591 in
1979 1566 2060 1597 prima
2072 1566 2112 1591 vel

1262 1609 1288 1633 in
1306 1609 1383 1633 tertia
1411 1609 1584 1640 proponantur
1602 1616 1709 1640 persona
1728 1609 1853 1634 narrando
1872 1609 1917 1633 aut
1941 1608 2111 1638 describendo,

1264 1659 1307 1677 seu
1325 1652 1517 1677 commendando
1537 1652 1575 1677 vel
1594 1652 1764 1683 despiciendo,
1784 1652 1952 1683 promittendo
1971 1652 2010 1677 vel
2027 1659 2113 1679 conso-

1262 1695 1350 1724 lando,
1370 1695 1539 1727 conquerendo
1558 1703 1600 1720 seu
1625 1695 1753 1725 terrend03
1779 1695 1912 1727 diligenter
1936 1695 2050 1720 habenda
2074 1695 2113 1720 est

1263 1745 1323 1763 cura
1342 1738 1367 1763 et
1386 1739 1526 1769 proprietas
1545 1738 1674 1763 retinenda
1692 1745 1720 1763 ae
1739 1739 1897 1770 requirenda,
1917 1746 1963 1768 ne,
1983 1739 2003 1763 si
2020 1738 2111 1764 alicubi

1264 1781 1449 1812 Scripturarum
1468 1781 1607 1806 alliciamur
1621 1780 1649 1810 ¹⁹,
1669 1781 1775 1806 fortasse
1799 1781 1909 1806 dicatur:
1929 1781 1976 1806 Hic
2000 1782 2113 1813 increpa-

1264 1831 1332 1855 mur,
1352 1824 1391 1848 vel
1410 1831 1421 1848 e
1441 1824 1579 1853 contrario,
1599 1825 1663 1856 quod
1682 1824 1748 1849 esset
1766 1825 1939 1855 ridiculosum;
1963 1824 2032 1850 verbi
2057 1832 2113 1857 gra-

1264 1866 1300 1891 tia
1320 1867 1474 1898 proponatur
1492 1867 1553 1891 illud
1572 1867 1694 1892 Matthaei
1711 1868 1829 1898 vigesimo
1842 1866 1877 1892 ²⁰:
1895 1866 1964 1899 Quid
1981 1867 2023 1892 hic
2037 1867 2112 1893 statis

1265 1910 1319 1934 tota
1338 1910 1377 1934 die
1396 1910 1493 1934 otiosi?
1511 1910 1535 1934 Si
1555 1910 1647 1935 dicam:
1667 1910 1706 1935 hic
1725 1910 1842 1935 hortatur
1870 1917 1915 1935 nos
1935 1910 2056 1935 Dominus
2080 1910 2112 1935 ad

1265 1953 1430 1984 operandum,
1450 1954 1583 1984 improprie
1603 1953 1695 1978 dictum
1714 1954 1767 1983 est3
1792 1961 1942 1986 quamquam
1967 1954 1992 1979 et
2011 1954 2042 1979 ad
2066 1954 2112 1979 hoc

1265 1995 1401 2025 hortemur,
1427 2003 1476 2020 non
1501 1996 1584 2020 tamen
1611 1996 1796 2027 principaliter,
1823 1996 1865 2021 sed
1890 2004 1919 2021 ex
1943 1996 2110 2028 consequenti.

1265 2038 1371 2069 Ideoque
1391 2039 1506 2070 proprius
1525 2039 1564 2063 est
1581 2039 1724 2068 dicendum,
1744 2039 1773 2063 ut
1787 2039 1933 2070 principalis
1953 2047 2040 2064 sensus
2058 2039 2112 2064 the-

1265 2081 1340 2106 matis
1359 2082 1526 2112 exprimatur:
1543 2082 1604 2113 Hic,
1624 2083 1739 2113 inquam,
1758 2083 1872 2113 increpat
1885 2082 2006 2108 Dominus
2020 2082 2111 2108 otiosos

1265 2125 1290 2149 et
1308 2125 1462 2156 negligentes
1482 2126 1579 2156 operari
1597 2126 1622 2149 in
1642 2125 1694 2149 vita
1719 2126 1854 2156 praesenti.
1880 2125 1999 2157 Increpat
2026 2125 2110 2150 autem

2130 1738 2199 1761 Regula
2213 1735 2227 1757 il

2155 1762 2217 1781 tanda.
2227 1765 2229 1783 ι

2129 1910 2223 1935 Exemplum

1265 2175 1293 2192 ex
1313 2168 1384 2198 parte
1403 2169 1527 2199 naturae,
1547 2175 1601 2192 cum
1621 2168 1692 2193 dicit:
1723 2168 1791 2200 Quid
1815 2168 1911 2193 statis?
1936 2169 2007 2200 quasi
2031 2168 2111 2198 dicat,

1265 2211 1307 2241 qui
1326 2210 1379 2235 uati
1398 2211 1458 2235 estis
1477 2211 1508 2235 ad
1527 2211 1690 2241 operandum;
1709 2211 1754 2236 Iob
1768 2211 1899 2242 quint021:
1919 2212 2004 2236 Homo
2024 2211 2059 2236 ad
2077 2211 2112 2236 la-

231 2167 347 2209 {ffiofflgff
365 2168 411 2193 sub
429 2168 525 2193 ratione
550 2168 710 2199 quaerentis,
737 2168 838 2193 Genesis
865 2168 939 2193 tertio
954 2167 975 2192 ⁷:
1004 2167 1058 2193 Cur
1075 2168 1210 2199 praecepit

230 2214 355 2256 ἓζῐιοξὲὲῦιέἓζ
364 2210 434 2236 vobis
460 2211 532 2235 Deus
557 2211 617 2241 etc.;
636 2225 671 2228 ——
697 2209 868 2241 irridentis⁸,
897 2210 999 2235 Genesis
1025 2211 1099 2235 tertio
1113 2209 1135 2234 ⁹:
1166 2210 1209 2234 Vi-

230 2265 316 2284 persona.
363 2254 432 2283 dete,
451 2261 482 2278 ne
500 2253 566 2283 forte
583 2255 669 2279 sumat
686 2255 763 2278 etiam
782 2254 811 2279 de
835 2254 904 2286 liyno
923 2254 990 2279 vitae
997 2263 1005 2284 ;
1023 2268 1057 2271 —
1080 2254 1208 2284 vocantis,
1266 2253 1349 2278 berem
1367 2254 1492 2278 nascitur.
1512 2268 1547 2271 —
1565 2253 1601 2278 Ex
1622 2254 1693 2284 parte
1714 2254 1777 2285 loci,
1801 2254 1845 2279 ibi:
1873 2254 1928 2285 liic,
1948 2254 1990 2279 ubi
2017 2253 2110 2279 scilicet

362 2296 484 2321 Matthaei
510 2296 598 2328 quarto
613 2295 647 2321 ¹⁰:
673 2297 759 2321 Venite
781 2297 841 2327 post
858 2304 912 2326 me;
930 2311 965 2314 -
983 2296 1156 2327 exhortantis,
1183 2296 1208 2320 iu
1265 2303 1313 2321 non
1333 2296 1371 2320 est
1383 2296 1451 2321 locus
1464 2296 1567 2327 quietis,
1582 2297 1624 2321 sed
1637 2297 1754 2322 horroris
1768 2298 1792 2322 et
1807 2299 1894 2322 vastae
1912 2297 2061 2324 solitudinis
2072 2296 2109 2330 2”’;

363 2339 484 2371 Epistolis
502 2340 619 2369 maxime3
647 2354 682 2357 —
706 2340 879 2370 increpantis,
898 2339 1020 2364 Matthaei
1040 2340 1157 2371 vigesimo
1169 2338 1203 2364 ¹¹:
1266 2340 1370 2371 Suryite
1389 2341 1412 2364 et
1431 2340 1471 2371 ite,
1491 2341 1554 2371 quia
1571 2348 1625 2365 non
1638 2340 1734 2365 habetis
1755 2340 1795 2365 iiie
1807 2341 1928 2372 requiem.
1941 2356 1977 2360 ——
1989 2342 2026 2367 Ex
2039 2343 2110 2374 parte

1325 2540 1333 2553 ⁵
1351 2542 1399 2564 Hoc
1415 2541 1513 2564 verbum
1532 2542 1620 2564 addunt
1637 2543 1654 2565 A
1665 2543 1689 2565 B.

1323 2571 1332 2584 Β
1350 2573 1400 2595 Sola
1418 2574 1455 2595 ed.
1472 2572 1652 2602 respiciendum.
1745 2572 1753 2585 ⁷
1773 2575 1836 2597 Vers.
1859 2575 1877 2596 1.

1323 2602 1332 2615 ⁸
1349 2604 1425 2626 Verba
1444 2604 1564 2627 irridentis
1583 2607 1625 2627 cic.
1642 2605 1803 2633 supplevimus
1820 2612 1846 2628 ex
1865 2606 1916 2628 AB.

1323 2633 1332 2646 ⁹
1350 2635 1416 2658 Vers.
1434 2637 1470 2658 22.
1745 2636 1765 2649 ¹⁰
1783 2637 1847 2660 Vers.
1866 2637 1902 2660 19.

423 2540 431 2552 ¹
449 2541 478 2562 lu]
497 2541 547 2563 cod.
560 2541 577 2562 A
589 2546 659 2568 supra
676 2540 700 2562 in
717 2541 810 2563 elencho
823 2543 921 2563 notatus.
933 2540 989 2563 Cod.
1001 2541 1144 2568 Assisiensis,
1157 2547 1204 2570 quo

361 2577 416 2594 usus
428 2574 462 2594 est
478 2571 572 2599 Boneili,
591 2571 721 2594 inscribitur
734 2572 779 2594 Ars
791 2571 875 2601 fratris
888 2572 1057 2594 Bonaoenture.
1071 2573 1093 2594 ln
1106 2572 1204 2594 editione

360 2603 445 2625 Bonelli
462 2606 569 2625 tractatus
586 2602 655 2624 habet
672 2604 731 2625 huuc
744 2603 846 2625 titulum:
867 2612 877 2622 α
890 2603 985 2630 Seraph.
1003 2604 1105 2625 Doctoris
1126 2604 1147 2625 S.
1165 2604 1204 2625 Bo-

359 2637 501 2656 navenlurae
524 2634 570 2657 Ars
593 2633 760 2661 concionandi,
779 2634 803 2656 in
820 2640 865 2662 qua
886 2634 962 2656 claves
978 2635 1143 2662 scripturarum
1162 2637 1203 2657 tra-

360 2666 446 2688 duntur
463 2671 505 2693 pro
522 2664 667 2687 elaborandis
683 2665 833 2687 concionibus
846 2674 867 2687 n.
1324 2665 1342 2678 ¹²
1361 2667 1425 2689 Vers.
1443 2670 1464 2689 o.
1745 2667 1764 2680 ¹²
1782 2668 1848 2691 Vers.
1866 2669 1888 2690 2.

422 2697 464 2719 Pro
475 2696 608 2724 castiganda
626 2696 742 2724 praedicta
755 2696 854 2719 editione
871 2697 946 2725 quoad
964 2696 1069 2726 primam
1081 2697 1149 2719 huius
1162 2700 1204 2719 tra-
1324 2696 1343 2709 ¹⁸
1360 2698 1426 2720 Vers.
1446 2698 1479 2720 ¹7.
1746 2698 1765 2711 ¹⁴¹
1783 2700 1847 2722 Vers.
1867 2699 1887 2721 4.

359 2730 432 2751 ctatus
442 2731 531 2755 partem
544 2728 578 2750 usi
587 2733 668 2750 sumus
679 2728 759 2750 codice
771 2728 908 2750 Londinensi
921 2729 938 2750 A
950 2731 972 2750 et
987 2728 1115 2750 Florentino
1127 2729 1152 2751 B.
1164 2729 1205 2750 Ali·
1324 2727 1343 2740 ¹⁵
1362 2729 1425 2752 Vers.
1443 2730 1480 2752 28.
1746 2729 1765 2742 ¹⁶
1782 2731 1848 2753 Vers.
1868 2731 1903 2753 14.

359 2765 417 2788 quas
433 2760 547 2781 variantes
564 2759 670 2781 lectiones
688 2759 811 2781 habuimus
828 2759 895 2781 eliam
919 2765 944 2781 ex
967 2759 1018 2781 cod.
1038 2760 1158 2782 Parisiensi
1176 2760 1203 2786 Ε,
1324 2759 1343 2771 ¹⁷
1360 2760 1426 2782 Vers.
1444 2762 1456 2783 3

1324 2790 1342 2803 ¹⁸
1362 2792 1426 2814 Vers.
1445 2793 1480 2814 19.
1492 2793 1555 2815 Duae
1573 2793 1665 2815 ultimae
1683 2793 1853 2821 propositiones
1870 2796 1960 2815 summe
1977 2796 2030 2815 sunt
2041 2799 2067 2816 ex
2085 2793 2110 2815 B.

358 2791 398 2819 qui
416 2793 502 2812 tanturn
520 2790 596 2819 quoad
614 2790 702 2812 initium
720 2790 824 2818 opusculi
842 2791 937 2813 collatus
955 2791 1002 2813 suit.

1324 2821 1343 2834 ¹⁰
1360 2822 1416 2845 Cod.
1433 2824 1450 2845 A
1468 2823 1602 2851 allicimur,
1621 2824 1644 2847 id
1660 2828 1694 2847 est
1710 2824 1865 2848 attrahimur.

421 2820 430 2834 ²
447 2821 519 2844 Codd.
536 2822 554 2843 A
565 2822 580 2844 E
597 2821 686 2844 addunt
702 2821 848 2844 diuinarum.

421 2853 430 2865 ³
442 2852 496 2881 Cap.
508 2854 522 2875 Ι.
532 2859 553 2875 n.
562 2853 583 2875 i.
594 2865 624 2869 —
633 2853 720 2875 Deinde
732 2859 758 2875 ex
768 2854 785 2875 A
797 2853 812 2874 Β
822 2853 837 2874 E
846 2853 979 2875 adiunctum
992 2856 1025 2875 est
1036 2852 1204 2882 principaliter
1324 2852 1343 2866 ²⁰
1361 2855 1425 2877 Vers.
1445 2855 1465 2876 6.
1530 2874 1533 2876 ,

359 2886 411 2906 ante
428 2883 592 2913 praedicandi,
613 2886 635 2906 et
652 2884 704 2906 dein
722 2883 772 2907 ideo
790 2883 882 2913 aliquid
894 2884 993 2912 positum
1005 2888 1039 2907 est
1051 2890 1093 2912 pro
1105 2884 1200 2907 idcirco.
1324 2884 1342 2897 2¹
1361 2885 1425 2908 Vers.
1444 2886 1466 2908 7.
1482 2899 1513 2903 —-
1530 2887 1663 2909 lnnnediate
1680 2889 1731 2909 ante
1746 2887 1782 2909 ed.
1795 2886 1827 2909 ad
1843 2886 1949 2910 laborem
1961 2893 2004 2915 pro
2016 2885 2048 2909 ad
2059 2892 2108 2916 ope·

421 2915 431 2927 ‘¹
448 2915 504 2938 lbid.
521 2921 541 2937 c.
560 2916 595 2937 12.
613 2922 634 2937 n.
653 2916 691 2937 27.
709 2915 788 2937 Sumla
805 2918 839 2937 est
860 2916 969 2938 sententia
993 2922 1019 2938 cx
1041 2915 1158 2943 Cicerone,
1175 2916 1204 2938 de
1260 2915 1374 2939 randum.

358 2945 463 2969 Oratore.
1324 2946 1343 2960 ²²
1360 2948 1426 2970 Dent.
1444 2948 1486 2975 32,
1509 2949 1546 2976 ¹03
1564 2950 1667 2978 sequitur
1684 2949 1796 2971 Michaeas
1813 2950 1840 2977 2,
1863 2949 1896 2971 10,
