2243 3348
260 903 338 922 Divisio.

266 1556 312 1575 Pars
324 1556 338 1574 1.

226 1745 272 1763 Tres
282 1745 341 1762 status

236 1767 338 1787 Ecclesiae.

240 2585 309 2607 Primo,
323 2585 347 2604 de

216 2610 265 2626 statu
278 2608 350 2632 praela-

216 2634 283 2650 torum.

350 217 407 245 ⁰216

351 294 384 323 ad
406 294 589 327 credendum;
612 293 672 321 ideo
693 291 826 320 Dominus
857 293 949 318 noster
971 289 1046 317 lesus
1066 287 1193 315 Christus

351 341 385 369 ad
406 340 648 369 manuducendum
670 337 810 374 Apostolos
831 339 857 365 et
880 336 905 363 in
928 335 967 363 eis
988 336 1094 362 ceteros
1115 331 1193 360 Chri-
1216 333 1218 336 ’

352 388 469 421 stianos,
491 390 522 415 ut
544 386 652 415 levius¹
674 384 819 413 crederent
839 382 1036 410 miraculosum
1059 387 1129 416 opus
1151 386 1194 407 re-

352 433 532 463 surrectionis
560 433 586 460 in
618 431 726 460 Christo
752 428 960 468 complendum,
984 426 1070 455 voluit
1101 432 1193 453 coram

353 481 443 510 tribus
464 479 567 508 idoneis
587 482 614 507 et
637 475 835 514 praeordinatis
850 483 865 503 a
881 475 935 503 Deo
951 473 1076 506 testibus,
1092 471 1195 508 quibus

353 530 426 555 totus
448 525 568 554 mundus
589 523 722 554 crederet,
751 521 843 550 divina
864 519 1066 556 dispensatione
1089 517 1195 546 transfi-

352 572 463 610 gurari,
484 574 515 600 ut
536 571 666 607 gloriam,
689 577 772 605 quam
801 567 949 596 habiturus
970 569 1029 594 erat
1052 565 1078 593 in
1101 572 1195 592 resur-

353 619 489 651 rectione,
511 616 742 654 praeostenderet.
760 615 790 642 Et
805 613 934 651 quoniam
958 611 1125 648 impossibile
1140 613 1195 644 est,

352 666 471 702 aliquem
493 664 577 701 figere
598 663 683 691 aciem
705 661 746 690 sui
770 661 926 689 intellectus
947 659 973 687 in
995 658 1111 695 gloriam
1127 657 1196 685 divi-

352 720 403 741 nae
424 710 585 743 Maiestatis,
607 709 657 738 nisi
681 709 759 746 prius
780 716 795 736 a
816 707 908 735 divina
922 706 1010 742 gratia
1025 704 1197 741 praeelectus

353 762 380 787 et
400 760 582 795 praeventus,
597 756 694 784 deinde
716 763 766 784 sua
780 753 921 791 diligentia
935 753 970 781 sit
985 754 1099 788 paratus
1113 754 1197 786 atque

353 812 463 833 summo
485 803 620 832 desiderio
641 802 743 830 amoris
764 801 902 833 elevatus;
918 798 978 827 ideo
994 798 1020 826 in
1037 797 1122 826 verbo
1137 805 1198 833 pro-

354 851 441 888 posito
463 850 541 878 valde
562 849 685 877 ordinate
701 852 727 877 et
743 851 817 876 recto
832 846 927 875 ordine
946 845 1115 882 proceditur.
1131 845 1196 873 Nam

360 898 449 934 primo
471 900 583 925 notatur
612 896 703 924 divina
730 894 861 932 (It'ynatio
883 892 1021 931 mysticae
1042 891 1198 919 assumtio—

354 945 417 977 nis;
433 943 552 972 secundo
573 946 685 971 notatur
706 942 804 970 devota
816 939 1010 977 praeparatio
1025 937 1199 976 affectuosae

354 990 536 1022 elevationis,·
558 989 639 1017 tertio
662 991 773 1016 notatur
801 986 985 1023 dispensativa
1006 985 1128 1013 ostensio
1150 984 1198 1022 fit-

355 1041 440 1065 turae
459 1036 690 1074 ylerifieationis,
714 1035 804 1063 Primo
826 1042 891 1070 ergo
913 1036 1025 1061 notatur
1046 1032 1139 1060 divina
1159 1032 1199 1060 [li-

353 1084 454 1121 ynalio
476 1083 606 1120 mysticae
635 1081 826 1115 assumtionis,
849 1088 911 1109 cuni
943 1080 1023 1108 dicit:
1051 1079 1199 1107 Assumsit

356 1131 438 1158 Iesus
462 1131 580 1158 Petrum
608 1133 633 1157 et
666 1128 803 1157 Iacobum
833 1132 857 1156 et
890 1128 1050 1159 loanuem‚·
1079 1126 1200 1154 secundo

358 1180 469 1205 notatur
498 1176 595 1205 devota
621 1174 815 1212 praeparatio
837 1174 1001 1202 affectuosae
1024 1172 1199 1206 elevationis,

356 1231 418 1252 cum
441 1223 548 1251 subdit:
570 1226 596 1250 et
616 1222 701 1250 (luxit
732 1221 795 1249 illos
828 1220 858 1248 in
889 1224 1013 1248 montem
1039 1219 1200 1252 emensum,-

356 1270 484 1299 Glossa2:
511 1268 787 1306 «Transfigurandus
808 1268 834 1295 in
867 1269 986 1295 montem
1010 1266 1147 1300 ascendit,
1170 1268 1201 1294 ut

356 1318 467 1350 innuat,
490 1325 535 1345 eos
563 1316 610 1353 qui
641 1315 872 1344 resurrectionem
901 1316 1079 1350 exspectant,
1102 1313 1128 1341 in
1151 1320 1201 1341 ex—

357 1365 460 1393 celsum
475 1363 575 1392 dehere
590 1362 689 1391 elevari
702 1365 729 1390 et
745 1361 881 1390 continuis
894 1361 1023 1397 precibus
1039 1360 1164 1389 Insistere
1174 1371 1200 1394 ›»;

357 1411 438 1439 tertio
460 1413 572 1438 notatur
592 1409 777 1445 dispensativa
799 1408 920 1436 ostensio
942 1406 1065 1445 fztturae
1089 1406 1201 1444 gylorifi-

357 1457 496 1490 cationis,
513 1464 576 1485 cum
591 1456 742 1485 subinfert:
760 1454 996 1492 transliyuratus
1010 1457 1050 1482 est
1065 1457 1131 1482 ante
1146 1462 1200 1481 eos.

436 1503 452 1531 l.
475 1503 545 1531 Dicit
566 1510 647 1539 ergo:
671 1502 818 1530 slssumsit
846 1502 927 1529 Iesus
956 1501 1078 1529 Petrum
1100 1504 1125 1528 et
1157 1501 1202 1528 Ia-

357 1550 458 1579 cobum
473 1554 498 1578 et
514 1550 669 1582 loannem;
686 1549 731 1578 ubi
748 1552 860 1577 notatur
881 1548 973 1577 divina
988 1548 1119 1585 (ligynatio
1140 1556 1203 1585 my-

357 1598 445 1626 sticae
477 1597 675 1625 assumtionis.
698 1596 805 1625 Dicitur
834 1599 926 1624 autem
952 1595 1076 1633 mystica
1098 1595 1143 1623 illa
1164 1603 1203 1623 as-

358 1644 475 1678 sumtio,
497 1652 528 1673 eo
550 1643 622 1681 quod
650 1644 677 1671 in
706 1643 875 1672 assumtione
902 1643 1013 1671 illorum
1037 1642 1121 1670 trium
1144 1650 1202 1678 my-

358 1691 473 1720 sticatur
494 1694 521 1719 et
542 1691 680 1728 figuratur
705 1690 838 1719 assumtio
866 1689 982 1726 triplicis
1013 1692 1101 1718 status
1133 1689 1203 1717 mili-

357 1738 440 1766 tantis
462 1737 608 1771 Ecclesiae,
624 1737 726 1765 scillcet
738 1736 941 1773 praelationis,
957 1736 1082 1764 aetionis
1096 1738 1123 1764 et
1137 1744 1203 1763 eon-

359 1784 560 1821 templationis.
587 1784 654 1812 Nam
686 1786 774 1812 status
798 1782 992 1820 praelationis
1017 1790 1066 1819 per
1091 1783 1203 1810 Petrum

360 1831 547 1868 significatur,
569 1830 616 1867 qui
645 1830 754 1867 primus
786 1830 899 1858 futurus
931 1832 990 1858 erat
1011 1830 1039 1858 in
1071 1829 1204 1866 regimine

358 1878 492 1907 Ecclesiae.
514 1886 562 1915 per
584 1877 781 1906 assumtionem
804 1877 988 1914 praelationis.
1005 1877 1097 1905 Status
1118 1876 1204 1905 aretio-

359 1925 406 1953 nis
421 1933 470 1962 per
485 1925 613 1953 Iacobum
635 1924 816 1961 significatur,
831 1924 879 1961 qui
894 1924 1002 1961 primus
1016 1924 1130 1952 futurus
1145 1928 1204 1952 erat

358 1971 386 2000 in
407 1971 591 2000 amaritudine
620 1970 801 2007 poenitentiae
830 1978 879 2007 per
911 1973 1079 1999 tormentum
1101 1970 1204 2007 passio-

358 2018 415 2051 nis;
439 2018 547 2055 primus
568 2018 639 2046 enim
662 2017 733 2046 inter
755 2017 896 2054 Apostolos
917 2025 1014 2054 passus
1029 2017 1089 2045 fuit.
1112 2018 1204 2046 Status

359 2064 607 2101 contemplationis
629 2072 677 2101 per
694 2064 819 2092 loannem
835 2064 1016 2100 significatur,
1032 2064 1079 2101 qni
1096 2064 1204 2101 primus

359 2112 472 2140 futurus
498 2114 557 2139 erat
578 2111 605 2139 in
636 2111 806 2148 plenitudine
827 2111 931 2147 gratiae
952 2119 1002 2147 per
1023 2114 1203 2147 augmentum

359 2158 519 2187 dilectionis.
541 2158 632 2186 Primo
653 2166 719 2195 ergo
740 2158 883 2186 assumsit
905 2158 1026 2186 Petrum
1041 2162 1068 2186 et
1083 2158 1109 2186 in
1126 2158 1205 2186 Petro

360 2208 465 2233 ceteros
485 2204 519 2233 de
540 2208 613 2233 statu
645 2204 820 2241 praelationis
852 2204 884 2232 ad
916 2204 1127 2241 praesidentiam
1150 2204 1205 2232 vir-

359 2251 441 2280 tualis
473 2251 650 2288 protectionis
678 2251 705 2279 in
734 2251 869 2288 regimine
900 2251 1051 2285 Ecclesiae,
1085 2251 1205 2280 secundo

359 2298 489 2327 assumsit
510 2298 647 2326 Iacobum
664 2301 690 2326 et
712 2298 738 2326 in
755 2298 850 2326 lacobo
865 2301 971 2326 ceteros
985 2298 1018 2326 de
1034 2302 1106 2326 statu
1122 2298 1205 2326 actio-

359 2345 401 2373 nis
421 2345 454 2373 ad
476 2345 668 2373 abstinentiam
691 2345 808 2373 carnalis
829 2345 1017 2373 delectationis
1046 2345 1073 2373 in
1104 2347 1206 2374 amari-

360 2392 454 2420 tudine
476 2392 674 2428 poenitentiae;
698 2392 779 2420 tertio
808 2392 938 2420 assumsit
970 2392 1109 2420 Ioannem
1130 2395 1157 2421 et
1178 2392 1205 2420 in

361 2439 457 2467 Ioanne
479 2446 573 2467 omnes
594 2438 627 2466 de
647 2441 719 2466 statu
735 2439 973 2475 contemplationis
988 2439 1021 2467 ad
1036 2439 1205 2467 affluentiam

361 2485 511 2521 spiritualis
532 2485 725 2513 consolationis
747 2485 773 2513 in
796 2485 965 2521 plenitudine
987 2486 1100 2522 gratiae.

442 2531 531 2560 Primo
552 2532 692 2560 assumsit
714 2532 836 2560 Petrina
858 2536 884 2560 et
905 2532 931 2560 in
956 2533 1034 2561 Petro
1049 2536 1155 2561 ceteros
1173 2532 1206 2561 de

363 2581 436 2606 statu
468 2579 642 2614 praelationis
669 2578 702 2607 ad
725 2579 934 2615 praesidentiam
968 2579 1093 2608 virtualis
1115 2582 1206 2616 prote-

363 2625 459 2653 ctionis
480 2625 507 2653 in
540 2625 673 2661 regimine
700 2625 848 2659 Ecclesiae;
876 2626 948 2654 unde
979 2626 1081 2654 dicitur
1109 2626 1206 2663 Aggaei

362 2672 482 2700 secundo
497 2672 522 2699 3:
546 2672 600 2709 Ego
621 2680 775 2700 assumam
797 2676 836 2705 te,
859 2672 1031 2706 Zorobabel,
1057 2673 1102 2709 fili
1123 2673 1206 2702 Sala-

362 2717 437 2752 tliiel,
459 2727 539 2746 serve
553 2727 650 2752 nzeus,
666 2718 735 2747 alea
752 2719 904 2752 Dominus,
920 2724 945 2747 et
957 2728 1067 2756 ponam
1083 2723 1106 2748 te
1120 2720 1209 2758 quasi

361 2765 565 2802 sigynaeulum,
589 2766 660 2803 quia
682 2769 705 2793 te
726 2765 803 2803 eleyi.
826 2783 864 2786 —
885 2766 1057 2801 Zorobabel,
1080 2767 1208 2803 princeps

1011 209 1182 239 SERMONES
1203 208 1246 236 DE
1267 208 1430 236 TEMPORE.

1249 285 1330 319 Iuda,
1352 285 1398 321 qui
1422 285 1622 321 interpretatur
1644 284 1772 321 princeps
1795 284 1989 319 translationis,
2012 284 2094 321 signi—

1249 331 1313 359 ficat
1333 330 1485 367 quemlihet
1507 330 1676 367 praelatum,
1698 330 1746 367 qni
1769 334 1810 359 est
1831 331 1890 359 dux
1912 334 1939 359 et
1966 331 2094 367 princeps

1250 377 1392 405 militantis
1414 376 1563 410 Ecclesiae,
1586 385 1669 413 quam
1691 377 1794 413 eripuit
1815 377 1948 406 Dominus
1976 377 2009 406 de
2031 377 2095 414 iugo

1251 423 1392 460 potestatis
1422 423 1571 452 diabolicae
1593 423 1698 452 ratione
1727 423 1867 460 originalis
1890 424 2008 460 peccati,
2037 424 2094 453 sive

1251 470 1382 504 actualis,
1414 474 1437 498 et
1463 470 1614 498 transtulit
1635 470 1666 498 in
1697 478 1822 508 regynum
1846 470 1915 499 Filii
1936 470 2095 499 dilectionis

1250 525 1331 544 suae.
1354 516 1421 545 Huic
1442 519 1535 545 autem
1556 516 1622 545 dicit
1643 517 1790 545 Dominus:
1815 518 1973 546 Assumam
1997 521 2031 551 te,
2047 525 2096 554 per

1251 563 1367 599 gratiam
1390 563 1523 600 benignae
1544 563 1713 600 adoptionis,
1735 572 1814 592 serve
1835 572 1932 598 meus,
1949 572 1998 600 per
2020 572 2098 593 reve-

1253 609 1369 638 rentiam
1390 609 1542 638 dominicae
1564 610 1758 644 subiectionis,
1780 614 1805 638 ct
1824 618 1934 647 ponam
1966 614 1989 638 te
2010 610 2098 648 quasi

1252 656 1457 693 siqnaeulum,
1480 656 1689 685 certificativum
1721 656 1861 686 doctrinae
1888 657 1921 685 ad
1943 657 2098 686 faciendum

1254 702 1352 737 fidem,
1374 703 1560 739 promolivum
1584 703 1611 731 in
1634 711 1725 740 pugna
1756 703 1790 732 ad
1816 704 2005 740 proeliandum
2035 712 2099 733 con-

1254 752 1297 778 tra
1320 750 1424 778 hostem
1451 752 1478 778 et
1498 750 1662 778 directivum
1694 750 1722 778 in
1744 750 1787 779 via
1808 750 1842 779 ad
1873 750 2047 787 dirigendum
2071 751 2099 780 in

1254 796 1368 833 gloriam
1391 797 1550 831 caelestem;
1573 797 1653 834 quia,
1676 800 1789 834 propter
1820 798 1887 831 hoc,
1909 801 1932 826 te
1959 797 2043 835 elegi,
2066 798 2099 826 ad

1254 843 1413 871 cathedram
1435 843 1600 880 apostolicae
1622 844 1805 880 praelationis.

1334 890 1459 919 Secundo
1480 890 1610 919 assumsit
1632 890 1769 919 Iacobum
1791 893 1818 919 et
1840 891 1866 919 in
1884 891 1979 920 Iacobo
1994 895 2099 922 ceteros

1255 936 1287 965 do
1309 940 1382 965 statu
1403 937 1518 966 actionis
1538 937 1572 965 ad
1593 937 1784 966 abstinentiam
1807 938 1925 967 carnalis
1945 939 2100 968 delectatio-

1256 984 1298 1012 nis
1320 984 1346 1012 in
1368 984 1551 1013 amaritudine
1567 984 1763 1021 poenitentiae;
1780 985 1853 1014 unde
1874 985 1975 1014 dicitur
1991 986 2016 1014 in
2033 987 2102 1015 Psal-

1256 1030 1338 1058 mo⁴²1
1363 1030 1509 1066 Quoniam
1529 1034 1613 1067 patet·
1633 1040 1715 1059 meus
1742 1035 1766 1059 el
1797 1035 1891 1060 malet·
1912 1041 1977 1060 mea
2002 1032 2102 1061 dereli-

1256 1080 1381 1115 querunt
1402 1086 1461 1111 me,
1487 1078 1628 1106 Dominus
1649 1082 1747 1106 (mittem
1768 1078 1910 1107 assumsit
1930 1088 1982 1107 me.
2003 1080 2101 1117 Leyem

1254 1133 1328 1161 pone
1349 1123 1439 1158 nulii,
1474 1125 1609 1159 Domine,
1639 1125 1670 1153 in
1691 1125 1741 1153 oia
1773 1129 1825 1153 tua
1845 1129 1870 1154 et
1890 1126 1986 1163 ‹tiriqe
2006 1135 2050 1155 me
2071 1127 2103 1155 in

1256 1171 1391 1199 semitam
1412 1175 1540 1205 rectam,
1559 1176 1680 1208 propter
1708 1172 1843 1200 inimicos
1863 1181 1948 1201 meos.
1971 1190 2009 1193 —
2032 1174 2104 1209 Quo-

1257 1218 1338 1246 niam
1357 1222 1444 1255 patei·
1464 1227 1561 1252 meus,
1584 1218 1726 1253 diabolus,
1749 1223 1843 1247 mater
1872 1228 1954 1254 mea,
1977 1220 2103 1258 concupi-

1258 1265 1376 1299 scentia,
1409 1265 1625 1303 dereliquerim
1655 1274 1715 1299 nze,
1744 1268 1858 1302 propter
1889 1267 2102 1296 amaritudinem

1257 1312 1399 1340 dolorosae
1421 1312 1618 1348 poenitentiae;
1642 1312 1701 1341 ideo
1725 1312 1866 1341 Dominus
1889 1314 2031 1342 assumsit
2050 1323 2104 1349 me,

1259 1362 1371 1396 propter
1400 1359 1572 1388 collationem
1601 1359 1738 1395 gratuitae
1770 1360 1979 1390 iustificationis.
2008 1361 2039 1390 Et
2060 1370 2104 1390 ra—

1259 1406 1332 1434 tione
1354 1406 1438 1434 huius
1468 1414 1531 1434 vere
1554 1406 1696 1442 poenitens
1718 1406 1784 1443 petit
1806 1414 1868 1435 cum
1891 1407 2042 1443 desiderio,
2063 1408 2106 1437 di-

1260 1461 1338 1482 cens:
1361 1453 1460 1490 Legem
1482 1461 1554 1489 pone
1574 1451 1664 1486 milii,
1696 1453 1831 1487 Domine,
1854 1454 1885 1482 in
1906 1454 1972 1488 via,
1995 1463 2106 1491 praece-

1260 1503 1388 1537 ptorum,
1410 1504 1434 1528 et
1456 1500 1551 1537 (liriye
1571 1508 1615 1528 me
1637 1500 1667 1528 in
1688 1500 1823 1528 semitam
1838 1504 1964 1535 rectam,
1980 1502 2106 1531 consilio-

1260 1556 1339 1581 rum,
1361 1555 1395 1576 ne
1417 1547 1564 1584 aliquando
1596 1547 1713 1575 incidam
1745 1547 1772 1575 in
1795 1555 1893 1576 manus
1920 1548 2104 1578 inimicorum.

1261 1594 1292 1623 Et
1313 1595 1346 1623 de
1367 1595 1419 1623 hoc
1440 1594 1542 1623 dicitur
1565 1594 1713 1623 Ezechielis
1728 1594 1825 1623 tertio:
1843 1595 1973 1631 Spiritus
1988 1596 2107 1624 Domini

1261 1641 1364 1670 leuci-uit
1384 1650 1428 1670 me
1456 1645 1481 1670 et
1511 1641 1654 1669 assumsit
1684 1650 1744 1675 me,
1776 1646 1802 1670 et
1832 1641 1894 1670 abii
1918 1650 2045 1671 amarus
2075 1643 2107 1671 in

1260 1688 1461 1725 insliqnatione
1482 1688 1607 1725 spiritus
1627 1688 1692 1716 mei.
1716 1705 1751 1708 —
1780 1688 1911 1726 Spiritus
1933 1689 2051 1718 Domini
2071 1689 2107 1718 le-

1260 1735 1339 1763 vavit
1359 1744 1420 1769 me,
1443 1735 1469 1763 in
1498 1743 1581 1764 cruce
1610 1743 1658 1771 per
1685 1735 1814 1764 affectum
1843 1736 2012 1773 lacrymosae
2033 1745 2108 1766 com-

1261 1782 1409 1819 passionis;
1432 1786 1457 1810 et
1477 1782 1619 1811 assumsit
1639 1791 1693 1815 me,
1715 1790 1764 1819 per
1786 1790 1932 1812 excessum
1955 1783 2108 1813 inflamma-

1261 1832 1304 1858 tae
1324 1829 1492 1863 dilectionis3
1514 1833 1539 1858 et
1561 1832 1627 1858 tunc
1658 1829 1731 1858 abiit
1762 1838 1889 1858 amarus
1917 1830 1948 1859 in
1968 1830 2105 1869 iiuliyna-

1262 1876 1336 1904 tione
1356 1876 1494 1913 spiritus,
1511 1884 1560 1913 per
1575 1877 1821 1905 considerationem
1837 1877 1989 1906 dominicae
2004 1878 2107 1914 passio—

1261 1923 1318 1957 nis,
1340 1931 1404 1951 cum
1426 1923 1542 1959 cogitat,
1564 1923 1638 1960 quod
1660 1923 1761 1952 iterum
1784 1923 1811 1951 in
1833 1931 1862 1952 se
1877 1924 1936 1960 ipso
1951 1920 2109 1962 ei·ueifi9at

1262 1970 1372 1999 Filium
1395 1970 1459 2004 Dei,
1482 1970 1638 1999 reiterando
1659 1973 1811 2007 peccatum.

1340 2017 1432 2045 Tertio
1453 2017 1584 2046 assumsit
1606 2018 1745 2046 Ioannem
1770 2020 1797 2046 et
1818 2018 1845 2046 in
1875 2018 1973 2047 Ioanne
2001 2021 2107 2048 ceteros
2130 2020 2232 2064 ’ξιῇῑῑξοέοξξ

1261 2064 1295 2093 de
1315 2068 1389 2093 statu
1420 2064 1657 2101 contemplationis
1688 2064 1722 2093 ad
1754 2065 1923 2093 affluentiam
1956 2065 2108 2102 spiritualis
2119 2068 2232 2092 temptationi

1261 2111 1454 2140 consolationis
1476 2111 1501 2139 in
1524 2111 1694 2148 plenitudine
1715 2111 1834 2148 gratiae3
1857 2112 1931 2141 unde
1957 2112 2058 2142 dicitur
2079 2113 2108 2142 in

1263 2158 1406 2187 Psahn05:
1430 2158 1551 2192 Beatus,
1574 2166 1655 2196 quem
1678 2158 1786 2195 elegyisti
1805 2162 1830 2186 et
1851 2159 2034 2193 assumsisti,
2056 2158 2108 2188 lta-

1263 2205 1362 2233 bitabit
1384 2205 1415 2233 in
1436 2205 1522 2233 atriis
1544 2205 1611 2233 tuis.
1627 2222 1665 2225 —
1681 2206 1802 2239 Beatus,
1825 2214 1908 2243 quein
1929 2205 2053 2243 elegisti,
2075 2206 2109 2235 ad

1262 2255 1364 2281 statum
1387 2252 1501 2280 actionis
1522 2259 1571 2288 per
1593 2252 1758 2281 exercitium
1781 2252 1867 2281 bonae
1882 2253 2064 2289 operationis3
2084 2256 2110 2281 et

1263 2299 1446 2332 assumsisti,
1468 2298 1501 2327 ad
1523 2301 1624 2327 statum
1648 2299 1885 2335 contemplationis
1907 2307 1956 2336 per
1977 2307 2109 2336 augmen-

1263 2349 1320 2374 tum
1343 2345 1510 2379 dilectionis3
1533 2344 1676 2373 habitabit
1698 2346 1726 2374 in
1748 2346 1836 2374 atriis
1856 2346 1930 2380 tuis,
1953 2354 2002 2383 per
2023 2346 2110 2375 conti-

1262 2392 1421 2421 nuationem
1442 2392 1556 2420 devotae
1577 2392 1716 2421 orationis.
1740 2392 1771 2420 Et
1794 2392 1916 2429 procedit
1937 2393 2015 2422 valde
2036 2392 2110 2421 ordi-

1263 2442 1325 2468 nate
1346 2439 1497 2476 Propheta,
1520 2448 1551 2468 eo
1573 2440 1646 2476 quod
1668 2440 1754 2468 otium
1778 2440 1849 2469 vitae
1871 2440 2108 2477 contemplativae,

1222 2483 1224 2485 ’
1263 2493 1334 2522 quae
1355 2489 1396 2514 est
1417 2485 1480 2514 finis
1500 2486 1571 2514 vitae
1592 2486 1709 2520 activae,
1725 2486 1924 2523 praesupponit
1944 2486 2110 2515 exercitium

1263 2532 1375 2561 activae.
1398 2532 1473 2561 Unde
1504 2532 1654 2569 Gregorius
1681 2532 1708 2561 in
1730 2533 1916 2562 Moralibus⁶:
1943 2546 1956 2558 «ι
1972 2533 2023 2569 Qui
2046 2541 2110 2562 con<

1263 2579 1447 2615 templ'ationis
1468 2587 1560 2608 arcem
1583 2581 1677 2608 tenere
1701 2579 1858 2608 desiderant
1872 2580 1951 2616 prius
1966 2588 2014 2617 per
2030 2587 2108 2609 exer-

1263 2625 1358 2654 citium
1381 2626 1407 2654 in
1430 2634 1526 2663 campo
1547 2626 1714 2663 operationis
1736 2634 1764 2655 se
1786 2627 1945 2663 probent».

1342 2673 1370 2700 ll.
1394 2673 1525 2710 Sequitur
1553 2673 1686 2707 secundo,
1718 2673 1821 2702 scilicet
1852 2673 1949 2702 devota
1979 2682 2108 2711 praepa-

1263 2720 1341 2748 ratio
1373 2719 1545 2757 affeetuosae
1577 2720 1758 2754 elevationis,
1780 2728 1843 2749 cum
1875 2720 1956 2749 dicit:
1978 2724 2004 2749 et
2024 2721 2109 2749 (tamt

1264 2775 1309 2794 eos
1330 2767 1361 2795 in
1382 2771 1507 2795 montem
1529 2767 1688 2801 eoeeelsum,
1710 2770 1742 2795 ut
1762 2775 1811 2804 per
1833 2768 1885 2796 hoc
1907 2767 2019 2802 innuat,
2034 2768 2108 2805 quod

425 2920 432 2933 ¹
451 2920 506 2943 Cod.
524 2922 539 2943 F
556 2921 610 2949 legit
628 2921 718 2944 melius.

425 2959 434 2972 ²
452 2961 481 2982 Ex
499 2961 560 2983 Beda
577 2961 599 2983 in
617 2961 715 2988 Lucam,
733 2961 784 2984 libr.
802 2962 834 2984 lll.
851 2968 871 2984 c.
889 2962 910 2984 O.
929 2962 993 2991 (alias
1011 2963 1066 2992 38.).

426 2998 434 3011 ³
454 3000 518 3022 Vers.
538 3000 578 3026 243
596 3001 699 3029 sequitur
716 3000 762 3023 Col.
784 3001 802 3027 l,
824 3002 857 3023 13.

1326 2923 1336 2935 ⁴
1354 2924 1435 2946 Psalm.
1453 2924 1495 2951 -26,
1515 2925 1550 2946 ¹10.
1568 2930 1630 2952 so([.;
1647 2924 1751 2953 sequitur
1771 2925 1851 2947 Ezech.
1869 2925 1896 2951 3,
1915 2924 1951 2946 tt.
1970 2927 1991 2946 et
2008 2924 2061 2947 dein
2078 2930 2110 2947 re-

1263 2962 1359 2990 spicitur
1376 2962 1445 2984 Ilcbr.
1464 2963 1489 2991 6,
1507 2964 1528 2985 6.
1906 2962 1915 2975 ⁵
1933 2963 2015 2986 Psalm.
2033 2963 2069 2992 6-4,
2088 2963 2108 2986 5.

1325 3000 1335 3013 θ
1352 3001 1413 3024 Libr.
1430 3003 1467 3024 Vl.
1485 3008 1504 3024 c.
1523 3002 1560 3025 37.
1577 3009 1599 3024 n.
1617 3002 1654 3024 59.

2115 896 2206 920 Secundo,
2219 898 2228 917 d
2240 912 2242 915 .

2117 922 2167 939 statu
2187 921 2228 941 aaut
2241 932 2243 942 ι

2138 2678 2183 2697 Pars
2195 2679 2215 2698 ll.
