<?xml version="1.0" encoding="UTF-8"?>
<!DOCTYPE html PUBLIC "-//W3C//DTD XHTML 1.0 Transitional//EN"
    "http://www.w3.org/TR/xhtml1/DTD/xhtml1-transitional.dtd">
<html xmlns="http://www.w3.org/1999/xhtml" xml:lang="en" lang="en">
 <head>
  <title>
</title>
<meta http-equiv="Content-Type" content="text/html;charset=utf-8" />
  <meta name='ocr-system' content='tesseract 3.04.00' />
  <meta name='ocr-capabilities' content='ocr_page ocr_carea ocr_par ocr_line ocrx_word'/>
</head>
<body>
  <div class='ocr_page' id='page_1' title='image "./doctorisseraphic09bona_0595.png"; bbox 0 0 2243 3348; ppageno 0'>
   <div class='ocr_carea' id='block_1_1' title="bbox 12 923 16 969">
    <p class='ocr_par' dir='ltr' id='par_1_1' title="bbox 12 923 16 969">
     <span class='ocr_line' id='line_1_1' title="bbox 12 923 16 969; baseline 0 0"><span class='ocrx_word' id='word_1_1' title='bbox 12 923 16 969; x_wconf 86' lang='lat' dir='ltr'>l</span> 
     </span>
    </p>
   </div>
   <div class='ocr_carea' id='block_1_2' title="bbox 3 1031 93 1112">
    <p class='ocr_par' dir='ltr' id='par_1_2' title="bbox 3 1031 93 1112">
     <span class='ocr_line' id='line_1_2' title="bbox 15 1031 85 1059; baseline -0.014 -8"><span class='ocrx_word' id='word_1_2' title='bbox 15 1031 52 1051; x_wconf 73' lang='lat' dir='ltr'>’ars</span> <span class='ocrx_word' id='word_1_3' title='bbox 62 1032 85 1059; x_wconf 77' lang='lat'>¹¹.-</span> 
     </span>
     <span class='ocr_line' id='line_1_3' title="bbox 3 1057 93 1075; baseline 0.011 -2"><span class='ocrx_word' id='word_1_4' title='bbox 3 1070 5 1073; x_wconf 95' lang='lat'>.</span> <span class='ocrx_word' id='word_1_5' title='bbox 15 1057 93 1075; x_wconf 69' lang='lat' dir='ltr'>:secutio</span> 
     </span>
     <span class='ocr_line' id='line_1_4' title="bbox 14 1079 78 1112; baseline -0.016 -14"><span class='ocrx_word' id='word_1_6' title='bbox 14 1079 78 1112; x_wconf 60' lang='lat' dir='ltr'>pssieii.</span> 
     </span>
    </p>
   </div>
   <div class='ocr_carea' id='block_1_3' title="bbox 14 1136 16 1199">
    <p class='ocr_par' dir='ltr' id='par_1_3' title="bbox 14 1136 16 1199">
     <span class='ocr_line' id='line_1_5' title="bbox 14 1136 16 1199; baseline 0 0"><span class='ocrx_word' id='word_1_7' title='bbox 14 1136 16 1199; x_wconf 76' lang='lat' dir='ltr'>l</span> 
     </span>
    </p>
   </div>
   <div class='ocr_carea' id='block_1_4' title="bbox 14 1204 16 1240">
    <p class='ocr_par' dir='ltr' id='par_1_4' title="bbox 14 1204 16 1240">
     <span class='ocr_line' id='line_1_6' title="bbox 14 1204 16 1240; baseline 0 0"><span class='ocrx_word' id='word_1_8' title='bbox 14 1204 16 1240; x_wconf 78' lang='lat' dir='ltr'>l</span> 
     </span>
    </p>
   </div>
   <div class='ocr_carea' id='block_1_5' title="bbox 4 1591 101 1642">
    <p class='ocr_par' dir='ltr' id='par_1_5' title="bbox 4 1591 101 1642">
     <span class='ocr_line' id='line_1_7' title="bbox 4 1591 101 1621; baseline -0.01 -8"><span class='ocrx_word' id='word_1_9' title='bbox 4 1591 27 1613; x_wconf 77' lang='lat' dir='ltr'>&#39;la</span> <span class='ocrx_word' id='word_1_10' title='bbox 39 1598 101 1621; x_wconf 72' lang='lat' dir='ltr'>neces-</span> 
     </span>
     <span class='ocr_line' id='line_1_8' title="bbox 14 1622 72 1642; baseline 0 -7"><span class='ocrx_word' id='word_1_11' title='bbox 14 1622 72 1642; x_wconf 51' lang='lat' dir='ltr'>¹sai-izi.</span> 
     </span>
    </p>
   </div>
   <div class='ocr_carea' id='block_1_6' title="bbox 15 1685 101 1706">
    <p class='ocr_par' dir='ltr' id='par_1_6' title="bbox 15 1685 101 1706">
     <span class='ocr_line' id='line_1_9' title="bbox 15 1685 101 1706; baseline 0 0"><span class='ocrx_word' id='word_1_12' title='bbox 15 1685 101 1706; x_wconf 72' lang='lat' dir='ltr'>&#39;&#39;i-imum.</span> 
     </span>
    </p>
   </div>
   <div class='ocr_carea' id='block_1_7' title="bbox 6 2531 100 2551">
    <p class='ocr_par' dir='ltr' id='par_1_7' title="bbox 6 2531 100 2551">
     <span class='ocr_line' id='line_1_10' title="bbox 6 2531 100 2551; baseline -0.011 0"><span class='ocrx_word' id='word_1_13' title='bbox 6 2531 100 2551; x_wconf 50' lang='lat' dir='ltr'>bandum.</span> 
     </span>
    </p>
   </div>
   <div class='ocr_carea' id='block_1_8' title="bbox 754 198 1235 229">
    <p class='ocr_par' dir='ltr' id='par_1_8' title="bbox 754 198 1235 229">
     <span class='ocr_line' id='line_1_11' title="bbox 754 198 1235 229; baseline 0.002 -2"><span class='ocrx_word' id='word_1_14' title='bbox 754 199 795 227; x_wconf 88' lang='lat' dir='ltr'>DE</span> <span class='ocrx_word' id='word_1_15' title='bbox 818 199 843 227; x_wconf 90' lang='lat' dir='ltr'>S.</span> <span class='ocrx_word' id='word_1_16' title='bbox 868 198 1050 228; x_wconf 72' lang='lat' dir='ltr'>[AURENTIO</span> <span class='ocrx_word' id='word_1_17' title='bbox 1072 200 1235 229; x_wconf 74' lang='lat' dir='ltr'>MARTYRE.</span> 
     </span>
    </p>
   </div>
   <div class='ocr_carea' id='block_1_9' title="bbox 115 275 968 2610">
    <p class='ocr_par' dir='ltr' id='par_1_9' title="bbox 117 275 968 959">
     <span class='ocr_line' id='line_1_12' title="bbox 124 275 968 315; baseline 0.001 -11"><span class='ocrx_word' id='word_1_18' title='bbox 124 280 148 305; x_wconf 88' lang='lat' dir='ltr'>et</span> <span class='ocrx_word' id='word_1_19' title='bbox 169 279 264 304; x_wconf 84' lang='lat' dir='ltr'>terrae</span> <span class='ocrx_word' id='word_1_20' title='bbox 285 277 376 304; x_wconf 69' lang='lat' dir='ltr'>oio-stis</span> <span class='ocrx_word' id='word_1_21' title='bbox 395 276 541 313; x_wconf 81' lang='lat' dir='ltr'>probare‚·</span> <span class='ocrx_word' id='word_1_22' title='bbox 562 275 614 305; x_wconf 77' lang='lat' dir='ltr'>ltoe</span> <span class='ocrx_word' id='word_1_23' title='bbox 642 280 739 305; x_wconf 84' lang='lat' dir='ltr'>autem</span> <span class='ocrx_word' id='word_1_24' title='bbox 767 280 879 314; x_wconf 80' lang='lat' dir='ltr'>tempus</span> <span class='ocrx_word' id='word_1_25' title='bbox 900 285 968 315; x_wconf 86' lang='lat' dir='ltr'>quo-</span> 
     </span>
     <span class='ocr_line' id='line_1_13' title="bbox 124 322 968 360; baseline 0 -9"><span class='ocrx_word' id='word_1_26' title='bbox 124 322 207 351; x_wconf 73' lang='lat' dir='ltr'>modo</span> <span class='ocrx_word' id='word_1_27' title='bbox 228 330 285 350; x_wconf 74' lang='lat' dir='ltr'>uoti</span> <span class='ocrx_word' id='word_1_28' title='bbox 305 322 460 359; x_wconf 76' lang='lat' dir='ltr'>probatis?</span> <span class='ocrx_word' id='word_1_29' title='bbox 488 323 555 351; x_wconf 87' lang='lat' dir='ltr'>illud</span> <span class='ocrx_word' id='word_1_30' title='bbox 584 323 694 360; x_wconf 86' lang='lat' dir='ltr'>quidem</span> <span class='ocrx_word' id='word_1_31' title='bbox 723 327 833 360; x_wconf 87' lang='lat' dir='ltr'>tempus</span> <span class='ocrx_word' id='word_1_32' title='bbox 861 323 968 360; x_wconf 88' lang='lat' dir='ltr'>pietatis</span> 
     </span>
     <span class='ocr_line' id='line_1_14' title="bbox 123 369 967 407; baseline 0.001 -9"><span class='ocrx_word' id='word_1_33' title='bbox 123 373 150 399; x_wconf 92' lang='lat' dir='ltr'>et</span> <span class='ocrx_word' id='word_1_34' title='bbox 171 369 344 404; x_wconf 87' lang='lat' dir='ltr'>clementiae,</span> <span class='ocrx_word' id='word_1_35' title='bbox 367 373 476 406; x_wconf 87' lang='lat' dir='ltr'>tempus</span> <span class='ocrx_word' id='word_1_36' title='bbox 496 370 615 407; x_wconf 85' lang='lat' dir='ltr'>gratiae,</span> <span class='ocrx_word' id='word_1_37' title='bbox 638 374 748 407; x_wconf 85' lang='lat' dir='ltr'>tempus</span> <span class='ocrx_word' id='word_1_38' title='bbox 769 371 967 407; x_wconf 81' lang='lat' dir='ltr'>poenitentiae,</span> 
     </span>
     <span class='ocr_line' id='line_1_15' title="bbox 123 416 967 454; baseline 0.001 -10"><span class='ocrx_word' id='word_1_39' title='bbox 123 417 150 444; x_wconf 90' lang='lat' dir='ltr'>in</span> <span class='ocrx_word' id='word_1_40' title='bbox 172 424 228 453; x_wconf 89' lang='lat' dir='ltr'>quo</span> <span class='ocrx_word' id='word_1_41' title='bbox 251 416 324 445; x_wconf 84' lang='lat' dir='ltr'>Deus</span> <span class='ocrx_word' id='word_1_42' title='bbox 346 416 453 445; x_wconf 84' lang='lat' dir='ltr'>volebat</span> <span class='ocrx_word' id='word_1_43' title='bbox 469 425 515 445; x_wconf 84' lang='lat' dir='ltr'>eos</span> <span class='ocrx_word' id='word_1_44' title='bbox 530 417 562 445; x_wconf 85' lang='lat' dir='ltr'>ad</span> <span class='ocrx_word' id='word_1_45' title='bbox 585 425 614 446; x_wconf 86' lang='lat' dir='ltr'>se</span> <span class='ocrx_word' id='word_1_46' title='bbox 635 425 748 451; x_wconf 86' lang='lat' dir='ltr'>vocare;</span> <span class='ocrx_word' id='word_1_47' title='bbox 768 418 840 454; x_wconf 88' lang='lat' dir='ltr'>quod</span> <span class='ocrx_word' id='word_1_48' title='bbox 856 417 967 454; x_wconf 85' lang='lat' dir='ltr'>quidem</span> 
     </span>
     <span class='ocr_line' id='line_1_16' title="bbox 122 463 968 500; baseline 0.001 -9"><span class='ocrx_word' id='word_1_49' title='bbox 122 463 240 500; x_wconf 81' lang='lat' dir='ltr'>probare</span> <span class='ocrx_word' id='word_1_50' title='bbox 262 463 399 496; x_wconf 77' lang='lat' dir='ltr'>nolebant,</span> <span class='ocrx_word' id='word_1_51' title='bbox 415 464 480 500; x_wconf 83' lang='lat' dir='ltr'>quia</span> <span class='ocrx_word' id='word_1_52' title='bbox 495 463 663 492; x_wconf 81' lang='lat' dir='ltr'>intellectum</span> <span class='ocrx_word' id='word_1_53' title='bbox 678 464 711 492; x_wconf 90' lang='lat' dir='ltr'>ad</span> <span class='ocrx_word' id='word_1_54' title='bbox 728 465 814 492; x_wconf 86' lang='lat' dir='ltr'>Deum</span> <span class='ocrx_word' id='word_1_55' title='bbox 835 472 888 492; x_wconf 92' lang='lat' dir='ltr'>non</span> <span class='ocrx_word' id='word_1_56' title='bbox 904 472 968 492; x_wconf 84' lang='lat' dir='ltr'>con-</span> 
     </span>
     <span class='ocr_line' id='line_1_17' title="bbox 124 509 968 547; baseline 0.002 -10"><span class='ocrx_word' id='word_1_57' title='bbox 124 509 273 538; x_wconf 86' lang='lat' dir='ltr'>vertebant.</span> <span class='ocrx_word' id='word_1_58' title='bbox 290 509 341 537; x_wconf 85' lang='lat' dir='ltr'>Sed</span> <span class='ocrx_word' id='word_1_59' title='bbox 356 509 438 546; x_wconf 80' lang='lat' dir='ltr'>aliqui</span> <span class='ocrx_word' id='word_1_60' title='bbox 455 513 529 543; x_wconf 87' lang='lat' dir='ltr'>sunt,</span> <span class='ocrx_word' id='word_1_61' title='bbox 546 510 592 547; x_wconf 88' lang='lat' dir='ltr'>qui</span> <span class='ocrx_word' id='word_1_62' title='bbox 609 514 774 539; x_wconf 83' lang='lat' dir='ltr'>convertunt</span> <span class='ocrx_word' id='word_1_63' title='bbox 789 511 968 545; x_wconf 82' lang='lat' dir='ltr'>intellectum,</span> 
     </span>
     <span class='ocr_line' id='line_1_18' title="bbox 122 556 968 594; baseline 0.002 -10"><span class='ocrx_word' id='word_1_64' title='bbox 122 556 253 585; x_wconf 85' lang='lat' dir='ltr'>addentes</span> <span class='ocrx_word' id='word_1_65' title='bbox 274 556 418 589; x_wconf 77' lang='lat' dir='ltr'>allectuni;</span> <span class='ocrx_word' id='word_1_66' title='bbox 441 559 468 585; x_wconf 88' lang='lat' dir='ltr'>et</span> <span class='ocrx_word' id='word_1_67' title='bbox 488 557 515 585; x_wconf 89' lang='lat' dir='ltr'>hi</span> <span class='ocrx_word' id='word_1_68' title='bbox 539 557 709 586; x_wconf 87' lang='lat' dir='ltr'>sufficienter</span> <span class='ocrx_word' id='word_1_69' title='bbox 737 558 870 594; x_wconf 89' lang='lat' dir='ltr'>probant;</span> <span class='ocrx_word' id='word_1_70' title='bbox 899 565 968 594; x_wconf 90' lang='lat' dir='ltr'>quo-</span> 
     </span>
     <span class='ocr_line' id='line_1_19' title="bbox 122 603 967 640; baseline 0.002 -10"><span class='ocrx_word' id='word_1_71' title='bbox 122 610 184 631; x_wconf 88' lang='lat' dir='ltr'>rum</span> <span class='ocrx_word' id='word_1_72' title='bbox 207 610 352 639; x_wconf 77' lang='lat' dir='ltr'>personam</span> <span class='ocrx_word' id='word_1_73' title='bbox 374 603 487 639; x_wconf 76' lang='lat' dir='ltr'>gerebat</span> <span class='ocrx_word' id='word_1_74' title='bbox 508 603 601 637; x_wconf 88' lang='lat' dir='ltr'>Eliud,</span> <span class='ocrx_word' id='word_1_75' title='bbox 624 604 669 631; x_wconf 89' lang='lat' dir='ltr'>lob</span> <span class='ocrx_word' id='word_1_76' title='bbox 690 604 832 640; x_wconf 82' lang='lat' dir='ltr'>trigesimo</span> <span class='ocrx_word' id='word_1_77' title='bbox 853 605 967 638; x_wconf 86' lang='lat' dir='ltr'>sexto¹‚</span> 
     </span>
     <span class='ocr_line' id='line_1_20' title="bbox 121 649 967 687; baseline 0.001 -10"><span class='ocrx_word' id='word_1_78' title='bbox 121 649 168 686; x_wconf 92' lang='lat' dir='ltr'>qui</span> <span class='ocrx_word' id='word_1_79' title='bbox 190 649 312 678; x_wconf 82' lang='lat' dir='ltr'>dicebat:</span> <span class='ocrx_word' id='word_1_80' title='bbox 335 650 469 686; x_wconf 82' lang='lat' dir='ltr'>Repetam</span> <span class='ocrx_word' id='word_1_81' title='bbox 491 650 642 678; x_wconf 80' lang='lat' dir='ltr'>scientiam</span> <span class='ocrx_word' id='word_1_82' title='bbox 665 659 759 678; x_wconf 86' lang='lat' dir='ltr'>meam</span> <span class='ocrx_word' id='word_1_83' title='bbox 781 659 801 678; x_wconf 91' lang='lat' dir='ltr'>a</span> <span class='ocrx_word' id='word_1_84' title='bbox 821 650 967 687; x_wconf 77' lang='lat' dir='ltr'>principio</span> 
     </span>
     <span class='ocr_line' id='line_1_21' title="bbox 121 696 966 733; baseline 0.001 -9"><span class='ocrx_word' id='word_1_85' title='bbox 121 700 146 725; x_wconf 86' lang='lat' dir='ltr'>et</span> <span class='ocrx_word' id='word_1_86' title='bbox 157 699 338 733; x_wconf 74' lang='lat' dir='ltr'><em>operatorem</em></span> <span class='ocrx_word' id='word_1_87' title='bbox 353 705 447 724; x_wconf 84' lang='lat' dir='ltr'>meum</span> <span class='ocrx_word' id='word_1_88' title='bbox 462 696 592 733; x_wconf 82' lang='lat' dir='ltr'>probabo</span> <span class='ocrx_word' id='word_1_89' title='bbox 608 697 727 725; x_wconf 80' lang='lat' dir='ltr'>iustum.</span> <span class='ocrx_word' id='word_1_90' title='bbox 744 697 835 725; x_wconf 88' lang='lat' dir='ltr'>Verbo</span> <span class='ocrx_word' id='word_1_91' title='bbox 850 697 966 730; x_wconf 83' lang='lat' dir='ltr'>dicebat,</span> 
     </span>
     <span class='ocr_line' id='line_1_22' title="bbox 121 743 967 780; baseline 0 -9"><span class='ocrx_word' id='word_1_92' title='bbox 121 743 166 771; x_wconf 88' lang='lat' dir='ltr'>sed</span> <span class='ocrx_word' id='word_1_93' title='bbox 179 743 353 779; x_wconf 76' lang='lat' dir='ltr'>improbabat</span> <span class='ocrx_word' id='word_1_94' title='bbox 364 743 442 771; x_wconf 82' lang='lat' dir='ltr'>facto.</span> <span class='ocrx_word' id='word_1_95' title='bbox 456 743 533 772; x_wconf 89' lang='lat' dir='ltr'>Tales</span> <span class='ocrx_word' id='word_1_96' title='bbox 548 744 662 772; x_wconf 79' lang='lat' dir='ltr'>fuerunt</span> <span class='ocrx_word' id='word_1_97' title='bbox 678 743 842 780; x_wconf 77' lang='lat' dir='ltr'>philosophi,</span> <span class='ocrx_word' id='word_1_98' title='bbox 858 744 891 772; x_wconf 86' lang='lat' dir='ltr'>de</span> <span class='ocrx_word' id='word_1_99' title='bbox 905 744 967 780; x_wconf 81' lang='lat' dir='ltr'>qui-</span> 
     </span>
     <span class='ocr_line' id='line_1_23' title="bbox 120 789 967 827; baseline 0 -10"><span class='ocrx_word' id='word_1_100' title='bbox 120 789 173 818; x_wconf 87' lang='lat' dir='ltr'>bus</span> <span class='ocrx_word' id='word_1_101' title='bbox 194 789 227 817; x_wconf 87' lang='lat' dir='ltr'>ad</span> <span class='ocrx_word' id='word_1_102' title='bbox 248 790 382 818; x_wconf 81' lang='lat' dir='ltr'>Romanos</span> <span class='ocrx_word' id='word_1_103' title='bbox 404 790 509 826; x_wconf 88' lang='lat' dir='ltr'>primo:</span> <span class='ocrx_word' id='word_1_104' title='bbox 531 790 665 826; x_wconf 75' lang='lat' dir='ltr'>Quoniam</span> <span class='ocrx_word' id='word_1_105' title='bbox 688 799 746 818; x_wconf 78' lang='lat' dir='ltr'>mm</span> <span class='ocrx_word' id='word_1_106' title='bbox 766 789 967 827; x_wconf 78' lang='lat' dir='ltr'>probaverunt</span> 
     </span>
     <span class='ocr_line' id='line_1_24' title="bbox 123 834 966 870; baseline 0 -6"><span class='ocrx_word' id='word_1_107' title='bbox 123 836 214 864; x_wconf 85' lang='lat' dir='ltr'>Deum</span> <span class='ocrx_word' id='word_1_108' title='bbox 229 834 333 864; x_wconf 73' lang='lat' dir='ltr'>babere</span> <span class='ocrx_word' id='word_1_109' title='bbox 354 837 385 864; x_wconf 79' lang='lat' dir='ltr'>in</span> <span class='ocrx_word' id='word_1_110' title='bbox 407 836 521 870; x_wconf 79' lang='lat' dir='ltr'>notitia,</span> <span class='ocrx_word' id='word_1_111' title='bbox 544 837 668 864; x_wconf 74' lang='lat' dir='ltr'>tradidit</span> <span class='ocrx_word' id='word_1_112' title='bbox 689 836 752 864; x_wconf 82' lang='lat' dir='ltr'>illos</span> <span class='ocrx_word' id='word_1_113' title='bbox 773 837 849 864; x_wconf 82' lang='lat' dir='ltr'>Deus</span> <span class='ocrx_word' id='word_1_114' title='bbox 870 837 900 864; x_wconf 76' lang='lat' dir='ltr'>iit</span> <span class='ocrx_word' id='word_1_115' title='bbox 923 845 966 864; x_wconf 83' lang='lat' dir='ltr'>re-</span> 
     </span>
     <span class='ocr_line' id='line_1_25' title="bbox 117 882 966 920; baseline 0 -9"><span class='ocrx_word' id='word_1_116' title='bbox 117 882 244 920; x_wconf 77' lang='lat' dir='ltr'>probum</span> <span class='ocrx_word' id='word_1_117' title='bbox 266 891 391 911; x_wconf 79' lang='lat' dir='ltr'>sensum.</span> <span class='ocrx_word' id='word_1_118' title='bbox 421 884 490 911; x_wconf 87' lang='lat' dir='ltr'>Haec</span> <span class='ocrx_word' id='word_1_119' title='bbox 515 887 607 912; x_wconf 86' lang='lat' dir='ltr'>autem</span> <span class='ocrx_word' id='word_1_120' title='bbox 636 883 824 911; x_wconf 75' lang='lat' dir='ltr'>indubitanter</span> <span class='ocrx_word' id='word_1_121' title='bbox 853 883 966 911; x_wconf 75' lang='lat' dir='ltr'>creden-</span> 
     </span>
     <span class='ocr_line' id='line_1_26' title="bbox 120 929 679 959; baseline 0 -2"><span class='ocrx_word' id='word_1_122' title='bbox 120 929 185 958; x_wconf 90' lang='lat' dir='ltr'>dum</span> <span class='ocrx_word' id='word_1_123' title='bbox 208 932 249 958; x_wconf 85' lang='lat' dir='ltr'>est</span> <span class='ocrx_word' id='word_1_124' title='bbox 269 930 353 958; x_wconf 79' lang='lat' dir='ltr'>fuisse</span> <span class='ocrx_word' id='word_1_125' title='bbox 374 930 400 958; x_wconf 91' lang='lat' dir='ltr'>in</span> <span class='ocrx_word' id='word_1_126' title='bbox 425 931 503 959; x_wconf 87' lang='lat' dir='ltr'>beato</span> <span class='ocrx_word' id='word_1_127' title='bbox 525 930 679 959; x_wconf 86' lang='lat' dir='ltr'>Laurentio.</span> 
     </span>
    </p>

    <p class='ocr_par' dir='ltr' id='par_1_10' title="bbox 118 976 966 1624">
     <span class='ocr_line' id='line_1_27' title="bbox 200 976 965 1013; baseline 0 -9"><span class='ocrx_word' id='word_1_128' title='bbox 200 977 227 1005; x_wconf 93' lang='lat' dir='ltr'>ll.</span> <span class='ocrx_word' id='word_1_129' title='bbox 250 976 368 1005; x_wconf 76' lang='lat' dir='ltr'>lustitia</span> <span class='ocrx_word' id='word_1_130' title='bbox 389 976 420 1004; x_wconf 79' lang='lat' dir='ltr'>in</span> <span class='ocrx_word' id='word_1_131' title='bbox 440 977 619 1005; x_wconf 68' lang='lat' dir='ltr'>exsecutione</span> <span class='ocrx_word' id='word_1_132' title='bbox 640 976 759 1013; x_wconf 86' lang='lat' dir='ltr'>suscepti</span> <span class='ocrx_word' id='word_1_133' title='bbox 778 976 870 1010; x_wconf 77' lang='lat' dir='ltr'>oflicii,</span> <span class='ocrx_word' id='word_1_134' title='bbox 892 976 965 1013; x_wconf 88' lang='lat' dir='ltr'>quod</span> 
     </span>
     <span class='ocr_line' id='line_1_28' title="bbox 119 1023 964 1061; baseline -0.002 -8"><span class='ocrx_word' id='word_1_135' title='bbox 119 1024 229 1061; x_wconf 86' lang='lat' dir='ltr'>quidem</span> <span class='ocrx_word' id='word_1_136' title='bbox 252 1023 304 1052; x_wconf 89' lang='lat' dir='ltr'>fuit</span> <span class='ocrx_word' id='word_1_137' title='bbox 332 1023 501 1052; x_wconf 84' lang='lat' dir='ltr'>custodiendi</span> <span class='ocrx_word' id='word_1_138' title='bbox 530 1027 557 1052; x_wconf 82' lang='lat' dir='ltr'>et</span> <span class='ocrx_word' id='word_1_139' title='bbox 584 1023 758 1060; x_wconf 83' lang='lat' dir='ltr'>dispensandi</span> <span class='ocrx_word' id='word_1_140' title='bbox 785 1023 964 1056; x_wconf 74' lang='lat' dir='ltr'>thesaurum,</span> 
     </span>
     <span class='ocr_line' id='line_1_29' title="bbox 120 1069 966 1099; baseline -0.002 0"><span class='ocrx_word' id='word_1_141' title='bbox 120 1071 171 1099; x_wconf 86' lang='lat' dir='ltr'>hoc</span> <span class='ocrx_word' id='word_1_142' title='bbox 192 1070 264 1099; x_wconf 85' lang='lat' dir='ltr'>enim</span> <span class='ocrx_word' id='word_1_143' title='bbox 281 1073 339 1098; x_wconf 87' lang='lat' dir='ltr'>erat</span> <span class='ocrx_word' id='word_1_144' title='bbox 354 1070 475 1098; x_wconf 87' lang='lat' dir='ltr'>officium</span> <span class='ocrx_word' id='word_1_145' title='bbox 492 1070 685 1098; x_wconf 77' lang='lat' dir='ltr'>archidiaconi.</span> <span class='ocrx_word' id='word_1_146' title='bbox 702 1070 771 1098; x_wconf 83' lang='lat' dir='ltr'>Haec.</span> <span class='ocrx_word' id='word_1_147' title='bbox 786 1072 878 1097; x_wconf 88' lang='lat' dir='ltr'>autem</span> <span class='ocrx_word' id='word_1_148' title='bbox 895 1069 966 1097; x_wconf 90' lang='lat' dir='ltr'>iuste</span> 
     </span>
     <span class='ocr_line' id='line_1_30' title="bbox 120 1116 964 1154; baseline -0.002 -8"><span class='ocrx_word' id='word_1_149' title='bbox 120 1121 270 1146; x_wconf 76' lang='lat' dir='ltr'>exsecutus</span> <span class='ocrx_word' id='word_1_150' title='bbox 291 1117 351 1145; x_wconf 82' lang='lat' dir='ltr'>fuit.</span> <span class='ocrx_word' id='word_1_151' title='bbox 374 1117 449 1145; x_wconf 83' lang='lat' dir='ltr'>Unde</span> <span class='ocrx_word' id='word_1_152' title='bbox 471 1117 521 1146; x_wconf 87' lang='lat' dir='ltr'>sibi</span> <span class='ocrx_word' id='word_1_153' title='bbox 544 1118 674 1154; x_wconf 71' lang='lat' dir='ltr'>competit</span> <span class='ocrx_word' id='word_1_154' title='bbox 696 1117 761 1145; x_wconf 85' lang='lat' dir='ltr'>illud</span> <span class='ocrx_word' id='word_1_155' title='bbox 787 1116 964 1145; x_wconf 83' lang='lat' dir='ltr'>Ecclesiastici</span> 
     </span>
     <span class='ocr_line' id='line_1_31' title="bbox 120 1164 965 1202; baseline -0.002 -9"><span class='ocrx_word' id='word_1_156' title='bbox 120 1165 260 1202; x_wconf 83' lang='lat' dir='ltr'>trigesimo</span> <span class='ocrx_word' id='word_1_157' title='bbox 282 1165 372 1201; x_wconf 91' lang='lat' dir='ltr'>primo</span> <span class='ocrx_word' id='word_1_158' title='bbox 387 1165 413 1192; x_wconf 77' lang='lat'>²:</span> <span class='ocrx_word' id='word_1_159' title='bbox 436 1165 545 1192; x_wconf 84' lang='lat' dir='ltr'>Beatus</span> <span class='ocrx_word' id='word_1_160' title='bbox 567 1164 662 1198; x_wconf 76' lang='lat' dir='ltr'>clines,</span> <span class='ocrx_word' id='word_1_161' title='bbox 685 1164 736 1201; x_wconf 83' lang='lat' dir='ltr'>qui</span> <span class='ocrx_word' id='word_1_162' title='bbox 764 1164 898 1192; x_wconf 79' lang='lat' dir='ltr'>inventus</span> <span class='ocrx_word' id='word_1_163' title='bbox 926 1167 965 1191; x_wconf 81' lang='lat' dir='ltr'>est</span> 
     </span>
     <span class='ocr_line' id='line_1_32' title="bbox 119 1205 965 1249; baseline -0.001 -10"><span class='ocrx_word' id='word_1_164' title='bbox 119 1211 181 1240; x_wconf 78' lang='lat' dir='ltr'>siue</span> <span class='ocrx_word' id='word_1_165' title='bbox 201 1211 320 1239; x_wconf 85' lang='lat' dir='ltr'>maeala</span> <span class='ocrx_word' id='word_1_166' title='bbox 341 1205 365 1239; x_wconf 81' lang='lat' dir='ltr'>et</span> <span class='ocrx_word' id='word_1_167' title='bbox 387 1211 438 1249; x_wconf 85' lang='lat' dir='ltr'>qui</span> <span class='ocrx_word' id='word_1_168' title='bbox 450 1215 515 1248; x_wconf 86' lang='lat' dir='ltr'>post</span> <span class='ocrx_word' id='word_1_169' title='bbox 536 1219 648 1239; x_wconf 87' lang='lat' dir='ltr'>aurum</span> <span class='ocrx_word' id='word_1_170' title='bbox 663 1219 721 1239; x_wconf 76' lang='lat' dir='ltr'>non</span> <span class='ocrx_word' id='word_1_171' title='bbox 743 1210 815 1239; x_wconf 89' lang='lat' dir='ltr'>abiit</span> <span class='ocrx_word' id='word_1_172' title='bbox 829 1218 880 1238; x_wconf 76' lang='lat' dir='ltr'>itee</span> <span class='ocrx_word' id='word_1_173' title='bbox 903 1219 965 1247; x_wconf 84' lang='lat' dir='ltr'>spe-</span> 
     </span>
     <span class='ocr_line' id='line_1_33' title="bbox 119 1256 965 1295; baseline -0.002 -9"><span class='ocrx_word' id='word_1_174' title='bbox 119 1258 199 1287; x_wconf 81' lang='lat' dir='ltr'>ravit</span> <span class='ocrx_word' id='word_1_175' title='bbox 220 1258 250 1286; x_wconf 80' lang='lat' dir='ltr'>in</span> <span class='ocrx_word' id='word_1_176' title='bbox 271 1258 396 1295; x_wconf 79' lang='lat' dir='ltr'>pecunia</span> <span class='ocrx_word' id='word_1_177' title='bbox 417 1263 442 1286; x_wconf 87' lang='lat' dir='ltr'>et</span> <span class='ocrx_word' id='word_1_178' title='bbox 463 1257 619 1286; x_wconf 73' lang='lat' dir='ltr'>thesauris.</span> <span class='ocrx_word' id='word_1_179' title='bbox 638 1258 709 1293; x_wconf 79' lang='lat' dir='ltr'>Quis</span> <span class='ocrx_word' id='word_1_180' title='bbox 723 1262 763 1286; x_wconf 85' lang='lat' dir='ltr'>est</span> <span class='ocrx_word' id='word_1_181' title='bbox 784 1256 840 1291; x_wconf 79' lang='lat' dir='ltr'>liic,</span> <span class='ocrx_word' id='word_1_182' title='bbox 862 1262 887 1285; x_wconf 88' lang='lat' dir='ltr'>et</span> <span class='ocrx_word' id='word_1_183' title='bbox 901 1257 965 1285; x_wconf 85' lang='lat' dir='ltr'>laa-</span> 
     </span>
     <span class='ocr_line' id='line_1_34' title="bbox 120 1305 964 1334; baseline -0.002 0"><span class='ocrx_word' id='word_1_184' title='bbox 120 1305 257 1334; x_wconf 79' lang='lat' dir='ltr'>tlabimtts</span> <span class='ocrx_word' id='word_1_185' title='bbox 278 1305 365 1333; x_wconf 79' lang='lat' dir='ltr'>eum?</span> <span class='ocrx_word' id='word_1_186' title='bbox 388 1305 466 1333; x_wconf 79' lang='lat' dir='ltr'>Fecit</span> <span class='ocrx_word' id='word_1_187' title='bbox 486 1306 563 1333; x_wconf 81' lang='lat' dir='ltr'>enim</span> <span class='ocrx_word' id='word_1_188' title='bbox 584 1305 737 1333; x_wconf 85' lang='lat' dir='ltr'>mirabilia</span> <span class='ocrx_word' id='word_1_189' title='bbox 759 1305 789 1332; x_wconf 71' lang='lat' dir='ltr'>iit</span> <span class='ocrx_word' id='word_1_190' title='bbox 814 1305 874 1333; x_wconf 77' lang='lat' dir='ltr'>vita</span> <span class='ocrx_word' id='word_1_191' title='bbox 898 1313 964 1333; x_wconf 87' lang='lat' dir='ltr'>sua.</span> 
     </span>
     <span class='ocr_line' id='line_1_35' title="bbox 122 1351 964 1389; baseline -0.001 -9"><span class='ocrx_word' id='word_1_192' title='bbox 122 1352 180 1388; x_wconf 84' lang='lat' dir='ltr'>Qui</span> <span class='ocrx_word' id='word_1_193' title='bbox 196 1352 341 1389; x_wconf 81' lang='lat' dir='ltr'>probatus</span> <span class='ocrx_word' id='word_1_194' title='bbox 361 1356 401 1380; x_wconf 87' lang='lat' dir='ltr'>est</span> <span class='ocrx_word' id='word_1_195' title='bbox 423 1353 452 1380; x_wconf 75' lang='lat' dir='ltr'>iii</span> <span class='ocrx_word' id='word_1_196' title='bbox 474 1352 522 1380; x_wconf 89' lang='lat' dir='ltr'>illo</span> <span class='ocrx_word' id='word_1_197' title='bbox 543 1356 567 1380; x_wconf 88' lang='lat' dir='ltr'>et</span> <span class='ocrx_word' id='word_1_198' title='bbox 588 1351 735 1389; x_wconf 78' lang='lat' dir='ltr'>perfectus</span> <span class='ocrx_word' id='word_1_199' title='bbox 760 1352 888 1380; x_wconf 88' lang='lat' dir='ltr'>inventus</span> <span class='ocrx_word' id='word_1_200' title='bbox 909 1355 964 1385; x_wconf 86' lang='lat' dir='ltr'>est,</span> 
     </span>
     <span class='ocr_line' id='line_1_36' title="bbox 119 1399 965 1437; baseline -0.001 -9"><span class='ocrx_word' id='word_1_201' title='bbox 119 1400 175 1428; x_wconf 84' lang='lat' dir='ltr'>erit</span> <span class='ocrx_word' id='word_1_202' title='bbox 194 1399 238 1428; x_wconf 82' lang='lat' dir='ltr'>illi</span> <span class='ocrx_word' id='word_1_203' title='bbox 256 1400 354 1437; x_wconf 63' lang='lat' dir='ltr'>gloria</span> <span class='ocrx_word' id='word_1_204' title='bbox 376 1403 503 1428; x_wconf 78' lang='lat' dir='ltr'>aeterua.</span> <span class='ocrx_word' id='word_1_205' title='bbox 520 1400 591 1428; x_wconf 86' lang='lat' dir='ltr'>Talis</span> <span class='ocrx_word' id='word_1_206' title='bbox 606 1399 658 1427; x_wconf 87' lang='lat' dir='ltr'>fuit</span> <span class='ocrx_word' id='word_1_207' title='bbox 681 1400 777 1428; x_wconf 83' lang='lat' dir='ltr'>beatus</span> <span class='ocrx_word' id='word_1_208' title='bbox 792 1399 965 1433; x_wconf 74' lang='lat' dir='ltr'>Laurentius,</span> 
     </span>
     <span class='ocr_line' id='line_1_37' title="bbox 120 1446 966 1484; baseline -0.002 -9"><span class='ocrx_word' id='word_1_209' title='bbox 120 1447 166 1484; x_wconf 91' lang='lat' dir='ltr'>qui</span> <span class='ocrx_word' id='word_1_210' title='bbox 189 1447 327 1484; x_wconf 72' lang='lat' dir='ltr'>dispersit</span> <span class='ocrx_word' id='word_1_211' title='bbox 348 1450 374 1475; x_wconf 87' lang='lat' dir='ltr'>et</span> <span class='ocrx_word' id='word_1_212' title='bbox 407 1447 483 1475; x_wconf 76' lang='lat' dir='ltr'>(ledit</span> <span class='ocrx_word' id='word_1_213' title='bbox 508 1446 708 1483; x_wconf 82' lang='lat' dir='ltr'>pauperibus,</span> <span class='ocrx_word' id='word_1_214' title='bbox 730 1454 783 1474; x_wconf 91' lang='lat' dir='ltr'>non</span> <span class='ocrx_word' id='word_1_215' title='bbox 813 1446 966 1474; x_wconf 77' lang='lat' dir='ltr'>cumulavit</span> 
     </span>
     <span class='ocr_line' id='line_1_38' title="bbox 119 1493 965 1531; baseline -0.001 -9"><span class='ocrx_word' id='word_1_216' title='bbox 119 1501 168 1522; x_wconf 81' lang='lat' dir='ltr'>neo</span> <span class='ocrx_word' id='word_1_217' title='bbox 190 1494 367 1531; x_wconf 74' lang='lat' dir='ltr'>congregavit</span> <span class='ocrx_word' id='word_1_218' title='bbox 387 1501 438 1522; x_wconf 80' lang='lat' dir='ltr'>nec</span> <span class='ocrx_word' id='word_1_219' title='bbox 459 1494 589 1522; x_wconf 73' lang='lat' dir='ltr'>distraxit</span> <span class='ocrx_word' id='word_1_220' title='bbox 613 1494 684 1522; x_wconf 82' lang='lat' dir='ltr'>bona</span> <span class='ocrx_word' id='word_1_221' title='bbox 705 1501 868 1530; x_wconf 88' lang='lat' dir='ltr'>pauperum.</span> <span class='ocrx_word' id='word_1_222' title='bbox 885 1509 921 1513; x_wconf 98' lang='lat'><strong>—</strong></span> <span class='ocrx_word' id='word_1_223' title='bbox 938 1493 965 1521; x_wconf 92' lang='lat' dir='ltr'>ln</span> 
     </span>
     <span class='ocr_line' id='line_1_39' title="bbox 120 1540 966 1570; baseline -0.001 -1"><span class='ocrx_word' id='word_1_224' title='bbox 120 1541 277 1569; x_wconf 86' lang='lat' dir='ltr'>huiusmodi</span> <span class='ocrx_word' id='word_1_225' title='bbox 306 1544 398 1570; x_wconf 85' lang='lat' dir='ltr'>autem</span> <span class='ocrx_word' id='word_1_226' title='bbox 430 1541 533 1569; x_wconf 84' lang='lat' dir='ltr'>iustitia</span> <span class='ocrx_word' id='word_1_227' title='bbox 561 1548 656 1569; x_wconf 87' lang='lat' dir='ltr'>omnes</span> <span class='ocrx_word' id='word_1_228' title='bbox 686 1540 802 1569; x_wconf 86' lang='lat' dir='ltr'>ministri</span> <span class='ocrx_word' id='word_1_229' title='bbox 832 1540 966 1568; x_wconf 73' lang='lat' dir='ltr'>Ecclesiae</span> 
     </span>
     <span class='ocr_line' id='line_1_40' title="bbox 118 1587 964 1624; baseline -0.001 -8"><span class='ocrx_word' id='word_1_230' title='bbox 118 1587 218 1616; x_wconf 86' lang='lat' dir='ltr'>debent</span> <span class='ocrx_word' id='word_1_231' title='bbox 239 1595 298 1616; x_wconf 87' lang='lat' dir='ltr'>esse</span> <span class='ocrx_word' id='word_1_232' title='bbox 321 1588 437 1624; x_wconf 83' lang='lat' dir='ltr'>probati,</span> <span class='ocrx_word' id='word_1_233' title='bbox 459 1587 533 1624; x_wconf 87' lang='lat' dir='ltr'>quod</span> <span class='ocrx_word' id='word_1_234' title='bbox 555 1587 585 1615; x_wconf 80' lang='lat' dir='ltr'>tit</span> <span class='ocrx_word' id='word_1_235' title='bbox 600 1589 661 1624; x_wconf 85' lang='lat' dir='ltr'>(per</span> <span class='ocrx_word' id='word_1_236' title='bbox 677 1587 738 1621; x_wconf 88' lang='lat' dir='ltr'>tria,</span> <span class='ocrx_word' id='word_1_237' title='bbox 754 1595 825 1624; x_wconf 85' lang='lat' dir='ltr'>quae</span> <span class='ocrx_word' id='word_1_238' title='bbox 846 1590 912 1615; x_wconf 86' lang='lat' dir='ltr'>sunt</span> <span class='ocrx_word' id='word_1_239' title='bbox 926 1587 964 1621; x_wconf 75' lang='lat'>3):</span> 
     </span>
    </p>

    <p class='ocr_par' dir='ltr' id='par_1_11' title="bbox 115 1633 966 2469">
     <span class='ocr_line' id='line_1_41' title="bbox 203 1633 966 1671; baseline -0.001 -8"><span class='ocrx_word' id='word_1_240' title='bbox 203 1635 306 1663; x_wconf 81' lang='lat' dir='ltr'>Unitas</span> <span class='ocrx_word' id='word_1_241' title='bbox 321 1635 494 1663; x_wconf 72' lang='lat' dir='ltr'>concordiae</span> <span class='ocrx_word' id='word_1_242' title='bbox 509 1638 622 1671; x_wconf 87' lang='lat' dir='ltr'>propter</span> <span class='ocrx_word' id='word_1_243' title='bbox 637 1633 870 1671; x_wconf 70' lang='lat' dir='ltr'>conformitatem</span> <span class='ocrx_word' id='word_1_244' title='bbox 886 1637 966 1662; x_wconf 80' lang='lat' dir='ltr'>natu-</span> 
     </span>
     <span class='ocr_line' id='line_1_42' title="bbox 119 1680 966 1719; baseline -0.002 -9"><span class='ocrx_word' id='word_1_245' title='bbox 119 1688 175 1716; x_wconf 81' lang='lat' dir='ltr'>rae,</span> <span class='ocrx_word' id='word_1_246' title='bbox 196 1684 228 1710; x_wconf 87' lang='lat' dir='ltr'>ut</span> <span class='ocrx_word' id='word_1_247' title='bbox 249 1680 324 1710; x_wconf 69' lang='lat' dir='ltr'>nili-il</span> <span class='ocrx_word' id='word_1_248' title='bbox 343 1681 437 1719; x_wconf 81' lang='lat' dir='ltr'>faeiat</span> <span class='ocrx_word' id='word_1_249' title='bbox 459 1681 513 1710; x_wconf 78' lang='lat' dir='ltr'>alii</span> <span class='ocrx_word' id='word_1_250' title='bbox 533 1682 609 1719; x_wconf 75' lang='lat' dir='ltr'>quoa</span> <span class='ocrx_word' id='word_1_251' title='bbox 630 1681 687 1710; x_wconf 83' lang='lat' dir='ltr'>sibi</span> <span class='ocrx_word' id='word_1_252' title='bbox 706 1681 777 1709; x_wconf 52' lang='lat' dir='ltr'>‘nolit</span> <span class='ocrx_word' id='word_1_253' title='bbox 797 1681 899 1717; x_wconf 40' lang='lat' dir='ltr'>fieri&amp;</span> <span class='ocrx_word' id='word_1_254' title='bbox 922 1681 966 1709; x_wconf 88' lang='lat' dir='ltr'>Ec-</span> 
     </span>
     <span class='ocr_line' id='line_1_43' title="bbox 120 1727 965 1765; baseline -0.002 -7"><span class='ocrx_word' id='word_1_255' title='bbox 120 1727 261 1759; x_wconf 80' lang='lat' dir='ltr'>clesiastioi</span> <span class='ocrx_word' id='word_1_256' title='bbox 285 1728 417 1765; x_wconf 82' lang='lat' dir='ltr'>vigesimo</span> <span class='ocrx_word' id='word_1_257' title='bbox 432 1728 544 1765; x_wconf 81' lang='lat' dir='ltr'>quinto:</span> <span class='ocrx_word' id='word_1_258' title='bbox 568 1728 602 1756; x_wconf 76' lang='lat' dir='ltr'>Iu</span> <span class='ocrx_word' id='word_1_259' title='bbox 624 1728 719 1756; x_wconf 80' lang='lat' dir='ltr'>tribus</span> <span class='ocrx_word' id='word_1_260' title='bbox 740 1728 809 1757; x_wconf 86' lang='lat' dir='ltr'>bene</span> <span class='ocrx_word' id='word_1_261' title='bbox 823 1728 965 1765; x_wconf 77' lang='lat' dir='ltr'>plaeitimi</span> 
     </span>
     <span class='ocr_line' id='line_1_44' title="bbox 119 1775 965 1814; baseline -0.001 -10"><span class='ocrx_word' id='word_1_262' title='bbox 119 1779 159 1804; x_wconf 86' lang='lat' dir='ltr'>est</span> <span class='ocrx_word' id='word_1_263' title='bbox 179 1775 302 1813; x_wconf 81' lang='lat' dir='ltr'>spiritui</span> <span class='ocrx_word' id='word_1_264' title='bbox 323 1783 393 1809; x_wconf 83' lang='lat' dir='ltr'>meo,</span> <span class='ocrx_word' id='word_1_265' title='bbox 415 1784 490 1814; x_wconf 82' lang='lat' dir='ltr'>quae</span> <span class='ocrx_word' id='word_1_266' title='bbox 510 1779 579 1803; x_wconf 81' lang='lat' dir='ltr'>sunt</span> <span class='ocrx_word' id='word_1_267' title='bbox 597 1775 725 1812; x_wconf 80' lang='lat' dir='ltr'>probata</span> <span class='ocrx_word' id='word_1_268' title='bbox 746 1783 847 1803; x_wconf 84' lang='lat' dir='ltr'>eoram</span> <span class='ocrx_word' id='word_1_269' title='bbox 872 1775 927 1803; x_wconf 80' lang='lat' dir='ltr'>Deo</span> <span class='ocrx_word' id='word_1_270' title='bbox 941 1778 965 1803; x_wconf 89' lang='lat' dir='ltr'>et</span> 
     </span>
     <span class='ocr_line' id='line_1_45' title="bbox 119 1822 966 1859; baseline -0.002 -8"><span class='ocrx_word' id='word_1_271' title='bbox 119 1822 300 1851; x_wconf 78' lang='lat' dir='ltr'>bominibus:</span> <span class='ocrx_word' id='word_1_272' title='bbox 323 1822 481 1851; x_wconf 75' lang='lat' dir='ltr'>eoncordia</span> <span class='ocrx_word' id='word_1_273' title='bbox 501 1822 646 1859; x_wconf 77' lang='lat' dir='ltr'>fratrum,</span> <span class='ocrx_word' id='word_1_274' title='bbox 669 1826 695 1850; x_wconf 90' lang='lat' dir='ltr'>et</span> <span class='ocrx_word' id='word_1_275' title='bbox 715 1830 800 1850; x_wconf 83' lang='lat' dir='ltr'>amor</span> <span class='ocrx_word' id='word_1_276' title='bbox 818 1822 966 1859; x_wconf 70' lang='lat' dir='ltr'>proximo-</span> 
     </span>
     <span class='ocr_line' id='line_1_46' title="bbox 119 1869 964 1905; baseline -0.002 -6"><span class='ocrx_word' id='word_1_277' title='bbox 119 1878 202 1905; x_wconf 85' lang='lat' dir='ltr'>rum,</span> <span class='ocrx_word' id='word_1_278' title='bbox 224 1875 249 1899; x_wconf 88' lang='lat' dir='ltr'>et</span> <span class='ocrx_word' id='word_1_279' title='bbox 269 1870 317 1898; x_wconf 56' lang='lat' dir='ltr'>&#39;uir</span> <span class='ocrx_word' id='word_1_280' title='bbox 337 1874 362 1898; x_wconf 90' lang='lat' dir='ltr'>et</span> <span class='ocrx_word' id='word_1_281' title='bbox 382 1869 489 1898; x_wconf 81' lang='lat' dir='ltr'>malier</span> <span class='ocrx_word' id='word_1_282' title='bbox 511 1870 576 1898; x_wconf 80' lang='lat' dir='ltr'>bene</span> <span class='ocrx_word' id='word_1_283' title='bbox 596 1869 653 1898; x_wconf 88' lang='lat' dir='ltr'>sibi</span> <span class='ocrx_word' id='word_1_284' title='bbox 673 1870 884 1898; x_wconf 75' lang='lat' dir='ltr'>eonsentientes,</span> <span class='ocrx_word' id='word_1_285' title='bbox 909 1869 964 1897; x_wconf 83' lang='lat' dir='ltr'>Pri-</span> 
     </span>
     <span class='ocr_line' id='line_1_47' title="bbox 119 1916 963 1953; baseline -0.002 -7"><span class='ocrx_word' id='word_1_286' title='bbox 119 1925 195 1946; x_wconf 88' lang='lat' dir='ltr'>mum</span> <span class='ocrx_word' id='word_1_287' title='bbox 218 1917 360 1946; x_wconf 85' lang='lat' dir='ltr'>vinculum</span> <span class='ocrx_word' id='word_1_288' title='bbox 382 1921 408 1945; x_wconf 89' lang='lat' dir='ltr'>et</span> <span class='ocrx_word' id='word_1_289' title='bbox 430 1917 543 1945; x_wconf 86' lang='lat' dir='ltr'>tertium</span> <span class='ocrx_word' id='word_1_290' title='bbox 572 1917 665 1953; x_wconf 83' lang='lat' dir='ltr'>aliquo</span> <span class='ocrx_word' id='word_1_291' title='bbox 692 1916 773 1945; x_wconf 86' lang='lat' dir='ltr'>modo</span> <span class='ocrx_word' id='word_1_292' title='bbox 801 1919 963 1953; x_wconf 68' lang='lat' dir='ltr'>reputath</span> 
     </span>
     <span class='ocr_line' id='line_1_48' title="bbox 121 1964 964 2001; baseline -0.002 -8"><span class='ocrx_word' id='word_1_293' title='bbox 121 1964 168 1993; x_wconf 86' lang='lat' dir='ltr'>sed</span> <span class='ocrx_word' id='word_1_294' title='bbox 190 1964 309 1993; x_wconf 88' lang='lat' dir='ltr'>medium</span> <span class='ocrx_word' id='word_1_295' title='bbox 331 1964 388 1993; x_wconf 83' lang='lat' dir='ltr'>fere</span> <span class='ocrx_word' id='word_1_296' title='bbox 402 1964 514 1992; x_wconf 89' lang='lat' dir='ltr'>omnino</span> <span class='ocrx_word' id='word_1_297' title='bbox 529 1964 696 2001; x_wconf 77' lang='lat' dir='ltr'>despicitur3</span> <span class='ocrx_word' id='word_1_298' title='bbox 718 1972 781 1992; x_wconf 86' lang='lat' dir='ltr'>nam</span> <span class='ocrx_word' id='word_1_299' title='bbox 795 1964 873 2000; x_wconf 84' lang='lat' dir='ltr'>pauci</span> <span class='ocrx_word' id='word_1_300' title='bbox 890 1966 964 1997; x_wconf 89' lang='lat' dir='ltr'>sunt,</span> 
     </span>
     <span class='ocr_line' id='line_1_49' title="bbox 119 2010 966 2048; baseline -0.001 -9"><span class='ocrx_word' id='word_1_301' title='bbox 119 2011 166 2048; x_wconf 89' lang='lat' dir='ltr'>qui</span> <span class='ocrx_word' id='word_1_302' title='bbox 188 2011 324 2048; x_wconf 81' lang='lat' dir='ltr'>proximis</span> <span class='ocrx_word' id='word_1_303' title='bbox 346 2012 519 2048; x_wconf 81' lang='lat' dir='ltr'>copulentur,</span> <span class='ocrx_word' id='word_1_304' title='bbox 542 2011 607 2048; x_wconf 86' lang='lat' dir='ltr'>quia</span> <span class='ocrx_word' id='word_1_305' title='bbox 627 2010 702 2048; x_wconf 81' lang='lat' dir='ltr'>faeti</span> <span class='ocrx_word' id='word_1_306' title='bbox 722 2014 787 2039; x_wconf 86' lang='lat' dir='ltr'>sunt</span> <span class='ocrx_word' id='word_1_307' title='bbox 808 2011 847 2039; x_wconf 74' lang='lat' dir='ltr'>aa</span> <span class='ocrx_word' id='word_1_308' title='bbox 862 2011 966 2047; x_wconf 60' lang='lat' dir='ltr'>imityi-</span> 
     </span>
     <span class='ocr_line' id='line_1_50' title="bbox 118 2057 965 2094; baseline 0 -9"><span class='ocrx_word' id='word_1_309' title='bbox 118 2066 182 2086; x_wconf 77' lang='lat' dir='ltr'>nem</span> <span class='ocrx_word' id='word_1_310' title='bbox 206 2058 266 2092; x_wconf 85' lang='lat' dir='ltr'>Dei,</span> <span class='ocrx_word' id='word_1_311' title='bbox 289 2066 350 2086; x_wconf 82' lang='lat' dir='ltr'>cum</span> <span class='ocrx_word' id='word_1_312' title='bbox 377 2058 449 2086; x_wconf 69' lang='lat' dir='ltr'>dicat</span> <span class='ocrx_word' id='word_1_313' title='bbox 470 2058 615 2094; x_wconf 72' lang='lat' dir='ltr'>Apostolus</span> <span class='ocrx_word' id='word_1_314' title='bbox 642 2058 675 2086; x_wconf 86' lang='lat' dir='ltr'>ad</span> <span class='ocrx_word' id='word_1_315' title='bbox 698 2058 832 2086; x_wconf 86' lang='lat' dir='ltr'>Romanos</span> <span class='ocrx_word' id='word_1_316' title='bbox 859 2057 965 2085; x_wconf 82' lang='lat' dir='ltr'>decimo</span> 
     </span>
     <span class='ocr_line' id='line_1_51' title="bbox 119 2103 965 2141; baseline -0.001 -9"><span class='ocrx_word' id='word_1_317' title='bbox 119 2104 200 2133; x_wconf 84' lang='lat' dir='ltr'>tertio</span> <span class='ocrx_word' id='word_1_318' title='bbox 215 2105 242 2132; x_wconf 82' lang='lat'>⁵:</span> <span class='ocrx_word' id='word_1_319' title='bbox 259 2104 317 2140; x_wconf 79' lang='lat' dir='ltr'>Qui</span> <span class='ocrx_word' id='word_1_320' title='bbox 331 2104 425 2141; x_wconf 77' lang='lat' dir='ltr'>(liligyit</span> <span class='ocrx_word' id='word_1_321' title='bbox 438 2104 609 2141; x_wconf 68' lang='lat' dir='ltr'>proximum</span> <span class='ocrx_word' id='word_1_322' title='bbox 626 2105 725 2141; x_wconf 71' lang='lat' dir='ltr'>Leyem</span> <span class='ocrx_word' id='word_1_323' title='bbox 740 2103 874 2140; x_wconf 78' lang='lat' dir='ltr'>implebit.</span> <span class='ocrx_word' id='word_1_324' title='bbox 890 2103 965 2132; x_wconf 83' lang='lat' dir='ltr'>Unde</span> 
     </span>
     <span class='ocr_line' id='line_1_52' title="bbox 119 2150 963 2188; baseline -0.001 -9"><span class='ocrx_word' id='word_1_325' title='bbox 119 2152 182 2188; x_wconf 90' lang='lat' dir='ltr'>plus</span> <span class='ocrx_word' id='word_1_326' title='bbox 203 2151 291 2188; x_wconf 87' lang='lat' dir='ltr'>placet</span> <span class='ocrx_word' id='word_1_327' title='bbox 315 2151 368 2179; x_wconf 85' lang='lat' dir='ltr'>Deo</span> <span class='ocrx_word' id='word_1_328' title='bbox 388 2151 497 2179; x_wconf 86' lang='lat' dir='ltr'>dilectio</span> <span class='ocrx_word' id='word_1_329' title='bbox 518 2154 545 2179; x_wconf 86' lang='lat' dir='ltr'>et</span> <span class='ocrx_word' id='word_1_330' title='bbox 562 2150 714 2179; x_wconf 84' lang='lat' dir='ltr'>aedificatio</span> <span class='ocrx_word' id='word_1_331' title='bbox 736 2151 855 2187; x_wconf 84' lang='lat' dir='ltr'>proximi</span> <span class='ocrx_word' id='word_1_332' title='bbox 881 2158 963 2187; x_wconf 84' lang='lat' dir='ltr'>quam</span> 
     </span>
     <span class='ocr_line' id='line_1_53' title="bbox 119 2197 965 2234; baseline -0.001 -8"><span class='ocrx_word' id='word_1_333' title='bbox 119 2198 267 2226; x_wconf 78' lang='lat' dir='ltr'>maceratio</span> <span class='ocrx_word' id='word_1_334' title='bbox 281 2198 406 2234; x_wconf 74' lang='lat' dir='ltr'>corporis</span> <span class='ocrx_word' id='word_1_335' title='bbox 422 2197 541 2234; x_wconf 80' lang='lat' dir='ltr'>proprii;</span> <span class='ocrx_word' id='word_1_336' title='bbox 564 2200 678 2234; x_wconf 88' lang='lat' dir='ltr'>propter</span> <span class='ocrx_word' id='word_1_337' title='bbox 693 2197 766 2234; x_wconf 86' lang='lat' dir='ltr'>quod</span> <span class='ocrx_word' id='word_1_338' title='bbox 782 2197 814 2226; x_wconf 84' lang='lat' dir='ltr'>ad</span> <span class='ocrx_word' id='word_1_339' title='bbox 830 2198 965 2226; x_wconf 83' lang='lat' dir='ltr'>Romanos</span> 
     </span>
     <span class='ocr_line' id='line_1_54' title="bbox 119 2244 964 2282; baseline -0.002 -8"><span class='ocrx_word' id='word_1_340' title='bbox 119 2244 224 2274; x_wconf 82' lang='lat' dir='ltr'>decimo</span> <span class='ocrx_word' id='word_1_341' title='bbox 245 2248 360 2281; x_wconf 82' lang='lat' dir='ltr'>quarto:</span> <span class='ocrx_word' id='word_1_342' title='bbox 385 2244 448 2273; x_wconf 77' lang='lat' dir='ltr'>Non</span> <span class='ocrx_word' id='word_1_343' title='bbox 468 2249 509 2273; x_wconf 87' lang='lat' dir='ltr'>est</span> <span class='ocrx_word' id='word_1_344' title='bbox 529 2253 651 2282; x_wconf 68' lang='lat' dir='ltr'>reymtm</span> <span class='ocrx_word' id='word_1_345' title='bbox 677 2245 728 2272; x_wconf 80' lang='lat' dir='ltr'>Dei</span> <span class='ocrx_word' id='word_1_346' title='bbox 741 2253 806 2273; x_wconf 88' lang='lat' dir='ltr'>esea</span> <span class='ocrx_word' id='word_1_347' title='bbox 825 2248 850 2273; x_wconf 86' lang='lat' dir='ltr'>et</span> <span class='ocrx_word' id='word_1_348' title='bbox 867 2248 964 2281; x_wconf 81' lang='lat' dir='ltr'>potus,</span> 
     </span>
     <span class='ocr_line' id='line_1_55' title="bbox 118 2291 963 2329; baseline -0.001 -9"><span class='ocrx_word' id='word_1_349' title='bbox 118 2291 169 2320; x_wconf 82' lang='lat' dir='ltr'>sed</span> <span class='ocrx_word' id='word_1_350' title='bbox 190 2292 305 2320; x_wconf 81' lang='lat' dir='ltr'>iustitia</span> <span class='ocrx_word' id='word_1_351' title='bbox 326 2295 351 2320; x_wconf 84' lang='lat' dir='ltr'>et</span> <span class='ocrx_word' id='word_1_352' title='bbox 368 2300 432 2329; x_wconf 70' lang='lat' dir='ltr'>pax</span> <span class='ocrx_word' id='word_1_353' title='bbox 453 2296 479 2320; x_wconf 83' lang='lat' dir='ltr'>et</span> <span class='ocrx_word' id='word_1_354' title='bbox 497 2292 647 2329; x_wconf 68' lang='lat' dir='ltr'>yautlium</span> <span class='ocrx_word' id='word_1_355' title='bbox 668 2292 697 2320; x_wconf 82' lang='lat' dir='ltr'>in</span> <span class='ocrx_word' id='word_1_356' title='bbox 721 2292 835 2328; x_wconf 78' lang='lat' dir='ltr'>Spiritu</span> <span class='ocrx_word' id='word_1_357' title='bbox 853 2295 963 2319; x_wconf 79' lang='lat' dir='ltr'>saneto.</span> 
     </span>
     <span class='ocr_line' id='line_1_56' title="bbox 121 2338 965 2375; baseline -0.001 -8"><span class='ocrx_word' id='word_1_358' title='bbox 121 2339 178 2374; x_wconf 82' lang='lat' dir='ltr'>Qui</span> <span class='ocrx_word' id='word_1_359' title='bbox 198 2339 273 2367; x_wconf 80' lang='lat' dir='ltr'>enim</span> <span class='ocrx_word' id='word_1_360' title='bbox 294 2339 325 2367; x_wconf 74' lang='grc' dir='ltr'>ἰ’-η</span> <span class='ocrx_word' id='word_1_361' title='bbox 346 2338 398 2367; x_wconf 82' lang='lat' dir='ltr'>ltoe</span> <span class='ocrx_word' id='word_1_362' title='bbox 418 2339 507 2367; x_wconf 79' lang='lat' dir='ltr'>seruit</span> <span class='ocrx_word' id='word_1_363' title='bbox 531 2338 643 2367; x_wconf 73' lang='lat' dir='ltr'>Clu-isto</span> <span class='ocrx_word' id='word_1_364' title='bbox 662 2338 757 2375; x_wconf 80' lang='lat' dir='ltr'>placet</span> <span class='ocrx_word' id='word_1_365' title='bbox 779 2339 834 2366; x_wconf 87' lang='lat' dir='ltr'>Deo</span> <span class='ocrx_word' id='word_1_366' title='bbox 856 2342 880 2366; x_wconf 89' lang='lat' dir='ltr'>et</span> <span class='ocrx_word' id='word_1_367' title='bbox 898 2347 965 2375; x_wconf 84' lang='lat' dir='ltr'>pro-</span> 
     </span>
     <span class='ocr_line' id='line_1_57' title="bbox 120 2385 965 2423; baseline -0.001 -9"><span class='ocrx_word' id='word_1_368' title='bbox 120 2385 205 2414; x_wconf 84' lang='lat' dir='ltr'>batus</span> <span class='ocrx_word' id='word_1_369' title='bbox 226 2390 266 2414; x_wconf 77' lang='lat' dir='ltr'>est</span> <span class='ocrx_word' id='word_1_370' title='bbox 281 2385 464 2419; x_wconf 75' lang='lat' dir='ltr'>bomin-ilms;</span> <span class='ocrx_word' id='word_1_371' title='bbox 485 2389 512 2414; x_wconf 89' lang='lat' dir='ltr'>et</span> <span class='ocrx_word' id='word_1_372' title='bbox 528 2386 587 2414; x_wconf 88' lang='lat' dir='ltr'>ideo</span> <span class='ocrx_word' id='word_1_373' title='bbox 602 2386 747 2414; x_wconf 86' lang='lat' dir='ltr'>subditur:</span> <span class='ocrx_word' id='word_1_374' title='bbox 770 2386 870 2423; x_wconf 85' lang='lat' dir='ltr'>Itaque</span> <span class='ocrx_word' id='word_1_375' title='bbox 891 2394 965 2423; x_wconf 84' lang='lat' dir='ltr'>quae</span> 
     </span>
     <span class='ocr_line' id='line_1_58' title="bbox 115 2433 460 2469; baseline 0 -8"><span class='ocrx_word' id='word_1_376' title='bbox 115 2433 201 2469; x_wconf 76' lang='lat' dir='ltr'>pacis</span> <span class='ocrx_word' id='word_1_377' title='bbox 222 2436 290 2461; x_wconf 74' lang='lat' dir='ltr'>sunt</span> <span class='ocrx_word' id='word_1_378' title='bbox 310 2436 460 2461; x_wconf 79' lang='lat' dir='ltr'>sectemur.</span> 
     </span>
    </p>

    <p class='ocr_par' dir='ltr' id='par_1_12' title="bbox 118 2478 965 2610">
     <span class='ocr_line' id='line_1_59' title="bbox 200 2478 965 2516; baseline -0.001 -8"><span class='ocrx_word' id='word_1_379' title='bbox 200 2479 343 2508; x_wconf 80' lang='lat' dir='ltr'>Severitas</span> <span class='ocrx_word' id='word_1_380' title='bbox 365 2480 510 2508; x_wconf 74' lang='lat' dir='ltr'>vindictae</span> <span class='ocrx_word' id='word_1_381' title='bbox 538 2483 651 2516; x_wconf 85' lang='lat' dir='ltr'>propter</span> <span class='ocrx_word' id='word_1_382' title='bbox 672 2478 886 2516; x_wconf 77' lang='lat' dir='ltr'>deformitatem</span> <span class='ocrx_word' id='word_1_383' title='bbox 907 2479 965 2508; x_wconf 82' lang='lat' dir='ltr'>cul-</span> 
     </span>
     <span class='ocr_line' id='line_1_60' title="bbox 121 2526 965 2563; baseline 0 -9"><span class='ocrx_word' id='word_1_384' title='bbox 121 2534 186 2562; x_wconf 80' lang='lat' dir='ltr'>pae;</span> <span class='ocrx_word' id='word_1_385' title='bbox 209 2526 361 2563; x_wconf 83' lang='lat' dir='ltr'>Sapientiae</span> <span class='ocrx_word' id='word_1_386' title='bbox 382 2527 472 2563; x_wconf 90' lang='lat' dir='ltr'>primo</span> <span class='ocrx_word' id='word_1_387' title='bbox 486 2527 512 2554; x_wconf 73' lang='lat'>⁶:</span> <span class='ocrx_word' id='word_1_388' title='bbox 535 2527 695 2555; x_wconf 77' lang='lat' dir='ltr'>Perversae</span> <span class='ocrx_word' id='word_1_389' title='bbox 715 2526 903 2563; x_wconf 74' lang='lat' dir='ltr'>eoyitationes</span> <span class='ocrx_word' id='word_1_390' title='bbox 923 2535 965 2554; x_wconf 85' lang='lat' dir='ltr'>se-</span> 
     </span>
     <span class='ocr_line' id='line_1_61' title="bbox 118 2573 964 2610; baseline 0 -9"><span class='ocrx_word' id='word_1_391' title='bbox 118 2577 231 2610; x_wconf 75' lang='lat' dir='ltr'>parant</span> <span class='ocrx_word' id='word_1_392' title='bbox 252 2581 271 2601; x_wconf 89' lang='lat' dir='ltr'>a</span> <span class='ocrx_word' id='word_1_393' title='bbox 294 2574 360 2606; x_wconf 89' lang='lat' dir='ltr'>Deo,</span> <span class='ocrx_word' id='word_1_394' title='bbox 383 2573 487 2602; x_wconf 82' lang='lat' dir='ltr'>scilicet</span> <span class='ocrx_word' id='word_1_395' title='bbox 503 2576 614 2610; x_wconf 88' lang='lat' dir='ltr'>propter</span> <span class='ocrx_word' id='word_1_396' title='bbox 636 2573 836 2601; x_wconf 81' lang='lat' dir='ltr'>deformitatem</span> <span class='ocrx_word' id='word_1_397' title='bbox 852 2573 964 2610; x_wconf 78' lang='lat' dir='ltr'>culpae3</span> 
     </span>
    </p>
   </div>
   <div class='ocr_carea' id='block_1_10' title="bbox 121 2762 966 3025">
    <p class='ocr_par' dir='ltr' id='par_1_13' title="bbox 184 2762 620 2792">
     <span class='ocr_line' id='line_1_62' title="bbox 184 2762 620 2792; baseline 0.002 -8"><span class='ocrx_word' id='word_1_398' title='bbox 184 2762 191 2774; x_wconf 85' lang='lat'>¹</span> <span class='ocrx_word' id='word_1_399' title='bbox 210 2763 275 2785; x_wconf 64' lang='lat' dir='ltr'>Vers.</span> <span class='ocrx_word' id='word_1_400' title='bbox 295 2764 321 2789; x_wconf 82' lang='grc'>3;</span> <span class='ocrx_word' id='word_1_401' title='bbox 339 2763 442 2792; x_wconf 87' lang='lat' dir='ltr'>sequitur</span> <span class='ocrx_word' id='word_1_402' title='bbox 460 2763 525 2785; x_wconf 77' lang='lat' dir='ltr'>Rom.</span> <span class='ocrx_word' id='word_1_403' title='bbox 547 2764 565 2789; x_wconf 89' lang='lat' dir='ltr'>l,</span> <span class='ocrx_word' id='word_1_404' title='bbox 582 2763 620 2785; x_wconf 76' lang='lat'>28.</span> 
     </span>
    </p>

    <p class='ocr_par' dir='ltr' id='par_1_14' title="bbox 183 2801 641 2831">
     <span class='ocr_line' id='line_1_63' title="bbox 183 2801 641 2831; baseline 0 -7"><span class='ocrx_word' id='word_1_405' title='bbox 183 2801 192 2814; x_wconf 86' lang='lat'><strong>²</strong></span> <span class='ocrx_word' id='word_1_406' title='bbox 210 2802 275 2824; x_wconf 79' lang='lat' dir='ltr'>Vers.</span> <span class='ocrx_word' id='word_1_407' title='bbox 294 2802 359 2829; x_wconf 54' lang='lat'>840,</span> <span class='ocrx_word' id='word_1_408' title='bbox 376 2802 480 2831; x_wconf 79' lang='lat' dir='ltr'>sequitur</span> <span class='ocrx_word' id='word_1_409' title='bbox 497 2803 531 2824; x_wconf 68' lang='grc' dir='ltr'>ΡΞ,</span> <span class='ocrx_word' id='word_1_410' title='bbox 550 2803 558 2824; x_wconf 83' lang='grc'>·1</span> <span class='ocrx_word' id='word_1_411' title='bbox 570 2803 574 2823; x_wconf 95' lang='lat' dir='ltr'>l</span> <span class='ocrx_word' id='word_1_412' title='bbox 585 2803 602 2830; x_wconf 83' lang='lat' dir='ltr'>l,</span> <span class='ocrx_word' id='word_1_413' title='bbox 620 2803 641 2824; x_wconf 86' lang='lat'>8.</span> 
     </span>
    </p>

    <p class='ocr_par' dir='ltr' id='par_1_15' title="bbox 121 2839 966 2902">
     <span class='ocr_line' id='line_1_64' title="bbox 184 2839 966 2870; baseline 0.001 -7"><span class='ocrx_word' id='word_1_414' title='bbox 184 2839 193 2852; x_wconf 79' lang='lat'>³</span> <span class='ocrx_word' id='word_1_415' title='bbox 211 2841 362 2863; x_wconf 75' lang='lat' dir='ltr'>Adiunximus</span> <span class='ocrx_word' id='word_1_416' title='bbox 378 2840 450 2862; x_wconf 82' lang='lat' dir='ltr'>verba</span> <span class='ocrx_word' id='word_1_417' title='bbox 468 2841 620 2868; x_wconf 81' lang='lat' dir='ltr'>parenthesis,</span> <span class='ocrx_word' id='word_1_418' title='bbox 638 2847 679 2869; x_wconf 84' lang='lat' dir='ltr'>pro</span> <span class='ocrx_word' id='word_1_419' title='bbox 691 2841 816 2870; x_wconf 75' lang='lat' dir='ltr'>quibus‘iu</span> <span class='ocrx_word' id='word_1_420' title='bbox 833 2842 912 2864; x_wconf 87' lang='lat' dir='ltr'>codice</span> <span class='ocrx_word' id='word_1_421' title='bbox 928 2842 966 2864; x_wconf 86' lang='lat' dir='ltr'>ad-</span> 
     </span>
     <span class='ocr_line' id='line_1_65' title="bbox 121 2879 259 2902; baseline -0.007 0"><span class='ocrx_word' id='word_1_422' title='bbox 121 2882 155 2902; x_wconf 84' lang='lat' dir='ltr'>est</span> <span class='ocrx_word' id='word_1_423' title='bbox 171 2879 259 2902; x_wconf 81' lang='lat' dir='ltr'>lacuna.</span> 
     </span>
    </p>

    <p class='ocr_par' dir='ltr' id='par_1_16' title="bbox 121 2918 963 2987">
     <span class='ocr_line' id='line_1_66' title="bbox 186 2918 963 2949; baseline 0.001 -9"><span class='ocrx_word' id='word_1_424' title='bbox 186 2918 195 2930; x_wconf 76' lang='lat'>⁴¹</span> <span class='ocrx_word' id='word_1_425' title='bbox 211 2919 339 2947; x_wconf 78' lang='lat' dir='ltr'>Respicitur</span> <span class='ocrx_word' id='word_1_426' title='bbox 357 2919 416 2941; x_wconf 86' lang='lat' dir='ltr'>Tob.</span> <span class='ocrx_word' id='word_1_427' title='bbox 439 2919 459 2946; x_wconf 76' lang='lat'>4,</span> <span class='ocrx_word' id='word_1_428' title='bbox 487 2919 518 2941; x_wconf 90' lang='grc'>16.</span> <span class='ocrx_word' id='word_1_429' title='bbox 543 2919 631 2946; x_wconf 81' lang='lat' dir='ltr'>(Malth.</span> <span class='ocrx_word' id='word_1_430' title='bbox 645 2919 667 2946; x_wconf 88' lang='lat'>7,</span> <span class='ocrx_word' id='word_1_431' title='bbox 689 2920 722 2941; x_wconf 74' lang='lat'>¹2.</span> <span class='ocrx_word' id='word_1_432' title='bbox 745 2923 767 2941; x_wconf 87' lang='lat' dir='ltr'>et</span> <span class='ocrx_word' id='word_1_433' title='bbox 789 2920 842 2942; x_wconf 83' lang='lat' dir='ltr'>Luc.</span> <span class='ocrx_word' id='word_1_434' title='bbox 865 2920 886 2948; x_wconf 80' lang='lat'>6,</span> <span class='ocrx_word' id='word_1_435' title='bbox 905 2920 963 2949; x_wconf 83' lang='lat' dir='ltr'>3l.);</span> 
     </span>
     <span class='ocr_line' id='line_1_67' title="bbox 121 2958 697 2987; baseline 0 -8"><span class='ocrx_word' id='word_1_436' title='bbox 121 2961 249 2986; x_wconf 81' lang='lat' dir='ltr'>sequuntur</span> <span class='ocrx_word' id='word_1_437' title='bbox 267 2958 332 2980; x_wconf 77' lang='lat' dir='ltr'>Eccli.</span> <span class='ocrx_word' id='word_1_438' title='bbox 350 2958 387 2985; x_wconf 76' lang='lat'>25,</span> <span class='ocrx_word' id='word_1_439' title='bbox 409 2958 425 2980; x_wconf 92' lang='lat' dir='ltr'>l.</span> <span class='ocrx_word' id='word_1_440' title='bbox 444 2964 492 2987; x_wconf 84' lang='lat' dir='ltr'>seq.</span> <span class='ocrx_word' id='word_1_441' title='bbox 510 2961 531 2980; x_wconf 87' lang='lat' dir='ltr'>et</span> <span class='ocrx_word' id='word_1_442' title='bbox 548 2958 605 2980; x_wconf 88' lang='lat' dir='ltr'>Gen.</span> <span class='ocrx_word' id='word_1_443' title='bbox 625 2959 643 2985; x_wconf 79' lang='lat' dir='ltr'>l,</span> <span class='ocrx_word' id='word_1_444' title='bbox 660 2958 697 2980; x_wconf 72' lang='lat'>27.</span> 
     </span>
    </p>

    <p class='ocr_par' dir='ltr' id='par_1_17' title="bbox 184 2995 671 3025">
     <span class='ocr_line' id='line_1_68' title="bbox 184 2995 671 3025; baseline 0.002 -7"><span class='ocrx_word' id='word_1_445' title='bbox 184 2995 193 3008; x_wconf 80' lang='lat'>⁵</span> <span class='ocrx_word' id='word_1_446' title='bbox 211 2997 277 3019; x_wconf 78' lang='lat' dir='ltr'>Vei-s.</span> <span class='ocrx_word' id='word_1_447' title='bbox 294 2998 320 3025; x_wconf 80' lang='grc'>8;</span> <span class='ocrx_word' id='word_1_448' title='bbox 338 2997 442 3025; x_wconf 85' lang='lat' dir='ltr'>sequitur</span> <span class='ocrx_word' id='word_1_449' title='bbox 459 3003 477 3019; x_wconf 71' lang='lat' dir='ltr'>c,</span> <span class='ocrx_word' id='word_1_450' title='bbox 497 2997 534 3023; x_wconf 74' lang='lat' dir='ltr'>tt,</span> <span class='ocrx_word' id='word_1_451' title='bbox 555 2997 589 3019; x_wconf 73' lang='lat'>¹7.</span> <span class='ocrx_word' id='word_1_452' title='bbox 606 3003 671 3025; x_wconf 83' lang='lat' dir='ltr'>seqq.</span> 
     </span>
    </p>
   </div>
   <div class='ocr_carea' id='block_1_11' title="bbox 993 310 998 2605">
    <p class='ocr_par' dir='ltr' id='par_1_18' title="bbox 993 310 998 2605">
     <span class='ocr_line' id='line_1_69' title="bbox 993 310 998 2605; baseline 0 0"><span class='ocrx_word' id='word_1_453' title='bbox 993 310 998 2605; x_wconf 95' lang='lat' dir='ltr'> </span> 
     </span>
    </p>
   </div>
   <div class='ocr_carea' id='block_1_12' title="bbox 993 2765 995 2902">
    <p class='ocr_par' dir='ltr' id='par_1_19' title="bbox 993 2765 995 2902">
     <span class='ocr_line' id='line_1_70' title="bbox 993 2765 995 2902; baseline 0 0"><span class='ocrx_word' id='word_1_454' title='bbox 993 2765 995 2902; x_wconf 95' lang='lat' dir='ltr'> </span> 
     </span>
    </p>
   </div>
   <div class='ocr_carea' id='block_1_13' title="bbox 1813 203 1868 232">
    <p class='ocr_par' dir='ltr' id='par_1_20' title="bbox 1813 203 1868 232">
     <span class='ocr_line' id='line_1_71' title="bbox 1813 203 1868 232; baseline -0.018 0"><span class='ocrx_word' id='word_1_455' title='bbox 1813 203 1868 232; x_wconf 81' lang='lat'>567</span> 
     </span>
    </p>
   </div>
   <div class='ocr_carea' id='block_1_14' title="bbox 1021 277 1869 2610">
    <p class='ocr_par' dir='ltr' id='par_1_21' title="bbox 1023 277 1869 775">
     <span class='ocr_line' id='line_1_72' title="bbox 1024 277 1869 317; baseline 0.005 -12"><span class='ocrx_word' id='word_1_456' title='bbox 1024 277 1149 314; x_wconf 83' lang='lat' dir='ltr'>probata</span> <span class='ocrx_word' id='word_1_457' title='bbox 1172 281 1268 307; x_wconf 89' lang='lat' dir='ltr'>autem</span> <span class='ocrx_word' id='word_1_458' title='bbox 1296 279 1391 307; x_wconf 81' lang='lat' dir='ltr'>virtus</span> <span class='ocrx_word' id='word_1_459' title='bbox 1412 280 1536 316; x_wconf 76' lang='lat' dir='ltr'>corripit</span> <span class='ocrx_word' id='word_1_460' title='bbox 1556 280 1738 317; x_wconf 77' lang='lat' dir='ltr'>insipientes,</span> <span class='ocrx_word' id='word_1_461' title='bbox 1767 280 1869 309; x_wconf 82' lang='lat' dir='ltr'>scilicet</span> 
     </span>
     <span class='ocr_line' id='line_1_73' title="bbox 1025 325 1869 364; baseline 0.004 -12"><span class='ocrx_word' id='word_1_462' title='bbox 1025 327 1139 361; x_wconf 89' lang='lat' dir='ltr'>propter</span> <span class='ocrx_word' id='word_1_463' title='bbox 1161 326 1250 353; x_wconf 85' lang='lat' dir='ltr'>zelum</span> <span class='ocrx_word' id='word_1_464' title='bbox 1273 325 1402 355; x_wconf 82' lang='lat' dir='ltr'>iustitiae.</span> <span class='ocrx_word' id='word_1_465' title='bbox 1417 326 1490 355; x_wconf 86' lang='lat' dir='ltr'>Talis</span> <span class='ocrx_word' id='word_1_466' title='bbox 1504 330 1545 355; x_wconf 88' lang='lat' dir='ltr'>est</span> <span class='ocrx_word' id='word_1_467' title='bbox 1566 327 1664 361; x_wconf 88' lang='lat' dir='ltr'>virtus,</span> <span class='ocrx_word' id='word_1_468' title='bbox 1687 335 1741 364; x_wconf 83' lang='lat' dir='ltr'>qua</span> <span class='ocrx_word' id='word_1_469' title='bbox 1756 335 1810 355; x_wconf 91' lang='lat' dir='ltr'>non</span> <span class='ocrx_word' id='word_1_470' title='bbox 1826 335 1869 355; x_wconf 92' lang='lat' dir='ltr'>so-</span> 
     </span>
     <span class='ocr_line' id='line_1_74' title="bbox 1026 370 1868 410; baseline 0.005 -12"><span class='ocrx_word' id='word_1_471' title='bbox 1026 370 1082 398; x_wconf 90' lang='lat' dir='ltr'>lum</span> <span class='ocrx_word' id='word_1_472' title='bbox 1105 371 1195 400; x_wconf 85' lang='lat' dir='ltr'>iustus</span> <span class='ocrx_word' id='word_1_473' title='bbox 1216 375 1256 400; x_wconf 88' lang='lat' dir='ltr'>est</span> <span class='ocrx_word' id='word_1_474' title='bbox 1284 372 1359 406; x_wconf 89' lang='lat' dir='ltr'>aliis,</span> <span class='ocrx_word' id='word_1_475' title='bbox 1381 372 1427 401; x_wconf 85' lang='lat' dir='ltr'>sed</span> <span class='ocrx_word' id='word_1_476' title='bbox 1455 373 1536 401; x_wconf 84' lang='lat' dir='ltr'>etiam</span> <span class='ocrx_word' id='word_1_477' title='bbox 1559 373 1609 401; x_wconf 85' lang='lat' dir='ltr'>sibi</span> <span class='ocrx_word' id='word_1_478' title='bbox 1632 373 1698 410; x_wconf 88' lang='lat' dir='ltr'>ipsi;</span> <span class='ocrx_word' id='word_1_479' title='bbox 1721 374 1801 410; x_wconf 83' lang='lat' dir='ltr'>quia,</span> <span class='ocrx_word' id='word_1_480' title='bbox 1827 381 1868 402; x_wconf 90' lang='lat' dir='ltr'>se-</span> 
     </span>
     <span class='ocr_line' id='line_1_75' title="bbox 1025 418 1868 457; baseline 0.005 -12"><span class='ocrx_word' id='word_1_481' title='bbox 1025 418 1146 446; x_wconf 82' lang='lat' dir='ltr'>cundum</span> <span class='ocrx_word' id='word_1_482' title='bbox 1168 419 1240 455; x_wconf 87' lang='lat' dir='ltr'>quod</span> <span class='ocrx_word' id='word_1_483' title='bbox 1266 418 1331 447; x_wconf 87' lang='lat' dir='ltr'>dicit</span> <span class='ocrx_word' id='word_1_484' title='bbox 1358 419 1526 456; x_wconf 82' lang='lat' dir='ltr'>Gregorius,</span> <span class='ocrx_word' id='word_1_485' title='bbox 1554 420 1627 457; x_wconf 72' lang='lat' dir='ltr'>«qui</span> <span class='ocrx_word' id='word_1_486' title='bbox 1662 420 1747 449; x_wconf 84' lang='lat' dir='ltr'>nescit</span> <span class='ocrx_word' id='word_1_487' title='bbox 1775 425 1868 449; x_wconf 86' lang='lat' dir='ltr'>tenere</span> 
     </span>
     <span class='ocr_line' id='line_1_76' title="bbox 1027 464 1868 504; baseline 0.005 -12"><span class='ocrx_word' id='word_1_488' title='bbox 1027 464 1213 493; x_wconf 87' lang='lat' dir='ltr'>moderamina</span> <span class='ocrx_word' id='word_1_489' title='bbox 1235 465 1306 494; x_wconf 86' lang='lat' dir='ltr'>vitae</span> <span class='ocrx_word' id='word_1_490' title='bbox 1327 467 1464 503; x_wconf 87' lang='lat' dir='ltr'>propriae,</span> <span class='ocrx_word' id='word_1_491' title='bbox 1485 467 1623 504; x_wconf 88' lang='lat' dir='ltr'>quomodo</span> <span class='ocrx_word' id='word_1_492' title='bbox 1637 467 1721 496; x_wconf 84' lang='lat' dir='ltr'>iudex</span> <span class='ocrx_word' id='word_1_493' title='bbox 1744 467 1790 496; x_wconf 83' lang='lat' dir='ltr'>liet</span> <span class='ocrx_word' id='word_1_494' title='bbox 1804 468 1868 496; x_wconf 87' lang='lat' dir='ltr'>alie-</span> 
     </span>
     <span class='ocr_line' id='line_1_77' title="bbox 1024 512 1866 551; baseline 0.004 -12"><span class='ocrx_word' id='word_1_495' title='bbox 1024 519 1075 539; x_wconf 89' lang='lat' dir='ltr'>nae</span> <span class='ocrx_word' id='word_1_496' title='bbox 1090 514 1129 539; x_wconf 76' lang='lat'>»?</span> <span class='ocrx_word' id='word_1_497' title='bbox 1152 512 1182 540; x_wconf 89' lang='lat' dir='ltr'>Et</span> <span class='ocrx_word' id='word_1_498' title='bbox 1203 515 1349 549; x_wconf 87' lang='lat' dir='ltr'>propterea</span> <span class='ocrx_word' id='word_1_499' title='bbox 1376 513 1580 542; x_wconf 85' lang='lat' dir='ltr'>Deuteronomii</span> <span class='ocrx_word' id='word_1_500' title='bbox 1606 514 1710 551; x_wconf 88' lang='lat' dir='ltr'>primo:</span> <span class='ocrx_word' id='word_1_501' title='bbox 1735 515 1805 542; x_wconf 86' lang='lat' dir='ltr'>Date</span> <span class='ocrx_word' id='word_1_502' title='bbox 1832 523 1866 542; x_wconf 68' lang='lat' dir='ltr'>eus</span> 
     </span>
     <span class='ocr_line' id='line_1_78' title="bbox 1023 557 1867 599; baseline 0.005 -14"><span class='ocrx_word' id='word_1_503' title='bbox 1023 557 1103 586; x_wconf 72' lang='lat' dir='ltr'>vobis</span> <span class='ocrx_word' id='word_1_504' title='bbox 1123 559 1204 587; x_wconf 71' lang='lat' dir='ltr'>viros</span> <span class='ocrx_word' id='word_1_505' title='bbox 1224 559 1367 596; x_wconf 74' lang='lat' dir='ltr'>sapientes</span> <span class='ocrx_word' id='word_1_506' title='bbox 1388 564 1412 588; x_wconf 90' lang='lat' dir='ltr'>et</span> <span class='ocrx_word' id='word_1_507' title='bbox 1432 569 1543 597; x_wconf 65' lang='lat' dir='ltr'>quares</span> <span class='ocrx_word' id='word_1_508' title='bbox 1564 565 1589 589; x_wconf 82' lang='lat' dir='ltr'>et</span> <span class='ocrx_word' id='word_1_509' title='bbox 1609 569 1734 599; x_wconf 82' lang='lat' dir='ltr'>quorum</span> <span class='ocrx_word' id='word_1_510' title='bbox 1750 569 1867 590; x_wconf 69' lang='lat' dir='ltr'>eonver-</span> 
     </span>
     <span class='ocr_line' id='line_1_79' title="bbox 1023 605 1868 644; baseline 0.004 -12"><span class='ocrx_word' id='word_1_511' title='bbox 1023 605 1099 632; x_wconf 80' lang='lat' dir='ltr'>satio</span> <span class='ocrx_word' id='word_1_512' title='bbox 1119 605 1157 633; x_wconf 85' lang='lat' dir='ltr'>sit</span> <span class='ocrx_word' id='word_1_513' title='bbox 1175 605 1301 642; x_wconf 85' lang='lat' dir='ltr'>probata</span> <span class='ocrx_word' id='word_1_514' title='bbox 1316 606 1347 634; x_wconf 77' lang='lat' dir='ltr'>in</span> <span class='ocrx_word' id='word_1_515' title='bbox 1369 607 1504 635; x_wconf 75' lang='lat' dir='ltr'>tribubus</span> <span class='ocrx_word' id='word_1_516' title='bbox 1518 608 1631 642; x_wconf 78' lang='lat' dir='ltr'>vestris,</span> <span class='ocrx_word' id='word_1_517' title='bbox 1647 612 1678 636; x_wconf 84' lang='lat' dir='ltr'>ut</span> <span class='ocrx_word' id='word_1_518' title='bbox 1697 616 1807 644; x_wconf 79' lang='lat' dir='ltr'>ponam</span> <span class='ocrx_word' id='word_1_519' title='bbox 1821 616 1868 636; x_wconf 85' lang='lat' dir='ltr'>eos</span> 
     </span>
     <span class='ocr_line' id='line_1_80' title="bbox 1023 650 1867 691; baseline 0.005 -12"><span class='ocrx_word' id='word_1_520' title='bbox 1023 650 1103 679; x_wconf 87' lang='lat' dir='ltr'>vobis</span> <span class='ocrx_word' id='word_1_521' title='bbox 1129 652 1294 688; x_wconf 73' lang='lat' dir='ltr'>priiieipes;</span> <span class='ocrx_word' id='word_1_522' title='bbox 1316 653 1341 681; x_wconf 93' lang='lat' dir='ltr'>in</span> <span class='ocrx_word' id='word_1_523' title='bbox 1371 661 1427 689; x_wconf 88' lang='lat' dir='ltr'>quo</span> <span class='ocrx_word' id='word_1_524' title='bbox 1454 654 1617 687; x_wconf 88' lang='lat' dir='ltr'>ostenditur,</span> <span class='ocrx_word' id='word_1_525' title='bbox 1645 655 1741 691; x_wconf 84' lang='lat' dir='ltr'>quales</span> <span class='ocrx_word' id='word_1_526' title='bbox 1768 654 1867 683; x_wconf 79' lang='lat' dir='ltr'>debent</span> 
     </span>
     <span class='ocr_line' id='line_1_81' title="bbox 1023 698 1868 738; baseline 0.004 -12"><span class='ocrx_word' id='word_1_527' title='bbox 1023 698 1095 734; x_wconf 78' lang='lat' dir='ltr'>eligi,</span> <span class='ocrx_word' id='word_1_528' title='bbox 1110 699 1213 727; x_wconf 88' lang='lat' dir='ltr'>scilicet</span> <span class='ocrx_word' id='word_1_529' title='bbox 1234 699 1361 728; x_wconf 81' lang='lat' dir='ltr'>instructi</span> <span class='ocrx_word' id='word_1_530' title='bbox 1384 700 1493 734; x_wconf 59' lang='lat' dir='ltr'>litteus,</span> <span class='ocrx_word' id='word_1_531' title='bbox 1509 701 1616 737; x_wconf 87' lang='lat' dir='ltr'>experti</span> <span class='ocrx_word' id='word_1_532' title='bbox 1640 702 1664 729; x_wconf 93' lang='lat' dir='ltr'>in</span> <span class='ocrx_word' id='word_1_533' title='bbox 1689 702 1811 738; x_wconf 78' lang='lat' dir='ltr'>negotiis,</span> <span class='ocrx_word' id='word_1_534' title='bbox 1827 701 1868 729; x_wconf 92' lang='lat' dir='ltr'>in-</span> 
     </span>
     <span class='ocr_line' id='line_1_82' title="bbox 1023 743 1387 775; baseline 0.008 -4"><span class='ocrx_word' id='word_1_535' title='bbox 1023 743 1131 773; x_wconf 86' lang='lat' dir='ltr'>formati</span> <span class='ocrx_word' id='word_1_536' title='bbox 1155 746 1279 774; x_wconf 90' lang='lat' dir='ltr'>moribus</span> <span class='ocrx_word' id='word_1_537' title='bbox 1300 746 1387 775; x_wconf 89' lang='lat' dir='ltr'>bonis.</span> 
     </span>
    </p>

    <p class='ocr_par' dir='ltr' id='par_1_22' title="bbox 1021 792 1868 1944">
     <span class='ocr_line' id='line_1_83' title="bbox 1103 792 1867 831; baseline 0.005 -12"><span class='ocrx_word' id='word_1_538' title='bbox 1103 792 1202 820; x_wconf 81' lang='lat' dir='ltr'>Pietas</span> <span class='ocrx_word' id='word_1_539' title='bbox 1223 793 1387 821; x_wconf 76' lang='lat' dir='ltr'>elementiae</span> <span class='ocrx_word' id='word_1_540' title='bbox 1414 797 1525 830; x_wconf 86' lang='lat' dir='ltr'>propter</span> <span class='ocrx_word' id='word_1_541' title='bbox 1548 794 1758 831; x_wconf 74' lang='lat' dir='ltr'>informitatem</span> <span class='ocrx_word' id='word_1_542' title='bbox 1781 803 1867 831; x_wconf 89' lang='lat' dir='ltr'>penu-</span> 
     </span>
     <span class='ocr_line' id='line_1_84' title="bbox 1023 837 1867 877; baseline 0.005 -12"><span class='ocrx_word' id='word_1_543' title='bbox 1023 837 1121 871; x_wconf 86' lang='lat' dir='ltr'>riae⁷;</span> <span class='ocrx_word' id='word_1_544' title='bbox 1150 838 1183 866; x_wconf 85' lang='lat' dir='ltr'>ad</span> <span class='ocrx_word' id='word_1_545' title='bbox 1216 839 1350 867; x_wconf 83' lang='lat' dir='ltr'>Romanos</span> <span class='ocrx_word' id='word_1_546' title='bbox 1380 840 1485 868; x_wconf 88' lang='lat' dir='ltr'>decimo</span> <span class='ocrx_word' id='word_1_547' title='bbox 1517 841 1629 877; x_wconf 86' lang='lat' dir='ltr'>quinto:</span> <span class='ocrx_word' id='word_1_548' title='bbox 1665 841 1867 869; x_wconf 73' lang='lat' dir='ltr'>Probaverunt</span> 
     </span>
     <span class='ocr_line' id='line_1_85' title="bbox 1024 884 1867 924; baseline 0.005 -13"><span class='ocrx_word' id='word_1_549' title='bbox 1024 884 1194 912; x_wconf 76' lang='lat' dir='ltr'>Macedonia</span> <span class='ocrx_word' id='word_1_550' title='bbox 1215 888 1239 912; x_wconf 86' lang='lat' dir='ltr'>et</span> <span class='ocrx_word' id='word_1_551' title='bbox 1263 884 1378 914; x_wconf 78' lang='lat' dir='ltr'>Aeltaia</span> <span class='ocrx_word' id='word_1_552' title='bbox 1403 885 1583 914; x_wconf 75' lang='lat' dir='ltr'>collationem</span> <span class='ocrx_word' id='word_1_553' title='bbox 1610 887 1743 924; x_wconf 77' lang='lat' dir='ltr'>aliquam</span> <span class='ocrx_word' id='word_1_554' title='bbox 1769 887 1867 924; x_wconf 78' lang='lat' dir='ltr'>faeere</span> 
     </span>
     <span class='ocr_line' id='line_1_86' title="bbox 1023 930 1865 970; baseline 0.005 -13"><span class='ocrx_word' id='word_1_555' title='bbox 1023 930 1054 957; x_wconf 84' lang='lat' dir='ltr'>in</span> <span class='ocrx_word' id='word_1_556' title='bbox 1073 938 1219 967; x_wconf 81' lang='lat' dir='ltr'>pauperes</span> <span class='ocrx_word' id='word_1_557' title='bbox 1250 936 1438 965; x_wconf 74' lang='lat' dir='ltr'>sauctorum,</span> <span class='ocrx_word' id='word_1_558' title='bbox 1470 933 1521 970; x_wconf 78' lang='lat' dir='ltr'>qui</span> <span class='ocrx_word' id='word_1_559' title='bbox 1548 937 1617 961; x_wconf 75' lang='lat' dir='ltr'>suut</span> <span class='ocrx_word' id='word_1_560' title='bbox 1646 934 1676 961; x_wconf 78' lang='lat' dir='ltr'>iu</span> <span class='ocrx_word' id='word_1_561' title='bbox 1700 934 1865 962; x_wconf 84' lang='lat' dir='ltr'>Ierusalem.</span> 
     </span>
     <span class='ocr_line' id='line_1_87' title="bbox 1024 977 1867 1016; baseline 0.005 -12"><span class='ocrx_word' id='word_1_562' title='bbox 1024 977 1142 1005; x_wconf 74' lang='lat' dir='ltr'>Placuit</span> <span class='ocrx_word' id='word_1_563' title='bbox 1161 978 1238 1006; x_wconf 72' lang='lat' dir='ltr'>enim</span> <span class='ocrx_word' id='word_1_564' title='bbox 1259 979 1310 1012; x_wconf 88' lang='lat' dir='ltr'>eis,</span> <span class='ocrx_word' id='word_1_565' title='bbox 1331 982 1357 1007; x_wconf 88' lang='lat' dir='ltr'>et</span> <span class='ocrx_word' id='word_1_566' title='bbox 1378 979 1517 1007; x_wconf 70' lang='lat' dir='ltr'>debitores</span> <span class='ocrx_word' id='word_1_567' title='bbox 1538 983 1605 1007; x_wconf 79' lang='lat' dir='ltr'>sunt</span> <span class='ocrx_word' id='word_1_568' title='bbox 1627 989 1736 1008; x_wconf 84' lang='lat' dir='ltr'>eorum.</span> <span class='ocrx_word' id='word_1_569' title='bbox 1759 980 1867 1016; x_wconf 89' lang='lat' dir='ltr'>Optime</span> 
     </span>
     <span class='ocr_line' id='line_1_88' title="bbox 1022 1024 1867 1063; baseline 0.004 -11"><span class='ocrx_word' id='word_1_570' title='bbox 1022 1024 1088 1052; x_wconf 84' lang='lat' dir='ltr'>dicit</span> <span class='ocrx_word' id='word_1_571' title='bbox 1105 1024 1306 1061; x_wconf 75' lang='lat' dir='ltr'>probaverunt</span> <span class='ocrx_word' id='word_1_572' title='bbox 1320 1029 1347 1054; x_wconf 87' lang='lat' dir='ltr'>et</span> <span class='ocrx_word' id='word_1_573' title='bbox 1368 1026 1593 1062; x_wconf 84' lang='lat' dir='ltr'>approbaverunt</span> <span class='ocrx_word' id='word_1_574' title='bbox 1609 1035 1761 1063; x_wconf 85' lang='lat' dir='ltr'>pauperum</span> <span class='ocrx_word' id='word_1_575' title='bbox 1778 1027 1867 1055; x_wconf 74' lang='lat' dir='ltr'>lacere</span> 
     </span>
     <span class='ocr_line' id='line_1_89' title="bbox 1023 1071 1866 1110; baseline 0.004 -11"><span class='ocrx_word' id='word_1_576' title='bbox 1023 1071 1155 1100; x_wconf 80' lang='lat' dir='ltr'>beneficia</span> <span class='ocrx_word' id='word_1_577' title='bbox 1169 1072 1414 1108; x_wconf 84' lang='lat' dir='ltr'>eleemosynarum,</span> <span class='ocrx_word' id='word_1_578' title='bbox 1427 1073 1556 1110; x_wconf 89' lang='lat' dir='ltr'>quoniam</span> <span class='ocrx_word' id='word_1_579' title='bbox 1568 1074 1628 1102; x_wconf 86' lang='lat' dir='ltr'>aliis</span> <span class='ocrx_word' id='word_1_580' title='bbox 1639 1074 1704 1102; x_wconf 81' lang='lat' dir='ltr'>dare</span> <span class='ocrx_word' id='word_1_581' title='bbox 1719 1074 1866 1110; x_wconf 86' lang='lat' dir='ltr'>eleemosy—</span> 
     </span>
     <span class='ocr_line' id='line_1_90' title="bbox 1022 1121 1866 1156; baseline 0.002 -10"><span class='ocrx_word' id='word_1_582' title='bbox 1022 1126 1085 1146; x_wconf 90' lang='lat' dir='ltr'>nam</span> <span class='ocrx_word' id='word_1_583' title='bbox 1105 1126 1259 1155; x_wconf 87' lang='lat' dir='ltr'>pauperum</span> <span class='ocrx_word' id='word_1_584' title='bbox 1282 1127 1364 1156; x_wconf 84' lang='lat' dir='ltr'>quam</span> <span class='ocrx_word' id='word_1_585' title='bbox 1387 1121 1557 1156; x_wconf 78' lang='lat' dir='ltr'>pauperibus</span> <span class='ocrx_word' id='word_1_586' title='bbox 1575 1129 1628 1149; x_wconf 90' lang='lat' dir='ltr'>non</span> <span class='ocrx_word' id='word_1_587' title='bbox 1644 1124 1685 1149; x_wconf 80' lang='lat' dir='ltr'>est</span> <span class='ocrx_word' id='word_1_588' title='bbox 1699 1121 1802 1149; x_wconf 85' lang='lat' dir='ltr'>iustitia</span> <span class='ocrx_word' id='word_1_589' title='bbox 1818 1128 1866 1149; x_wconf 88' lang='lat' dir='ltr'>nec</span> 
     </span>
     <span class='ocr_line' id='line_1_91' title="bbox 1023 1165 1865 1203; baseline 0.002 -10"><span class='ocrx_word' id='word_1_590' title='bbox 1023 1165 1123 1201; x_wconf 81' lang='lat' dir='ltr'>pietas,</span> <span class='ocrx_word' id='word_1_591' title='bbox 1140 1165 1187 1193; x_wconf 87' lang='lat' dir='ltr'>sed</span> <span class='ocrx_word' id='word_1_592' title='bbox 1209 1165 1333 1202; x_wconf 86' lang='lat' dir='ltr'>impietas</span> <span class='ocrx_word' id='word_1_593' title='bbox 1355 1169 1382 1194; x_wconf 84' lang='lat' dir='ltr'>et</span> <span class='ocrx_word' id='word_1_594' title='bbox 1403 1166 1533 1203; x_wconf 84' lang='lat' dir='ltr'>iniquitas</span> <span class='ocrx_word' id='word_1_595' title='bbox 1548 1167 1567 1195; x_wconf 74' lang='lat'>⁸.</span> <span class='ocrx_word' id='word_1_596' title='bbox 1591 1167 1664 1195; x_wconf 87' lang='lat' dir='ltr'>Unde</span> <span class='ocrx_word' id='word_1_597' title='bbox 1687 1167 1865 1195; x_wconf 75' lang='lat' dir='ltr'>Ecclesiastiri</span> 
     </span>
     <span class='ocr_line' id='line_1_92' title="bbox 1022 1212 1867 1251; baseline 0.001 -11"><span class='ocrx_word' id='word_1_598' title='bbox 1022 1212 1162 1248; x_wconf 81' lang='lat' dir='ltr'>trigesimo</span> <span class='ocrx_word' id='word_1_599' title='bbox 1178 1216 1278 1249; x_wconf 82' lang='lat' dir='ltr'>quarto</span> <span class='ocrx_word' id='word_1_600' title='bbox 1293 1213 1319 1241; x_wconf 76' lang='lat'>⁹:</span> <span class='ocrx_word' id='word_1_601' title='bbox 1344 1213 1426 1241; x_wconf 81' lang='lat' dir='ltr'>Dona</span> <span class='ocrx_word' id='word_1_602' title='bbox 1442 1213 1612 1251; x_wconf 79' lang='lat' dir='ltr'>iniquorum</span> <span class='ocrx_word' id='word_1_603' title='bbox 1626 1222 1684 1242; x_wconf 75' lang='lat' dir='ltr'>non</span> <span class='ocrx_word' id='word_1_604' title='bbox 1700 1214 1805 1250; x_wconf 81' lang='lat' dir='ltr'>probat</span> <span class='ocrx_word' id='word_1_605' title='bbox 1822 1214 1867 1241; x_wconf 82' lang='lat' dir='ltr'>Al-</span> 
     </span>
     <span class='ocr_line' id='line_1_93' title="bbox 1023 1259 1867 1297; baseline 0.002 -11"><span class='ocrx_word' id='word_1_606' title='bbox 1023 1259 1154 1286; x_wconf 83' lang='lat' dir='ltr'>tissimus</span> <span class='ocrx_word' id='word_1_607' title='bbox 1175 1268 1225 1287; x_wconf 68' lang='lat' dir='ltr'>ozee</span> <span class='ocrx_word' id='word_1_608' title='bbox 1247 1259 1365 1296; x_wconf 76' lang='lat' dir='ltr'>respicit</span> <span class='ocrx_word' id='word_1_609' title='bbox 1386 1260 1414 1288; x_wconf 80' lang='lat' dir='ltr'>in</span> <span class='ocrx_word' id='word_1_610' title='bbox 1449 1259 1604 1288; x_wconf 77' lang='lat' dir='ltr'>oblationes</span> <span class='ocrx_word' id='word_1_611' title='bbox 1632 1261 1819 1297; x_wconf 65' lang='lat' dir='ltr'>iniqua-zon,-</span> <span class='ocrx_word' id='word_1_612' title='bbox 1840 1264 1867 1289; x_wconf 86' lang='lat' dir='ltr'>et</span> 
     </span>
     <span class='ocr_line' id='line_1_94' title="bbox 1023 1306 1868 1344; baseline 0.002 -11"><span class='ocrx_word' id='word_1_613' title='bbox 1023 1306 1155 1334; x_wconf 86' lang='lat' dir='ltr'>rationem</span> <span class='ocrx_word' id='word_1_614' title='bbox 1178 1306 1280 1340; x_wconf 85' lang='lat' dir='ltr'>subdit,</span> <span class='ocrx_word' id='word_1_615' title='bbox 1302 1307 1367 1343; x_wconf 82' lang='lat' dir='ltr'>quia</span> <span class='ocrx_word' id='word_1_616' title='bbox 1382 1307 1434 1344; x_wconf 85' lang='lat' dir='ltr'>qui</span> <span class='ocrx_word' id='word_1_617' title='bbox 1454 1306 1534 1344; x_wconf 78' lang='lat' dir='ltr'>offert</span> <span class='ocrx_word' id='word_1_618' title='bbox 1549 1307 1730 1343; x_wconf 75' lang='lat' dir='ltr'>sacrificium</span> <span class='ocrx_word' id='word_1_619' title='bbox 1752 1316 1786 1335; x_wconf 71' lang='lat' dir='ltr'>ea·</span> <span class='ocrx_word' id='word_1_620' title='bbox 1800 1307 1868 1335; x_wconf 84' lang='lat' dir='ltr'>sub-</span> 
     </span>
     <span class='ocr_line' id='line_1_95' title="bbox 1021 1353 1867 1392; baseline 0.002 -12"><span class='ocrx_word' id='word_1_621' title='bbox 1021 1353 1133 1381; x_wconf 75' lang='lat' dir='ltr'>stantia</span> <span class='ocrx_word' id='word_1_622' title='bbox 1158 1361 1343 1390; x_wconf 85' lang='lat' dir='ltr'>pauperum,</span> <span class='ocrx_word' id='word_1_623' title='bbox 1372 1354 1460 1391; x_wconf 81' lang='lat' dir='ltr'>quasi</span> <span class='ocrx_word' id='word_1_624' title='bbox 1486 1354 1538 1392; x_wconf 82' lang='lat' dir='ltr'>qui</span> <span class='ocrx_word' id='word_1_625' title='bbox 1559 1354 1689 1382; x_wconf 77' lang='lat' dir='ltr'>victimat</span> <span class='ocrx_word' id='word_1_626' title='bbox 1713 1354 1806 1390; x_wconf 74' lang='lat' dir='ltr'>filium</span> <span class='ocrx_word' id='word_1_627' title='bbox 1837 1354 1867 1382; x_wconf 75' lang='lat' dir='ltr'>iit</span> 
     </span>
     <span class='ocr_line' id='line_1_96' title="bbox 1022 1401 1866 1438; baseline 0.002 -11"><span class='ocrx_word' id='word_1_628' title='bbox 1022 1404 1173 1436; x_wconf 69' lang='lat' dir='ltr'>Conspectu</span> <span class='ocrx_word' id='word_1_629' title='bbox 1193 1401 1291 1437; x_wconf 83' lang='lat' dir='ltr'>patris</span> <span class='ocrx_word' id='word_1_630' title='bbox 1311 1401 1367 1428; x_wconf 84' lang='lat' dir='ltr'>sui.</span> <span class='ocrx_word' id='word_1_631' title='bbox 1392 1401 1486 1429; x_wconf 78' lang='lat' dir='ltr'>Panis</span> <span class='ocrx_word' id='word_1_632' title='bbox 1501 1401 1643 1438; x_wconf 71' lang='lat' dir='ltr'>eyeulium</span> <span class='ocrx_word' id='word_1_633' title='bbox 1668 1402 1727 1429; x_wconf 77' lang='lat' dir='ltr'>uita</span> <span class='ocrx_word' id='word_1_634' title='bbox 1757 1409 1866 1438; x_wconf 84' lang='lat' dir='ltr'>paupe-</span> 
     </span>
     <span class='ocr_line' id='line_1_97' title="bbox 1023 1446 1865 1485; baseline 0.002 -11"><span class='ocrx_word' id='word_1_635' title='bbox 1023 1455 1092 1475; x_wconf 81' lang='lat' dir='ltr'>rum</span> <span class='ocrx_word' id='word_1_636' title='bbox 1113 1451 1170 1480; x_wconf 81' lang='lat' dir='ltr'>est;</span> <span class='ocrx_word' id='word_1_637' title='bbox 1192 1447 1243 1485; x_wconf 84' lang='lat' dir='ltr'>qui</span> <span class='ocrx_word' id='word_1_638' title='bbox 1263 1446 1426 1484; x_wconf 65' lang='lat' dir='ltr'>defraudat</span> <span class='ocrx_word' id='word_1_639' title='bbox 1447 1448 1529 1475; x_wconf 69' lang='lat' dir='ltr'>atum.</span> <span class='ocrx_word' id='word_1_640' title='bbox 1544 1447 1626 1476; x_wconf 82' lang='lat' dir='ltr'>ltomo</span> <span class='ocrx_word' id='word_1_641' title='bbox 1641 1448 1797 1485; x_wconf 67' lang='lat' dir='ltr'>saiiyuiiiis</span> <span class='ocrx_word' id='word_1_642' title='bbox 1818 1452 1865 1476; x_wconf 84' lang='lat' dir='ltr'>est.</span> 
     </span>
     <span class='ocr_line' id='line_1_98' title="bbox 1024 1494 1865 1531; baseline 0.001 -10"><span class='ocrx_word' id='word_1_643' title='bbox 1024 1494 1055 1521; x_wconf 84' lang='lat' dir='ltr'>Et</span> <span class='ocrx_word' id='word_1_644' title='bbox 1077 1497 1189 1530; x_wconf 88' lang='lat' dir='ltr'>propter</span> <span class='ocrx_word' id='word_1_645' title='bbox 1212 1494 1262 1522; x_wconf 79' lang='lat' dir='ltr'>hoc</span> <span class='ocrx_word' id='word_1_646' title='bbox 1284 1494 1357 1527; x_wconf 79' lang='lat' dir='ltr'>(licit,</span> <span class='ocrx_word' id='word_1_647' title='bbox 1380 1494 1451 1531; x_wconf 84' lang='lat' dir='ltr'>quod</span> <span class='ocrx_word' id='word_1_648' title='bbox 1466 1494 1666 1530; x_wconf 73' lang='lat' dir='ltr'>probaberunt</span> <span class='ocrx_word' id='word_1_649' title='bbox 1687 1494 1865 1523; x_wconf 76' lang='lat' dir='ltr'>collationem</span> 
     </span>
     <span class='ocr_line' id='line_1_99' title="bbox 1022 1539 1865 1577; baseline 0.001 -9"><span class='ocrx_word' id='word_1_650' title='bbox 1022 1539 1119 1577; x_wconf 83' lang='lat' dir='ltr'>faeere</span> <span class='ocrx_word' id='word_1_651' title='bbox 1142 1541 1172 1568; x_wconf 81' lang='lat' dir='ltr'>iu</span> <span class='ocrx_word' id='word_1_652' title='bbox 1197 1549 1342 1577; x_wconf 77' lang='lat' dir='ltr'>pauperes</span> <span class='ocrx_word' id='word_1_653' title='bbox 1369 1545 1557 1574; x_wconf 61' lang='lat' dir='ltr'>subaerata,-</span> <span class='ocrx_word' id='word_1_654' title='bbox 1579 1544 1606 1569; x_wconf 83' lang='lat' dir='ltr'>et</span> <span class='ocrx_word' id='word_1_655' title='bbox 1628 1541 1696 1569; x_wconf 84' lang='lat' dir='ltr'>ratio</span> <span class='ocrx_word' id='word_1_656' title='bbox 1721 1541 1865 1569; x_wconf 81' lang='lat' dir='ltr'>subditur:</span> 
     </span>
     <span class='ocr_line' id='line_1_100' title="bbox 1022 1587 1864 1624; baseline 0.001 -10"><span class='ocrx_word' id='word_1_657' title='bbox 1022 1587 1088 1623; x_wconf 79' lang='lat' dir='ltr'>quia</span> <span class='ocrx_word' id='word_1_658' title='bbox 1116 1587 1255 1615; x_wconf 78' lang='lat' dir='ltr'>debitores</span> <span class='ocrx_word' id='word_1_659' title='bbox 1283 1591 1352 1615; x_wconf 76' lang='lat' dir='ltr'>sunt</span> <span class='ocrx_word' id='word_1_660' title='bbox 1380 1596 1488 1615; x_wconf 86' lang='lat' dir='ltr'>eoram.</span> <span class='ocrx_word' id='word_1_661' title='bbox 1513 1587 1544 1615; x_wconf 89' lang='lat' dir='ltr'>Si</span> <span class='ocrx_word' id='word_1_662' title='bbox 1564 1588 1635 1615; x_wconf 91' lang='lat' dir='ltr'>enim</span> <span class='ocrx_word' id='word_1_663' title='bbox 1662 1588 1864 1624; x_wconf 71' lang='lat' dir='ltr'>spiritualium</span> 
     </span>
     <span class='ocr_line' id='line_1_101' title="bbox 1022 1633 1865 1671; baseline 0.001 -9"><span class='ocrx_word' id='word_1_664' title='bbox 1022 1642 1121 1662; x_wconf 83' lang='lat' dir='ltr'>eorum</span> <span class='ocrx_word' id='word_1_665' title='bbox 1141 1635 1302 1671; x_wconf 79' lang='lat' dir='ltr'>participes</span> <span class='ocrx_word' id='word_1_666' title='bbox 1323 1633 1398 1671; x_wconf 82' lang='lat' dir='ltr'>faeti</span> <span class='ocrx_word' id='word_1_667' title='bbox 1417 1638 1486 1662; x_wconf 78' lang='lat' dir='ltr'>sunt</span> <span class='ocrx_word' id='word_1_668' title='bbox 1505 1634 1636 1671; x_wconf 58' lang='lat' dir='ltr'>gentiles,</span> <span class='ocrx_word' id='word_1_669' title='bbox 1659 1634 1757 1663; x_wconf 77' lang='lat' dir='ltr'>debent</span> <span class='ocrx_word' id='word_1_670' title='bbox 1783 1638 1807 1662; x_wconf 81' lang='lat' dir='ltr'>et</span> <span class='ocrx_word' id='word_1_671' title='bbox 1835 1635 1865 1663; x_wconf 76' lang='lat' dir='ltr'>iit</span> 
     </span>
     <span class='ocr_line' id='line_1_102' title="bbox 1022 1681 1865 1719; baseline 0.001 -10"><span class='ocrx_word' id='word_1_672' title='bbox 1022 1681 1194 1709; x_wconf 71' lang='lat' dir='ltr'>carnalibus</span> <span class='ocrx_word' id='word_1_673' title='bbox 1216 1682 1387 1710; x_wconf 65' lang='lat' dir='ltr'>ministr-cae</span> <span class='ocrx_word' id='word_1_674' title='bbox 1403 1681 1467 1710; x_wconf 80' lang='lat' dir='ltr'>illis.</span> <span class='ocrx_word' id='word_1_675' title='bbox 1484 1682 1534 1718; x_wconf 82' lang='lat' dir='ltr'>Qui</span> <span class='ocrx_word' id='word_1_676' title='bbox 1558 1690 1622 1719; x_wconf 78' lang='lat' dir='ltr'>ergo</span> <span class='ocrx_word' id='word_1_677' title='bbox 1644 1682 1797 1718; x_wconf 77' lang='lat' dir='ltr'>spiritualia</span> <span class='ocrx_word' id='word_1_678' title='bbox 1811 1690 1865 1710; x_wconf 90' lang='lat' dir='ltr'>non</span> 
     </span>
     <span class='ocr_line' id='line_1_103' title="bbox 1022 1728 1863 1765; baseline 0.001 -9"><span class='ocrx_word' id='word_1_679' title='bbox 1022 1728 1147 1761; x_wconf 85' lang='lat' dir='ltr'>seminat,</span> <span class='ocrx_word' id='word_1_680' title='bbox 1176 1736 1238 1756; x_wconf 87' lang='lat' dir='ltr'>cum</span> <span class='ocrx_word' id='word_1_681' title='bbox 1261 1729 1381 1756; x_wconf 83' lang='lat' dir='ltr'>carnalia</span> <span class='ocrx_word' id='word_1_682' title='bbox 1404 1728 1488 1762; x_wconf 90' lang='lat' dir='ltr'>metit,</span> <span class='ocrx_word' id='word_1_683' title='bbox 1511 1729 1583 1765; x_wconf 85' lang='lat' dir='ltr'>quod</span> <span class='ocrx_word' id='word_1_684' title='bbox 1605 1729 1724 1757; x_wconf 88' lang='lat' dir='ltr'>alienum</span> <span class='ocrx_word' id='word_1_685' title='bbox 1753 1733 1793 1757; x_wconf 87' lang='lat' dir='ltr'>est</span> <span class='ocrx_word' id='word_1_686' title='bbox 1814 1729 1863 1757; x_wconf 88' lang='lat' dir='ltr'>sibi</span> 
     </span>
     <span class='ocr_line' id='line_1_104' title="bbox 1022 1776 1865 1813; baseline 0.001 -10"><span class='ocrx_word' id='word_1_687' title='bbox 1022 1779 1148 1811; x_wconf 78' lang='lat' dir='ltr'>usurpat.</span> <span class='ocrx_word' id='word_1_688' title='bbox 1171 1776 1346 1804; x_wconf 72' lang='lat' dir='ltr'>seminantur</span> <span class='ocrx_word' id='word_1_689' title='bbox 1368 1779 1460 1804; x_wconf 87' lang='lat' dir='ltr'>autem</span> <span class='ocrx_word' id='word_1_690' title='bbox 1482 1776 1633 1812; x_wconf 81' lang='lat' dir='ltr'>spiritualia</span> <span class='ocrx_word' id='word_1_691' title='bbox 1657 1776 1736 1804; x_wconf 87' lang='lat' dir='ltr'>modo</span> <span class='ocrx_word' id='word_1_692' title='bbox 1758 1784 1807 1813; x_wconf 81' lang='lat' dir='ltr'>per</span> <span class='ocrx_word' id='word_1_693' title='bbox 1825 1776 1865 1804; x_wconf 88' lang='lat' dir='ltr'>di-</span> 
     </span>
     <span class='ocr_line' id='line_1_105' title="bbox 1022 1823 1865 1859; baseline 0 -9"><span class='ocrx_word' id='word_1_694' title='bbox 1022 1826 1080 1851; x_wconf 86' lang='lat' dir='ltr'>ctae</span> <span class='ocrx_word' id='word_1_695' title='bbox 1102 1823 1317 1851; x_wconf 82' lang='lat' dir='ltr'>conversationis</span> <span class='ocrx_word' id='word_1_696' title='bbox 1338 1823 1474 1859; x_wconf 86' lang='lat' dir='ltr'>exempla,</span> <span class='ocrx_word' id='word_1_697' title='bbox 1498 1830 1546 1859; x_wconf 86' lang='lat' dir='ltr'>per</span> <span class='ocrx_word' id='word_1_698' title='bbox 1567 1823 1699 1850; x_wconf 87' lang='lat' dir='ltr'>orationis</span> <span class='ocrx_word' id='word_1_699' title='bbox 1719 1823 1865 1859; x_wconf 73' lang='lat' dir='ltr'>suffragia,</span> 
     </span>
     <span class='ocr_line' id='line_1_106' title="bbox 1023 1869 1866 1906; baseline 0 -9"><span class='ocrx_word' id='word_1_700' title='bbox 1023 1877 1071 1906; x_wconf 86' lang='lat' dir='ltr'>per</span> <span class='ocrx_word' id='word_1_701' title='bbox 1092 1869 1302 1905; x_wconf 81' lang='lat' dir='ltr'>praedicationis</span> <span class='ocrx_word' id='word_1_702' title='bbox 1323 1869 1494 1897; x_wconf 83' lang='lat' dir='ltr'>documenta.</span> <span class='ocrx_word' id='word_1_703' title='bbox 1518 1869 1568 1905; x_wconf 87' lang='lat' dir='ltr'>Qui</span> <span class='ocrx_word' id='word_1_704' title='bbox 1595 1877 1660 1906; x_wconf 74' lang='lat' dir='ltr'>ergo</span> <span class='ocrx_word' id='word_1_705' title='bbox 1688 1869 1800 1905; x_wconf 74' lang='lat' dir='ltr'>negligit</span> <span class='ocrx_word' id='word_1_706' title='bbox 1827 1869 1866 1897; x_wconf 81' lang='lat' dir='ltr'>of-</span> 
     </span>
     <span class='ocr_line' id='line_1_107' title="bbox 1022 1915 1398 1944; baseline -0.003 0"><span class='ocrx_word' id='word_1_707' title='bbox 1022 1915 1114 1944; x_wconf 82' lang='lat' dir='ltr'>ficium</span> <span class='ocrx_word' id='word_1_708' title='bbox 1137 1915 1227 1944; x_wconf 84' lang='lat' dir='ltr'>clerici</span> <span class='ocrx_word' id='word_1_709' title='bbox 1251 1924 1303 1943; x_wconf 87' lang='lat' dir='ltr'>non</span> <span class='ocrx_word' id='word_1_710' title='bbox 1327 1916 1398 1944; x_wconf 86' lang='lat' dir='ltr'>facit.</span> 
     </span>
    </p>

    <p class='ocr_par' dir='ltr' id='par_1_23' title="bbox 1021 1962 1866 2610">
     <span class='ocr_line' id='line_1_108' title="bbox 1101 1962 1864 1999; baseline 0.001 -9"><span class='ocrx_word' id='word_1_711' title='bbox 1101 1963 1138 1990; x_wconf 94' lang='lat' dir='ltr'>lll.</span> <span class='ocrx_word' id='word_1_712' title='bbox 1153 1962 1292 1991; x_wconf 78' lang='lat' dir='ltr'>Modestia</span> <span class='ocrx_word' id='word_1_713' title='bbox 1304 1963 1333 1991; x_wconf 78' lang='lat' dir='ltr'>iii</span> <span class='ocrx_word' id='word_1_714' title='bbox 1345 1963 1503 1991; x_wconf 79' lang='lat' dir='ltr'>ostensione</span> <span class='ocrx_word' id='word_1_715' title='bbox 1514 1963 1581 1991; x_wconf 81' lang='lat' dir='ltr'>boni</span> <span class='ocrx_word' id='word_1_716' title='bbox 1594 1962 1722 1999; x_wconf 61' lang='lat' dir='ltr'>erempli.</span> <span class='ocrx_word' id='word_1_717' title='bbox 1736 1962 1864 1991; x_wconf 91' lang='lat' dir='ltr'>Omnium</span> 
     </span>
     <span class='ocr_line' id='line_1_109' title="bbox 1021 2009 1865 2043; baseline -0.001 -5"><span class='ocrx_word' id='word_1_718' title='bbox 1021 2010 1161 2038; x_wconf 77' lang='lat' dir='ltr'>modestia</span> <span class='ocrx_word' id='word_1_719' title='bbox 1176 2013 1245 2038; x_wconf 78' lang='lat' dir='ltr'>nota</span> <span class='ocrx_word' id='word_1_720' title='bbox 1260 2010 1341 2038; x_wconf 87' lang='lat' dir='ltr'>debet</span> <span class='ocrx_word' id='word_1_721' title='bbox 1354 2018 1413 2038; x_wconf 84' lang='lat' dir='ltr'>esse</span> <span class='ocrx_word' id='word_1_722' title='bbox 1435 2009 1568 2038; x_wconf 78' lang='lat' dir='ltr'>omnibus</span> <span class='ocrx_word' id='word_1_723' title='bbox 1581 2010 1616 2043; x_wconf 87' lang='lat'>¹⁰,</span> <span class='ocrx_word' id='word_1_724' title='bbox 1639 2010 1759 2038; x_wconf 82' lang='lat' dir='ltr'>maxime</span> <span class='ocrx_word' id='word_1_725' title='bbox 1774 2009 1865 2038; x_wconf 89' lang='lat' dir='ltr'>mode-</span> 
     </span>
     <span class='ocr_line' id='line_1_110' title="bbox 1021 2057 1866 2093; baseline 0 -8"><span class='ocrx_word' id='word_1_726' title='bbox 1021 2057 1072 2085; x_wconf 82' lang='lat' dir='ltr'>stia</span> <span class='ocrx_word' id='word_1_727' title='bbox 1094 2057 1184 2085; x_wconf 85' lang='lat' dir='ltr'>clerici</span> <span class='ocrx_word' id='word_1_728' title='bbox 1213 2057 1237 2085; x_wconf 93' lang='lat' dir='ltr'>in</span> <span class='ocrx_word' id='word_1_729' title='bbox 1260 2057 1345 2085; x_wconf 78' lang='lat' dir='ltr'>sacris</span> <span class='ocrx_word' id='word_1_730' title='bbox 1367 2057 1510 2085; x_wconf 88' lang='lat' dir='ltr'>ordinibus</span> <span class='ocrx_word' id='word_1_731' title='bbox 1531 2057 1685 2091; x_wconf 85' lang='lat' dir='ltr'>constituti,</span> <span class='ocrx_word' id='word_1_732' title='bbox 1707 2060 1733 2085; x_wconf 85' lang='lat' dir='ltr'>et</span> <span class='ocrx_word' id='word_1_733' title='bbox 1763 2057 1866 2093; x_wconf 84' lang='lat' dir='ltr'>praeci-</span> 
     </span>
     <span class='ocr_line' id='line_1_111' title="bbox 1022 2104 1865 2141; baseline 0 -9"><span class='ocrx_word' id='word_1_734' title='bbox 1022 2112 1075 2141; x_wconf 89' lang='lat' dir='ltr'>pue</span> <span class='ocrx_word' id='word_1_735' title='bbox 1096 2104 1200 2132; x_wconf 76' lang='lat' dir='ltr'>(liaconi</span> <span class='ocrx_word' id='word_1_736' title='bbox 1223 2104 1374 2132; x_wconf 74' lang='lat' dir='ltr'>secundum</span> <span class='ocrx_word' id='word_1_737' title='bbox 1396 2104 1556 2132; x_wconf 87' lang='lat' dir='ltr'>mandatum</span> <span class='ocrx_word' id='word_1_738' title='bbox 1578 2104 1694 2140; x_wconf 76' lang='lat' dir='ltr'>Apostoli</span> <span class='ocrx_word' id='word_1_739' title='bbox 1711 2107 1785 2132; x_wconf 86' lang='lat' dir='ltr'>recte</span> <span class='ocrx_word' id='word_1_740' title='bbox 1806 2112 1865 2140; x_wconf 90' lang='lat' dir='ltr'>pro-</span> 
     </span>
     <span class='ocr_line' id='line_1_112' title="bbox 1022 2151 1865 2188; baseline 0 -9"><span class='ocrx_word' id='word_1_741' title='bbox 1022 2152 1096 2185; x_wconf 91' lang='lat' dir='ltr'>moti,</span> <span class='ocrx_word' id='word_1_742' title='bbox 1112 2152 1216 2188; x_wconf 82' lang='lat' dir='ltr'>primae</span> <span class='ocrx_word' id='word_1_743' title='bbox 1231 2151 1263 2179; x_wconf 85' lang='lat' dir='ltr'>ad</span> <span class='ocrx_word' id='word_1_744' title='bbox 1279 2151 1452 2179; x_wconf 87' lang='lat' dir='ltr'>Timotheum</span> <span class='ocrx_word' id='word_1_745' title='bbox 1475 2152 1570 2180; x_wconf 87' lang='lat' dir='ltr'>tertio:</span> <span class='ocrx_word' id='word_1_746' title='bbox 1589 2152 1713 2188; x_wconf 80' lang='lat' dir='ltr'>Oportet,</span> <span class='ocrx_word' id='word_1_747' title='bbox 1728 2152 1865 2180; x_wconf 74' lang='lat' dir='ltr'>(liaeonos</span> 
     </span>
     <span class='ocr_line' id='line_1_113' title="bbox 1021 2197 1865 2235; baseline 0 -9"><span class='ocrx_word' id='word_1_748' title='bbox 1021 2207 1080 2226; x_wconf 86' lang='lat' dir='ltr'>esse</span> <span class='ocrx_word' id='word_1_749' title='bbox 1098 2198 1232 2235; x_wconf 80' lang='lat' dir='ltr'>pudicos,</span> <span class='ocrx_word' id='word_1_750' title='bbox 1254 2206 1312 2226; x_wconf 73' lang='lat' dir='ltr'>iton</span> <span class='ocrx_word' id='word_1_751' title='bbox 1333 2197 1488 2235; x_wconf 51' lang='lat' dir='ltr'>bibitque&amp;</span> <span class='ocrx_word' id='word_1_752' title='bbox 1510 2207 1569 2226; x_wconf 73' lang='lat' dir='ltr'>tion</span> <span class='ocrx_word' id='word_1_753' title='bbox 1589 2198 1678 2226; x_wconf 87' lang='lat' dir='ltr'>multo</span> <span class='ocrx_word' id='word_1_754' title='bbox 1702 2198 1765 2226; x_wconf 77' lang='lat' dir='ltr'>uiuo</span> <span class='ocrx_word' id='word_1_755' title='bbox 1787 2198 1865 2226; x_wconf 78' lang='lat' dir='ltr'>detli-</span> 
     </span>
     <span class='ocr_line' id='line_1_114' title="bbox 1023 2244 1864 2282; baseline 0 -9"><span class='ocrx_word' id='word_1_756' title='bbox 1023 2251 1080 2278; x_wconf 79' lang='lat' dir='ltr'>tos,</span> <span class='ocrx_word' id='word_1_757' title='bbox 1103 2254 1160 2273; x_wconf 71' lang='lat' dir='ltr'>tion</span> <span class='ocrx_word' id='word_1_758' title='bbox 1183 2250 1266 2282; x_wconf 87' lang='lat' dir='ltr'>turpe</span> <span class='ocrx_word' id='word_1_759' title='bbox 1288 2245 1404 2273; x_wconf 77' lang='lat' dir='ltr'>lucrum</span> <span class='ocrx_word' id='word_1_760' title='bbox 1425 2249 1564 2273; x_wconf 75' lang='lat' dir='ltr'>sectantes</span> <span class='ocrx_word' id='word_1_761' title='bbox 1571 2256 1581 2278; x_wconf 90' lang='lat'>,·</span> <span class='ocrx_word' id='word_1_762' title='bbox 1603 2244 1735 2273; x_wconf 78' lang='lat' dir='ltr'>babentes</span> <span class='ocrx_word' id='word_1_763' title='bbox 1762 2250 1864 2282; x_wconf 79' lang='lat' dir='ltr'>myste-</span> 
     </span>
     <span class='ocr_line' id='line_1_115' title="bbox 1023 2291 1864 2329; baseline -0.001 -8"><span class='ocrx_word' id='word_1_764' title='bbox 1023 2294 1101 2321; x_wconf 84' lang='lat' dir='ltr'>rium</span> <span class='ocrx_word' id='word_1_765' title='bbox 1123 2293 1191 2329; x_wconf 68' lang='lat' dir='ltr'>sistet</span> <span class='ocrx_word' id='word_1_766' title='bbox 1212 2293 1242 2321; x_wconf 73' lang='lat' dir='ltr'>iit</span> <span class='ocrx_word' id='word_1_767' title='bbox 1264 2292 1439 2320; x_wconf 76' lang='lat' dir='ltr'>conscientia</span> <span class='ocrx_word' id='word_1_768' title='bbox 1463 2301 1551 2329; x_wconf 84' lang='lat' dir='ltr'>pura.</span> <span class='ocrx_word' id='word_1_769' title='bbox 1576 2293 1608 2320; x_wconf 90' lang='lat' dir='ltr'>Et</span> <span class='ocrx_word' id='word_1_770' title='bbox 1630 2291 1661 2320; x_wconf 72' lang='lat' dir='ltr'>ht</span> <span class='ocrx_word' id='word_1_771' title='bbox 1681 2296 1775 2320; x_wconf 86' lang='lat' dir='ltr'>autem</span> <span class='ocrx_word' id='word_1_772' title='bbox 1796 2301 1864 2329; x_wconf 82' lang='lat' dir='ltr'>pro-</span> 
     </span>
     <span class='ocr_line' id='line_1_116' title="bbox 1022 2338 1865 2376; baseline -0.002 -8"><span class='ocrx_word' id='word_1_773' title='bbox 1022 2340 1124 2368; x_wconf 78' lang='lat' dir='ltr'>bentur</span> <span class='ocrx_word' id='word_1_774' title='bbox 1142 2339 1292 2376; x_wconf 83' lang='lat' dir='ltr'>primum,</span> <span class='ocrx_word' id='word_1_775' title='bbox 1315 2342 1339 2367; x_wconf 87' lang='lat' dir='ltr'>et</span> <span class='ocrx_word' id='word_1_776' title='bbox 1359 2339 1402 2367; x_wconf 80' lang='lat' dir='ltr'>sie</span> <span class='ocrx_word' id='word_1_777' title='bbox 1423 2339 1600 2372; x_wconf 78' lang='lat' dir='ltr'>ministrent,</span> <span class='ocrx_word' id='word_1_778' title='bbox 1623 2338 1735 2367; x_wconf 73' lang='lat' dir='ltr'>millum</span> <span class='ocrx_word' id='word_1_779' title='bbox 1755 2339 1865 2366; x_wconf 81' lang='lat' dir='ltr'>crimen</span> 
     </span>
     <span class='ocr_line' id='line_1_117' title="bbox 1022 2385 1865 2422; baseline -0.001 -8"><span class='ocrx_word' id='word_1_780' title='bbox 1022 2386 1162 2414; x_wconf 63' lang='lat' dir='ltr'>babentes</span> <span class='ocrx_word' id='word_1_781' title='bbox 1187 2386 1213 2414; x_wconf 90' lang='lat' dir='ltr'>ln</span> <span class='ocrx_word' id='word_1_782' title='bbox 1235 2386 1337 2422; x_wconf 84' lang='lat' dir='ltr'>quibus</span> <span class='ocrx_word' id='word_1_783' title='bbox 1359 2385 1450 2414; x_wconf 84' lang='lat' dir='ltr'>verbis</span> <span class='ocrx_word' id='word_1_784' title='bbox 1472 2385 1598 2419; x_wconf 82' lang='lat' dir='ltr'>ostendit,</span> <span class='ocrx_word' id='word_1_785' title='bbox 1621 2385 1693 2422; x_wconf 84' lang='lat' dir='ltr'>quod</span> <span class='ocrx_word' id='word_1_786' title='bbox 1717 2385 1742 2413; x_wconf 89' lang='lat' dir='ltr'>in</span> <span class='ocrx_word' id='word_1_787' title='bbox 1759 2385 1865 2413; x_wconf 86' lang='lat' dir='ltr'>clericis</span> 
     </span>
     <span class='ocr_line' id='line_1_118' title="bbox 1022 2432 1866 2470; baseline -0.004 -8"><span class='ocrx_word' id='word_1_788' title='bbox 1022 2434 1075 2462; x_wconf 81' lang='lat' dir='ltr'>iam</span> <span class='ocrx_word' id='word_1_789' title='bbox 1098 2432 1246 2470; x_wconf 88' lang='lat' dir='ltr'>promotis,</span> <span class='ocrx_word' id='word_1_790' title='bbox 1268 2432 1348 2461; x_wconf 83' lang='lat' dir='ltr'>debet</span> <span class='ocrx_word' id='word_1_791' title='bbox 1369 2440 1428 2461; x_wconf 89' lang='lat' dir='ltr'>esse</span> <span class='ocrx_word' id='word_1_792' title='bbox 1455 2432 1595 2461; x_wconf 78' lang='lat' dir='ltr'>modestia</span> <span class='ocrx_word' id='word_1_793' title='bbox 1623 2436 1757 2469; x_wconf 86' lang='lat' dir='ltr'>quantum</span> <span class='ocrx_word' id='word_1_794' title='bbox 1779 2432 1812 2460; x_wconf 83' lang='lat' dir='ltr'>ad</span> <span class='ocrx_word' id='word_1_795' title='bbox 1834 2439 1866 2460; x_wconf 86' lang='lat' dir='ltr'>ea.</span> 
     </span>
     <span class='ocr_line' id='line_1_119' title="bbox 1022 2479 1864 2517; baseline -0.001 -9"><span class='ocrx_word' id='word_1_796' title='bbox 1022 2488 1093 2517; x_wconf 85' lang='lat' dir='ltr'>quae</span> <span class='ocrx_word' id='word_1_797' title='bbox 1114 2483 1178 2508; x_wconf 87' lang='lat' dir='ltr'>sunt</span> <span class='ocrx_word' id='word_1_798' title='bbox 1194 2480 1341 2516; x_wconf 81' lang='lat' dir='ltr'>eorporis,</span> <span class='ocrx_word' id='word_1_799' title='bbox 1364 2482 1497 2516; x_wconf 85' lang='lat' dir='ltr'>quantum</span> <span class='ocrx_word' id='word_1_800' title='bbox 1520 2479 1552 2507; x_wconf 88' lang='lat' dir='ltr'>ad</span> <span class='ocrx_word' id='word_1_801' title='bbox 1574 2487 1606 2507; x_wconf 90' lang='lat' dir='ltr'>ea</span> <span class='ocrx_word' id='word_1_802' title='bbox 1626 2487 1697 2516; x_wconf 86' lang='lat' dir='ltr'>quae</span> <span class='ocrx_word' id='word_1_803' title='bbox 1712 2483 1776 2507; x_wconf 89' lang='lat' dir='ltr'>sunt</span> <span class='ocrx_word' id='word_1_804' title='bbox 1794 2479 1864 2512; x_wconf 69' lang='lat' dir='ltr'>oris,</span> 
     </span>
     <span class='ocr_line' id='line_1_120' title="bbox 1023 2526 1865 2564; baseline -0.001 -9"><span class='ocrx_word' id='word_1_805' title='bbox 1023 2531 1157 2564; x_wconf 87' lang='lat' dir='ltr'>quantum</span> <span class='ocrx_word' id='word_1_806' title='bbox 1180 2527 1212 2555; x_wconf 80' lang='lat' dir='ltr'>asi</span> <span class='ocrx_word' id='word_1_807' title='bbox 1234 2535 1265 2555; x_wconf 86' lang='lat' dir='ltr'>ea</span> <span class='ocrx_word' id='word_1_808' title='bbox 1287 2534 1358 2564; x_wconf 90' lang='lat' dir='ltr'>quae</span> <span class='ocrx_word' id='word_1_809' title='bbox 1374 2529 1439 2555; x_wconf 89' lang='lat' dir='ltr'>sunt</span> <span class='ocrx_word' id='word_1_810' title='bbox 1459 2527 1555 2563; x_wconf 82' lang='lat' dir='ltr'>operis</span> <span class='ocrx_word' id='word_1_811' title='bbox 1575 2529 1602 2555; x_wconf 86' lang='lat' dir='ltr'>et</span> <span class='ocrx_word' id='word_1_812' title='bbox 1623 2530 1757 2563; x_wconf 86' lang='lat' dir='ltr'>quantum</span> <span class='ocrx_word' id='word_1_813' title='bbox 1780 2526 1812 2554; x_wconf 88' lang='lat' dir='ltr'>ad</span> <span class='ocrx_word' id='word_1_814' title='bbox 1834 2534 1865 2554; x_wconf 86' lang='lat' dir='ltr'>ea</span> 
     </span>
     <span class='ocr_line' id='line_1_121' title="bbox 1023 2572 1865 2610; baseline 0 -9"><span class='ocrx_word' id='word_1_815' title='bbox 1023 2581 1094 2610; x_wconf 85' lang='lat' dir='ltr'>quae</span> <span class='ocrx_word' id='word_1_816' title='bbox 1123 2576 1187 2601; x_wconf 89' lang='lat' dir='ltr'>sunt</span> <span class='ocrx_word' id='word_1_817' title='bbox 1215 2572 1341 2601; x_wconf 72' lang='lat' dir='ltr'>bominis</span> <span class='ocrx_word' id='word_1_818' title='bbox 1368 2573 1534 2606; x_wconf 43' lang='lat' dir='ltr'>interiori&amp;</span> <span class='ocrx_word' id='word_1_819' title='bbox 1560 2573 1629 2601; x_wconf 85' lang='lat' dir='ltr'>sicut</span> <span class='ocrx_word' id='word_1_820' title='bbox 1663 2580 1710 2609; x_wconf 89' lang='lat' dir='ltr'>per</span> <span class='ocrx_word' id='word_1_821' title='bbox 1742 2573 1865 2601; x_wconf 90' lang='lat' dir='ltr'>ordinem</span> 
     </span>
    </p>
   </div>
   <div class='ocr_carea' id='block_1_15' title="bbox 1022 2761 1863 3025">
    <p class='ocr_par' dir='ltr' id='par_1_24' title="bbox 1023 2761 1863 2828">
     <span class='ocr_line' id='line_1_122' title="bbox 1086 2761 1863 2791; baseline -0.003 -6"><span class='ocrx_word' id='word_1_822' title='bbox 1086 2762 1095 2775; x_wconf 78' lang='lat'>⁰</span> <span class='ocrx_word' id='word_1_823' title='bbox 1113 2764 1177 2790; x_wconf 78' lang='lat' dir='ltr'>Vers.</span> <span class='ocrx_word' id='word_1_824' title='bbox 1196 2764 1221 2789; x_wconf 75' lang='grc'>3;</span> <span class='ocrx_word' id='word_1_825' title='bbox 1239 2768 1368 2791; x_wconf 78' lang='lat' dir='ltr'>sequuntur</span> <span class='ocrx_word' id='word_1_826' title='bbox 1385 2763 1489 2790; x_wconf 55' lang='lat' dir='ltr'>Gregor„</span> <span class='ocrx_word' id='word_1_827' title='bbox 1507 2763 1530 2784; x_wconf 88' lang='grc' dir='ltr'>ΙΙ,</span> <span class='ocrx_word' id='word_1_828' title='bbox 1548 2762 1630 2783; x_wconf 90' lang='lat' dir='ltr'>Homil.</span> <span class='ocrx_word' id='word_1_829' title='bbox 1648 2762 1669 2783; x_wconf 93' lang='lat' dir='ltr'>in</span> <span class='ocrx_word' id='word_1_830' title='bbox 1687 2763 1774 2789; x_wconf 66' lang='lat' dir='ltr'>lix-ang.</span> <span class='ocrx_word' id='word_1_831' title='bbox 1787 2761 1863 2783; x_wconf 88' lang='lat' dir='ltr'>homil.</span> 
     </span>
     <span class='ocr_line' id='line_1_123' title="bbox 1023 2801 1358 2828; baseline -0.003 -5"><span class='ocrx_word' id='word_1_832' title='bbox 1023 2802 1060 2823; x_wconf 78' lang='lat'>26.</span> <span class='ocrx_word' id='word_1_833' title='bbox 1079 2808 1100 2823; x_wconf 93' lang='lat' dir='ltr'>n.</span> <span class='ocrx_word' id='word_1_834' title='bbox 1119 2802 1140 2824; x_wconf 74' lang='grc' dir='ltr'>ἴ).</span> <span class='ocrx_word' id='word_1_835' title='bbox 1160 2804 1182 2823; x_wconf 88' lang='lat' dir='ltr'>et</span> <span class='ocrx_word' id='word_1_836' title='bbox 1200 2801 1265 2823; x_wconf 84' lang='lat' dir='ltr'>Deut.</span> <span class='ocrx_word' id='word_1_837' title='bbox 1283 2802 1304 2828; x_wconf 90' lang='lat' dir='ltr'>l,</span> <span class='ocrx_word' id='word_1_838' title='bbox 1325 2802 1358 2823; x_wconf 88' lang='grc'>13.</span> 
     </span>
    </p>

    <p class='ocr_par' dir='ltr' id='par_1_25' title="bbox 1022 2839 1863 2907">
     <span class='ocr_line' id='line_1_124' title="bbox 1086 2839 1863 2869; baseline 0 -7"><span class='ocrx_word' id='word_1_839' title='bbox 1086 2839 1094 2852; x_wconf 84' lang='lat'>⁷</span> <span class='ocrx_word' id='word_1_840' title='bbox 1112 2841 1134 2862; x_wconf 94' lang='lat' dir='ltr'>ln</span> <span class='ocrx_word' id='word_1_841' title='bbox 1152 2840 1232 2862; x_wconf 65' lang='lat' dir='ltr'>codice</span> <span class='ocrx_word' id='word_1_842' title='bbox 1250 2842 1301 2868; x_wconf 84' lang='lat' dir='ltr'>post</span> <span class='ocrx_word' id='word_1_843' title='bbox 1318 2840 1488 2869; x_wconf 69' lang='lat' dir='ltr'>informitatem</span> <span class='ocrx_word' id='word_1_844' title='bbox 1502 2840 1531 2867; x_wconf 71' lang='lat'>(⁶2)</span> <span class='ocrx_word' id='word_1_845' title='bbox 1549 2843 1582 2861; x_wconf 84' lang='lat' dir='ltr'>est</span> <span class='ocrx_word' id='word_1_846' title='bbox 1600 2845 1671 2867; x_wconf 80' lang='lat' dir='ltr'>parva</span> <span class='ocrx_word' id='word_1_847' title='bbox 1688 2840 1776 2867; x_wconf 74' lang='lat' dir='ltr'>lacuna,</span> <span class='ocrx_word' id='word_1_848' title='bbox 1793 2846 1863 2868; x_wconf 77' lang='lat' dir='ltr'>quum</span> 
     </span>
     <span class='ocr_line' id='line_1_125' title="bbox 1022 2879 1692 2907; baseline -0.003 -5"><span class='ocrx_word' id='word_1_849' title='bbox 1022 2879 1054 2902; x_wconf 89' lang='lat' dir='ltr'>sic</span> <span class='ocrx_word' id='word_1_850' title='bbox 1071 2879 1239 2907; x_wconf 81' lang='lat' dir='ltr'>supplevimus.</span> <span class='ocrx_word' id='word_1_851' title='bbox 1258 2892 1287 2895; x_wconf 93' lang='lat'>——</span> <span class='ocrx_word' id='word_1_852' title='bbox 1304 2880 1412 2907; x_wconf 82' lang='lat' dir='ltr'>Sequitur</span> <span class='ocrx_word' id='word_1_853' title='bbox 1429 2880 1496 2902; x_wconf 86' lang='lat' dir='ltr'>Rom.</span> <span class='ocrx_word' id='word_1_854' title='bbox 1515 2879 1556 2906; x_wconf 64' lang='lat' dir='ltr'>ts,</span> <span class='ocrx_word' id='word_1_855' title='bbox 1574 2879 1610 2901; x_wconf 79' lang='lat'>26.</span> <span class='ocrx_word' id='word_1_856' title='bbox 1628 2885 1692 2907; x_wconf 65' lang='lat' dir='ltr'>seqq.</span> 
     </span>
    </p>

    <p class='ocr_par' dir='ltr' id='par_1_26' title="bbox 1085 2917 1851 2947">
     <span class='ocr_line' id='line_1_126' title="bbox 1085 2917 1851 2947; baseline 0.001 -7"><span class='ocrx_word' id='word_1_857' title='bbox 1085 2917 1094 2930; x_wconf 60' lang='grc' dir='ltr'>Β</span> <span class='ocrx_word' id='word_1_858' title='bbox 1111 2918 1156 2941; x_wconf 88' lang='lat' dir='ltr'>Csr.</span> <span class='ocrx_word' id='word_1_859' title='bbox 1174 2919 1273 2945; x_wconf 80' lang='lat' dir='ltr'>HIeron.,</span> <span class='ocrx_word' id='word_1_860' title='bbox 1290 2919 1359 2946; x_wconf 84' lang='lat' dir='ltr'>Epist.</span> <span class='ocrx_word' id='word_1_861' title='bbox 1378 2919 1415 2940; x_wconf 84' lang='grc'>66,</span> <span class='ocrx_word' id='word_1_862' title='bbox 1432 2919 1461 2940; x_wconf 77' lang='lat' dir='ltr'>ud</span> <span class='ocrx_word' id='word_1_863' title='bbox 1478 2918 1627 2940; x_wconf 77' lang='lat' dir='ltr'>anachium</span> <span class='ocrx_word' id='word_1_864' title='bbox 1644 2918 1709 2947; x_wconf 83' lang='lat' dir='ltr'>(alias</span> <span class='ocrx_word' id='word_1_865' title='bbox 1726 2919 1772 2947; x_wconf 76' lang='lat'>26.)</span> <span class='ocrx_word' id='word_1_866' title='bbox 1791 2925 1811 2940; x_wconf 93' lang='lat' dir='ltr'>n.</span> <span class='ocrx_word' id='word_1_867' title='bbox 1830 2919 1851 2941; x_wconf 71' lang='lat' dir='ltr'>S.</span> 
     </span>
    </p>

    <p class='ocr_par' dir='ltr' id='par_1_27' title="bbox 1084 2957 1314 2986">
     <span class='ocr_line' id='line_1_127' title="bbox 1084 2957 1314 2986; baseline -0.004 -6"><span class='ocrx_word' id='word_1_868' title='bbox 1084 2957 1094 2969; x_wconf 72' lang='lat'><strong>⁹</strong></span> <span class='ocrx_word' id='word_1_869' title='bbox 1112 2958 1178 2980; x_wconf 80' lang='lat' dir='ltr'>Vers.</span> <span class='ocrx_word' id='word_1_870' title='bbox 1195 2958 1232 2980; x_wconf 76' lang='lat'>23.</span> <span class='ocrx_word' id='word_1_871' title='bbox 1249 2964 1314 2986; x_wconf 84' lang='lat' dir='ltr'>seqq.</span> 
     </span>
    </p>

    <p class='ocr_par' dir='ltr' id='par_1_28' title="bbox 1085 2996 1661 3025">
     <span class='ocr_line' id='line_1_128' title="bbox 1085 2996 1661 3025; baseline 0 -7"><span class='ocrx_word' id='word_1_872' title='bbox 1085 2996 1103 3009; x_wconf 81' lang='lat'>¹⁰</span> <span class='ocrx_word' id='word_1_873' title='bbox 1121 2997 1175 3019; x_wconf 80' lang='lat' dir='ltr'>Phil.</span> <span class='ocrx_word' id='word_1_874' title='bbox 1194 2997 1220 3024; x_wconf 76' lang='lat'>4,</span> <span class='ocrx_word' id='word_1_875' title='bbox 1238 2997 1262 3024; x_wconf 77' lang='lat'>5;</span> <span class='ocrx_word' id='word_1_876' title='bbox 1281 2996 1384 3025; x_wconf 87' lang='lat' dir='ltr'>sequitur</span> <span class='ocrx_word' id='word_1_877' title='bbox 1403 2997 1415 3019; x_wconf 94' lang='grc' dir='ltr'>Ι.</span> <span class='ocrx_word' id='word_1_878' title='bbox 1435 2996 1494 3018; x_wconf 87' lang='lat' dir='ltr'>Tim.</span> <span class='ocrx_word' id='word_1_879' title='bbox 1513 2997 1538 3024; x_wconf 77' lang='lat'>3,</span> <span class='ocrx_word' id='word_1_880' title='bbox 1557 2997 1577 3018; x_wconf 77' lang='lat'>8.</span> <span class='ocrx_word' id='word_1_881' title='bbox 1596 3003 1661 3025; x_wconf 84' lang='lat' dir='ltr'>seqq.</span> 
     </span>
    </p>
   </div>
   <div class='ocr_carea' id='block_1_16' title="bbox 1883 802 1974 820">
    <p class='ocr_par' dir='ltr' id='par_1_29' title="bbox 1883 802 1974 820">
     <span class='ocr_line' id='line_1_129' title="bbox 1883 802 1974 820; baseline 0 0"><span class='ocrx_word' id='word_1_882' title='bbox 1883 802 1974 820; x_wconf 85' lang='lat' dir='ltr'>Tertium.</span> 
     </span>
    </p>
   </div>
   <div class='ocr_carea' id='block_1_17' title="bbox 1879 1969 2011 2040">
    <p class='ocr_par' dir='ltr' id='par_1_30' title="bbox 1879 1969 2011 2040">
     <span class='ocr_line' id='line_1_130' title="bbox 1879 1969 2011 1988; baseline 0 -1"><span class='ocrx_word' id='word_1_883' title='bbox 1879 1969 1924 1987; x_wconf 80' lang='lat' dir='ltr'>Pars</span> <span class='ocrx_word' id='word_1_884' title='bbox 1932 1969 1961 1987; x_wconf 90' lang='lat' dir='ltr'>lll.</span> <span class='ocrx_word' id='word_1_885' title='bbox 1974 1969 2011 1988; x_wconf 78' lang='lat' dir='ltr'>llio-</span> 
     </span>
     <span class='ocr_line' id='line_1_131' title="bbox 1897 1992 1989 2011; baseline 0.011 -1"><span class='ocrx_word' id='word_1_886' title='bbox 1897 1992 1957 2011; x_wconf 76' lang='lat' dir='ltr'>desua</span> <span class='ocrx_word' id='word_1_887' title='bbox 1970 1993 1989 2011; x_wconf 85' lang='lat' dir='ltr'>in</span> 
     </span>
     <span class='ocr_line' id='line_1_132' title="bbox 1897 2016 1989 2040; baseline 0 -6"><span class='ocrx_word' id='word_1_888' title='bbox 1897 2016 1989 2040; x_wconf 75' lang='lat' dir='ltr'>exemplo.</span> 
     </span>
    </p>
   </div>
   <div class='ocr_carea' id='block_1_18' title="bbox 1880 2438 2003 2504">
    <p class='ocr_par' dir='ltr' id='par_1_31' title="bbox 1880 2438 2003 2504">
     <span class='ocr_line' id='line_1_133' title="bbox 1880 2438 2002 2457; baseline 0 -1"><span class='ocrx_word' id='word_1_889' title='bbox 1880 2438 1969 2457; x_wconf 76' lang='lat' dir='ltr'>Modestia</span> <span class='ocrx_word' id='word_1_890' title='bbox 1983 2438 2002 2456; x_wconf 86' lang='lat' dir='ltr'>iu</span> 
     </span>
     <span class='ocr_line' id='line_1_134' title="bbox 1882 2463 2003 2485; baseline 0.008 -6"><span class='ocrx_word' id='word_1_891' title='bbox 1882 2463 1962 2485; x_wconf 65' lang='lat' dir='ltr'>quatuor</span> <span class='ocrx_word' id='word_1_892' title='bbox 1974 2467 1993 2480; x_wconf 82' lang='lat' dir='ltr'>re</span> <span class='ocrx_word' id='word_1_893' title='bbox 1998 2471 2003 2475; x_wconf 92' lang='lat'>·</span> 
     </span>
     <span class='ocr_line' id='line_1_135' title="bbox 1921 2485 1962 2504; baseline -0.024 0"><span class='ocrx_word' id='word_1_894' title='bbox 1921 2485 1962 2504; x_wconf 80' lang='lat' dir='ltr'>bus.</span> 
     </span>
    </p>
   </div>
  </div>
 </body>
</html>
