2243 3348
40 891 114 912 Divisio.

41 2065 111 2085 sermo.

709 144 867 173 DOMlNlCA
888 144 907 172 Ῐ.
930 145 1112 174 ADVENTUS.
1136 146 1246 175 SERMO
1267 147 1296 175 ll.
1842 154 1877 181 27

133 223 242 260 quietae
262 222 416 260 fruitionis
437 226 464 251 et
492 230 606 251 securae
623 221 778 250 tentionis
801 221 879 258 Quod
902 222 980 250 nobis

133 273 273 307 praestare
294 269 424 306 dignetur
445 272 495 298 etc.

471 363 562 391 Sannio
584 362 605 390 11
617 363 637 390 ¹.

218 458 312 486 Veniet
331 458 515 486 desiderabas
529 457 641 486 cunctis
654 456 803 494 pentibus,
825 456 923 493 Aggaei
938 463 981 484 se-

133 505 224 534 cundo
236 505 254 533 ².

211 552 366 581 Prothema.
395 551 482 580 Omni
508 551 620 588 nepotio
642 554 754 588 tempas
775 554 814 579 est
835 554 862 579 et
879 559 981 587 oppor-

133 599 254 633 tunitas,
277 598 454 628 Ecclesiastae
474 602 580 627 octavo.

210 645 339 682 Oportet,
362 645 512 682 sapientem
534 644 686 682 quemlibet
707 645 734 673 in
766 644 891 673 rationali
914 644 981 673 sub-

133 693 233 722 stantia
261 692 436 721 considerare
464 692 660 729 operationem
692 694 819 728 respectu
842 691 980 727 potentiae

131 739 165 768 ad
188 739 409 776 provocationem
431 738 546 777 effectas
568 747 617 775 per
649 739 823 772 virilitatem;
845 738 980 767 duratio-

131 794 196 815 nem
217 788 345 822 respectu
367 786 539 822 praesentiae
560 786 593 814 ad
627 785 828 822 promotionem
859 784 980 822 affectus

132 841 181 870 per
196 832 411 867 iucunditatem,
431 833 615 861 intencionem
633 835 761 869 respectu
775 831 932 868 diligentiae
946 831 980 859 ad

131 880 343 909 declarationem
358 879 515 908 intellectas
530 888 578 916 per
593 879 804 916 congruitatem.
825 879 856 907 Et
878 878 980 907 idcirco

132 926 224 956 verbis
245 926 366 955 secundo
388 927 447 955 loco
469 927 617 963 propositis
639 927 762 963 tangitur
783 925 898 963 effectas
911 934 980 962 pro-

130 974 243 1003 vocatio
264 981 299 1002 ex
322 973 539 1002 consideratione
560 974 727 1010 operationis
747 981 795 1010 per
820 973 979 1001 virilitatem

131 1020 284 1058 potentiae,
306 1028 369 1049 cum
393 1021 594 1057 praemittitur:
613 1020 700 1049 Omni
713 1020 843 1058 nepoti&
858 1019 980 1057 affectas

128 1068 274 1105 promotio
296 1076 332 1096 ex
361 1067 579 1096 consideratione
604 1068 759 1097 durationis
781 1075 830 1104 per
851 1067 979 1095 iucundi-

131 1117 214 1143 tatem
238 1114 425 1151 praesentiae,
448 1122 510 1143 cnm
535 1115 677 1152 sequitur:
700 1118 812 1151 teinpus
826 1118 866 1142 est
874 1125 883 1147 ,·
899 1114 979 1143 intel-

131 1162 219 1191 lectas
247 1161 407 1190 declaratio
432 1170 468 1190 ex
500 1161 718 1190 consideratione
750 1161 908 1190 intentionis
929 1169 979 1198 per

131 1209 274 1238 veritatem
296 1209 509 1245 congruentiae,
532 1216 594 1237 cuin
617 1208 812 1245 subiungitur:
828 1213 854 1236 et
874 1217 978 1245 oppor-

132 1256 252 1284 tunitas.
285 1256 338 1284 Nos
369 1263 451 1292 ergo,
471 1256 621 1290 carissimi,
647 1256 673 1284 in
697 1259 856 1284 nostrorum
880 1255 979 1284 verbo-

130 1311 194 1332 rum
216 1303 368 1340 primordio
390 1303 496 1332 Patrem
517 1303 771 1332 misericordiarum
787 1303 918 1339 primitus
932 1302 979 1331 de-

130 1358 293 1387 precemur,
325 1358 341 1378 a
372 1358 427 1387 quo
448 1350 537 1378 omnis
566 1350 693 1378 virilitas
724 1358 774 1387 per
806 1350 979 1378 influentiam

130 1397 285 1434 potestatis,
308 1397 478 1426 iucunditas
493 1405 542 1434 per
558 1397 729 1426 influentiam
753 1397 891 1431 bonitatis,
912 1405 979 1425 con-

129 1445 249 1482 yraitas
264 1452 313 1481 per
335 1444 507 1473 influentiam
523 1445 662 1478 veritatis,
678 1448 709 1472 ut
724 1452 774 1473 nos
788 1452 884 1473 omnes
898 1444 979 1473 saciat

130 1491 228 1520 viriles
250 1491 277 1519 in
292 1491 451 1528 operatione
467 1491 616 1528 potentiae,
632 1491 777 1519 iucundos
792 1491 817 1519 in
833 1491 979 1520 duratione

130 1539 234 1576 gratiae
255 1542 282 1567 et
302 1538 492 1567 rationabiles
514 1539 541 1567 in
563 1539 713 1567 intentione
734 1538 852 1575 gloriae3
878 1541 910 1566 ut
930 1538 978 1572 sic,

130 1585 284 1623 provocati
304 1586 330 1613 in
353 1585 452 1614 effectu
475 1593 523 1622 per
547 1585 703 1614 virilitatem
719 1585 895 1621 operationis,
907 1593 979 1622 pro-

130 1632 201 1660 moti
221 1632 249 1660 in
270 1632 370 1664 affectu
393 1640 441 1668 per
473 1631 671 1660 iucunditatem
694 1631 863 1665 durationis,
885 1631 979 1659 ‹tecla-

131 1679 193 1707 rati
213 1679 240 1707 in
262 1679 404 1708 intellectu
425 1686 474 1715 per
495 1679 696 1715 congruitatem
720 1678 894 1712 intentionis,
916 1686 979 1715 pos-

133 1726 220 1755 simus
247 1733 279 1754 ea
306 1726 399 1754 dicere
427 1729 454 1755 et
480 1725 593 1759 audire,
622 1734 693 1762 quae
721 1728 786 1754 sunt
813 1725 847 1753 ad
869 1725 978 1754 laudem

131 1773 205 1801 illius
226 1773 272 1810 qui
300 1777 439 1810 «tempus
460 1773 495 1801 ab
516 1781 583 1802 aevo
609 1773 650 1802 ire
671 1773 748 1802 iubet
763 1773 773 1789 3
788 1785 801 1798 n
828 1776 855 1801 et
880 1773 927 1809 qni
950 1773 977 1801 in

130 1820 242 1849 Daniele
263 1820 403 1858 antiquas
424 1820 539 1849 dierunt
561 1820 745 1854 describitur,
764 1823 791 1849 et
806 1820 838 1848 ad
855 1820 978 1849 consola-

130 1867 232 1895 tionem
254 1870 392 1900 nostram,
415 1867 461 1904 qui
485 1867 544 1896 01115
565 1867 681 1904 gratiam
704 1867 730 1895 in
746 1867 883 1903 praesenti
906 1867 979 1896 desi—

131 1913 262 1942 deramus
289 1916 316 1941 01
346 1914 373 1941 in
395 1913 491 1942 futuro
520 1921 598 1942 suam
627 1913 742 1950 gloriam
766 1914 976 1950 praestolamur.

130 1961 223 1989 Amen.

208 2007 342 2043 Quoniam
364 2007 397 2035 ad
420 2007 637 2036 misericordiam
659 2008 778 2044 pertinet
799 2007 937 2036 desolatos
951 2011 978 2036 et

129 2054 244 2083 afflictos
265 2055 415 2088 consolari,
438 2055 502 2083 hinc
524 2057 580 2088 est,
603 2055 675 2091 quod
700 2055 787 2089 Deus,
812 2055 901 2083 Pater
923 2055 978 2084 ini-

129 2101 308 2130 sericordiae
328 2105 354 2130 et
381 2103 468 2130 totius
490 2102 696 2130 consolationis
707 2103 729 2136 4,
751 2102 847 2131 videns
868 2106 977 2131 sanctos

130 2149 222 2177 Patres
250 2149 428 2178 vehementer
456 2149 572 2178 desolari
603 2153 630 2178 et
658 2149 740 2186 affligi
762 2157 798 2178 ex
825 2158 891 2178 suae
914 2158 977 2186 pro-

128 2196 266 2225 missionis
287 2196 416 2225 dilatione
437 2199 464 2225 et
485 2197 576 2225 animo
598 2197 738 2226 sitibundo
759 2200 785 2225 et
800 2197 899 2225 affectu
916 2197 978 2233 piis—

129 2243 198 2271 simo
220 2251 316 2280 preces
337 2243 495 2280 importune
524 2244 708 2281 multiplicare
730 2252 781 2280 pro
809 2244 869 2272 eius
900 2252 977 2273 acce-

128 2289 278 2324 leratione,
299 2290 428 2326 dignatus
459 2294 500 2319 est
530 2299 577 2319 eos
608 2291 798 2327 multipliciter
824 2291 977 2325 consolari,

129 2345 191 2366 cum
222 2338 248 2365 in
278 2338 363 2366 verbo
396 2338 536 2374 proposito
561 2338 694 2367 certificet
715 2346 761 2366 eos
789 2338 823 2367 de
848 2339 975 2374 promissi

129 2383 252 2412 beneficii
265 2384 467 2420 adimpletione,
482 2385 589 2413 dicens:
608 2385 701 2413 Veniet
712 2385 895 2413 desideratas
910 2394 977 2414 enn-

129 2430 182 2459 etis
201 2430 342 2468 yenabus.
365 2431 415 2459 Sed
438 2432 503 2468 quia
524 2432 556 2460 ad
579 2432 726 2468 petendum
744 2432 906 2469 beniynitas
927 2441 977 2462 ex-

129 2478 209 2511 citat,
231 2478 345 2506 utilitas
367 2482 498 2514 provocat
519 2483 545 2507 et
564 2479 686 2515 petentis
713 2479 869 2507 sinceritas
894 2488 977 2509 aures

129 2524 237 2553 divinae
259 2525 464 2554 misericordiae
496 2526 530 2554 ad
561 2526 729 2554 audiendum
762 2526 889 2559 inclinat;
916 2527 977 2555 ideo

129 2571 174 2600 hic
196 2571 248 2600 tria
271 2575 402 2600 notantur
424 2572 450 2600 in
472 2573 558 2601 verbo
574 2573 722 2609 proposito.
739 2573 803 2601 Nam
820 2574 910 2610 primo
928 2582 977 2602 no-

1037 226 1112 251 tatur
1134 223 1296 261 benignitas
1317 233 1353 253 ex
1369 228 1446 261 parte
1460 226 1517 254 Filii
1533 227 1579 255 Dei
1597 228 1744 261 venientis,
1759 230 1879 258 secundo
1898 233 2025 260 0111519101]-

1908 257 1980 280 cipalis.

1037 270 1133 298 animi
1152 271 1307 299 sinceritas
1328 279 1364 299 ex
1387 275 1464 308 parte
1494 274 1585 309 populi
1608 275 1776 310 appetentis,
1800 277 1880 305 tertio

1037 316 1151 344 utilitas
1171 324 1208 345 ex
1231 320 1308 353 parte
1330 317 1392 346 finis
1413 319 1615 356 subsequentis.

1117 363 1207 391 Primo
1228 371 1327 400 magna
1349 364 1511 402 benignitas
1538 366 1590 394 fuit
1616 367 1647 395 in
1670 368 1721 396 Dei
1741 369 1815 397 Filio
1836 378 1881 397 ve-

1037 409 1146 443 niente,
1168 409 1234 446 quia
1265 418 1317 438 non
1350 411 1437 445 misit,
1469 420 1520 441 nec
1541 413 1666 450 scripsit,
1698 414 1783 443 immo
1808 416 1881 444 venit

1038 456 1236 492 personaliter,
1258 460 1285 485 et
1306 457 1357 486 hoc
1385 462 1427 486 est
1452 459 1525 495 quod
1546 460 1628 488 dicit:
1658 461 1750 489 Veniet
1770 464 1821 490 etc.
1845 479 1880 482 —-

1037 502 1162 531 Secundo
1185 511 1283 540 magna
1311 504 1407 533 animi
1430 506 1586 534 sinceritas
1614 515 1650 536 ex
1676 512 1753 544 parte
1778 509 1882 546 populi

1037 550 1209 585 appetentis,
1231 550 1297 586 quia
1318 559 1370 579 non
1393 551 1565 581 desiderabat
1585 562 1685 582 aurum
1709 555 1750 583 vel
1771 556 1881 592 aliquod

1037 598 1197 629 terrenum,
1219 596 1266 624 sed
1285 597 1331 625 Dei
1348 597 1460 631 Filium;
1483 602 1509 627 et
1531 603 1644 636 propter
1667 601 1717 629 hoc
1736 602 1880 630 subditur:

1036 642 1228 671 desideratus.
1251 660 1287 663 -—
1310 644 1402 673 Tertio
1431 653 1528 682 magna
1561 647 1671 675 utilitas
1702 648 1753 676 fuit
1775 649 1806 676 in
1826 649 1882 685 (ine

1035 689 1238 728 subsequente,
1261 691 1365 719 scilicet
1389 692 1451 720 novi
1474 695 1640 728 testamenti3
1657 703 1718 723 nam
1735 703 1783 732 per
1799 696 1881 725 istum

1036 736 1185 765 adventum
1208 740 1323 766 cunctae
1344 741 1438 774 gentes
1466 743 1577 768 vocatae
1599 744 1663 768 sunt
1683 742 1715 769 ad
1739 742 1881 770 veritatem

1036 783 1115 817 fidei;
1138 783 1199 812 ideo
1220 784 1408 813 subinfertur:
1431 786 1544 814 canetis
1563 787 1706 823 pentibus.

1116 830 1133 858 1.
1158 831 1263 859 Dicitur
1284 839 1366 868 ergo:
1396 832 1504 866 Veniet,
1520 833 1566 861 ubi
1589 837 1700 862 notatur
1720 835 1881 872 beniynitas

1036 885 1071 905 eac
1088 881 1176 914 parte
1202 886 1344 914 personae
1371 879 1517 907 venientis.
1540 880 1565 908 Si
1588 884 1739 917 quaeratur
1766 883 1834 910 ratio
1856 886 1882 911 et

1036 932 1120 953 causa
1141 925 1316 962 principalis,
1338 934 1425 962 quare
1447 926 1494 954 Dei
1516 927 1599 955 Filius
1621 928 1695 956 venit
1716 929 1742 956 in
1762 937 1882 963 carnem,

1036 972 1139 1008 optime
1161 972 1361 1009 respondetur,
1383 973 1456 1010 quod
1478 974 1563 1002 huius
1584 974 1654 1002 ratio
1677 976 1825 1012 praecipua
1843 980 1883 1005 051

1036 1019 1269 1047 excellentissima
1300 1019 1454 1056 benignitas
1482 1020 1545 1054 Dei,
1568 1029 1584 1049 a
1605 1029 1660 1057 qua
1681 1025 1707 1049 et
1728 1023 1881 1051 secundum

1036 1074 1119 1102 quam
1148 1069 1175 1094 et
1204 1070 1317 1103 propter
1344 1075 1428 1104 quam
1449 1067 1521 1096 sacta.
1548 1071 1589 1096 est
1618 1068 1699 1097 Verbi
1722 1069 1881 1098 incarnatio.

1036 1112 1102 1140 Nam
1126 1113 1171 1141 ille
1192 1113 1328 1142 adventus
1349 1122 1365 1142 a
1386 1114 1553 1151 benignitate
1574 1115 1707 1151 procedit,
1730 1116 1884 1152 praetendit

1036 1159 1232 1196 benignitatem
1255 1164 1281 1189 et
1302 1161 1337 1189 ad
1358 1161 1553 1198 benignitatem
1576 1162 1710 1198 perducit.
1735 1163 1819 1199 Igitur
1835 1164 1883 1192 Dei

1035 1206 1119 1235 Filius
1141 1211 1254 1243 propter
1276 1207 1388 1236 nimiam
1410 1208 1604 1245 benignitatem
1622 1209 1708 1237 voluit
1723 1210 1883 1244 humanari,

1036 1256 1067 1282 ut
1090 1254 1195 1282 veniret
1217 1254 1308 1291 primo
1330 1257 1461 1292 tanquam
1484 1256 1628 1284 mediator
1646 1257 1883 1293 ⁴oratiosissinius

1036 1300 1069 1329 ad
1091 1301 1250 1329 exhibenda
1270 1301 1391 1330 remedia
1421 1302 1494 1339 pacis
1515 1306 1542 1331 et
1563 1303 1740 1337 concordiae,
1763 1304 1883 1332 secundo

1036 1350 1168 1385 tanquam
1190 1348 1290 1377 doctor
1310 1350 1520 1378 veracissimas
1541 1350 1575 1378 ad
1603 1350 1692 1379 [landa
1719 1351 1884 1380 documenta

1036 1395 1145 1431 pietatis
1166 1399 1193 1423 01
1214 1396 1348 1430 1115111100;
1372 1396 1453 1425 101110
1475 1399 1605 1434 tanquam
1628 1406 1680 1425 rea:
1702 1396 1884 1426 humillimas

1036 1442 1068 1470 ad
1091 1442 1305 1471 demonstranda
1326 1443 1454 1479 exempla
1476 1444 1641 1473 humilitatis
1661 1448 1688 1473 et
1714 1445 1884 1481 paupertatis

1037 1489 1094 1517 sive
1116 1489 1296 1526 indigentiae;
1318 1493 1350 1518 ut
1371 1490 1409 1518 sic
1442 1491 1547 1519 ratione
1575 1491 1673 1527 primi,
1695 1491 1761 1528 quia
1782 1491 1884 1520 media-

1037 1540 1095 1570 tor,
1117 1537 1152 1565 sit
1174 1538 1318 1565 sinceriter
1340 1537 1523 1574 (tiligyendaae
1546 1538 1651 1567 ratione
1673 1539 1799 1573 secundi,
1819 1539 1884 1576 quia

1036 1583 1148 1618 doctor,
1182 1584 1325 1613 humiliter
1356 1585 1548 1618 reoerendus;
1578 1586 1683 1614 ratione
1709 1586 1795 1620 tertii,
1818 1586 1884 1623 quia

1036 1638 1209 1667 praecessor,
1231 1632 1360 1668 exemplo
1382 1632 1561 1660 conformiter
1583 1632 1754 1661 imitandas.

1116 1678 1205 1706 Primo
1226 1678 1301 1707 venit
1323 1682 1453 1715 tanquam
1476 1679 1622 1707 n‘zediator
1645 1680 1883 1717 gratiosissimus

1035 1725 1069 1753 ad
1091 1725 1249 1754 exbibenda
1271 1726 1391 1754 remedia
1413 1726 1487 1762 pacis
1502 1730 1529 1754 et
1550 1727 1719 1755 concordiae.
1737 1727 1767 1755 Et
1782 1727 1815 1755 de
1831 1728 1882 1756 hoc

1035 1772 1137 1800 dicitur
1168 1772 1201 1800 ad
1234 1772 1365 1809 Ephesios
1387 1773 1551 1801 secundo⁵:
1578 1774 1641 1810 Ipse
1672 1778 1713 1802 est
1740 1783 1803 1811 pax
1831 1783 1882 1802 no-

1034 1823 1114 1853 stra,
1136 1820 1188 1858 qai
1217 1818 1285 1857 fecit
1316 1824 1443 1858 utraque
1475 1830 1581 1855 tinam,
1614 1825 1638 1849 et
1670 1821 1798 1850 inediam
1827 1830 1882 1858 pa-

1035 1866 1135 1895 rietem
1157 1867 1303 1895 maceriae
1323 1867 1451 1901 solvens,
1468 1868 1642 1896 inimicitias
1657 1868 1689 1896 in
1710 1877 1799 1897 earne
1812 1877 1881 1903 saa,

1035 1913 1122 1951 legem
1144 1914 1356 1942 mandatorum
1386 1914 1508 1943 decretis
1539 1924 1705 1948 evacuans;
1737 1918 1764 1944 et
1791 1916 1883 1953 sequi-

1034 1964 1097 1989 tur:
1117 1961 1234 1989 Veniens
1246 1961 1460 1999 evangyelizavit
1474 1962 1555 1990 nobis
1565 1971 1675 1999 paceni.
1689 1980 1726 1983 —
1737 1963 1820 1991 Filius
1836 1963 1883 1991 Dei

1034 2008 1200 2037 assumendo
1222 2009 1372 2037 humanam
1388 2013 1516 2038 naturam
1532 2010 1558 2038 in
1575 2010 1679 2039 unitate
1696 2018 1829 2047 personae
1843 2009 1884 2047 fe-

1035 2055 1073 2083 eit
1087 2059 1222 2093 atraque,
1235 2056 1338 2085 scilicet
1353 2056 1508 2085 Divinitatis
1523 2060 1550 2085 et
1570 2057 1757 2091 humanitatis,
1779 2065 1882 2090 anain,

1035 2103 1196 2131 sustinendo
1228 2103 1383 2132 voluntarie
1415 2107 1585 2132 tormentum
1607 2104 1699 2132 crucis
1720 2107 1747 2133 et
1768 2104 1881 2138 mortis,

1033 2149 1067 2177 ad
1093 2157 1176 2186 quam
1208 2158 1261 2178 non
1296 2150 1457 2183 tenebatur,
1489 2159 1521 2179 eo
1553 2151 1627 2187 qnod
1660 2151 1792 2179 immunis
1823 2154 1883 2179 erat

1034 2197 1068 2225 ab
1090 2197 1163 2225 omni
1196 2201 1323 2233 peccato;
1345 2198 1499 2226 evacuavit
1526 2198 1668 2226 decretum
1691 2198 1799 2226 divinae
1821 2205 1882 2226 sen-

1034 2245 1134 2273 tentiae
1155 2244 1188 2273 de
1210 2245 1349 2273 clausione
1381 2245 1478 2273 ianuae
1511 2245 1629 2281 paradisi
1658 2245 1798 2279 caelestis,
1827 2245 1882 2273 sol-

1034 2300 1101 2320 vens
1122 2292 1250 2320 inediam
1270 2292 1413 2328 parietem
1433 2292 1591 2320 inimicitiae
1606 2295 1633 2321 et
1647 2292 1814 2325 discordiae,
1834 2292 1881 2329 qui

1034 2342 1093 2367 erat
1116 2338 1186 2366 inter
1209 2346 1258 2366 nos
1279 2342 1306 2367 et
1320 2339 1423 2373 Deum3
1439 2342 1465 2367 et
1480 2339 1519 2367 sic
1534 2339 1661 2367 Christus
1683 2342 1814 2375 tanquam
1836 2346 1881 2367 ve—

1034 2393 1084 2414 rus
1106 2385 1239 2414 mediator
1260 2386 1376 2414 veniens
1397 2386 1611 2422 evanqetizaoit
1634 2394 1738 2423 paceni
1766 2389 1793 2414 et
1817 2394 1881 2414 con-

1034 2432 1154 2461 cordiam
1176 2433 1274 2461 tactam
1297 2433 1368 2461 inter
1390 2441 1439 2461 nos
1454 2436 1480 2461 et
1495 2433 1583 2461 Deum
1600 2441 1648 2469 per
1664 2441 1692 2461 se
1707 2433 1812 2469 ipsum,
1827 2441 1882 2461 non

1034 2488 1083 2516 per
1104 2480 1203 2513 alium,
1224 2480 1289 2517 quia
1310 2488 1365 2508 non
1380 2480 1567 2509 conveniebat.
1585 2481 1640 2509 Non
1664 2480 1736 2508 0111111
1752 2480 1881 2517 Anyelas
1911 2485 1999 2504 Rationes

1887 2512 2026 2532 congruentiae.

1034 2528 1219 2564 congruebat,
1241 2528 1307 2564 quia
1328 2535 1381 2555 non
1404 2527 1535 2561 debebat,
1559 2535 1608 2555 nec
1634 2528 1715 2556 etiam
1748 2535 1797 2564 per
1828 2528 1881 2555 hoc

1034 2574 1141 2603 divinae
1173 2575 1293 2603 iustitiae
1329 2577 1401 2603 esset
1433 2575 1624 2609 satisfactum3
1662 2583 1714 2603 non
1751 2574 1880 2611 Anyetics

193 2748 199 2761 ¹
218 2747 319 2770 Habetur
336 2749 358 2770 in
375 2748 391 2771 C
402 2749 469 2771 DEF
487 2752 509 2772 et
522 2750 592 2772 multo
607 2749 701 2772 brevius
718 2751 739 2772 iu
757 2751 775 2772 G
787 2752 812 2773 Η.
831 2752 853 2773 111
866 2752 916 2774 cod.
936 2752 978 2774 Me-

130 2786 254 2809 diolanensi
272 2787 289 2808 A
308 2786 339 2815 (n.
357 2788 402 2815 29.)
418 2791 451 2810 est
469 2794 545 2811 sermo
558 2789 587 2811 de
599 2790 681 2811 eodem
696 2791 808 2817 themate,
820 2790 858 2818 qui
877 2791 974 2813 eandem

130 2825 344 2848 habetdivisionem
356 2827 518 2854 principalem,
529 2828 583 2850 satis
593 2829 776 2850 convenitetiam
795 2829 871 2857 quoad
890 2830 976 2857 exposi-

130 2865 213 2887 tionem
232 2865 331 2887 membri
348 2866 368 2887 2.
382 2870 402 2888 01
418 2866 439 2892 3,
456 2866 497 2888 sed
514 2867 615 2894 primum
635 2867 767 2889 membrum
785 2869 881 2891 omniuo
894 2869 976 2891 dissert.

129 2904 160 2926 lbi
178 2904 311 2926 inscribitur
328 2905 372 2927 sic:
394 2906 497 2927 «Sermo
521 2906 595 2927 fratris
612 2906 732 2928 Guillielmi
758 2907 787 2928 de
805 2908 913 2935 Ligniaco
931 2914 976 2929 ma-

130 2943 193 2971 gistri
206 2944 281 2965 editus
298 2949 374 2966 coram
393 2950 448 2971 rege
465 2947 487 2965 et
504 2945 588 2966 familia
611 2945 633 2966 in
652 2946 749 2973 capella,
773 2946 871 2968 Parisios
894 2947 975 2968 eadem

1034 2753 1057 2774 11.
1076 2752 1193 2774 Dominica
1205 2760 1228 2774 ›).
1246 2753 1318 2775 Huius
1335 2752 1456 2775 Guillielmi
1475 2752 1615 2774 mentionem
1632 2751 1709 2773 nullibi
1729 2751 1830 2772 invenire
1843 2756 1880 2778 po<

1034 2790 1127 2812 1111111115.
1138 2791 1169 2812 De
1179 2790 1292 2812 similibus
1306 2790 1487 2813 mutuationibus
1496 2790 1550 2812 vide
1561 2790 1725 2817 Prolegomcna
1739 2789 1806 2811 huius
1816 2788 1880 2810 lomi.

1097 2830 1105 2841 ²
1124 2829 1189 2851 Vei-s.
1207 2830 1233 2858 8,
1251 2832 1273 2851 et
1290 2831 1411 2857 protheum
1431 2829 1528 2851 habetur
1546 2830 1617 2851 Ecclo.
1636 2830 1662 2855 8,
1681 2829 1702 2850 6.

1096 2867 1105 2880 ¹³
1123 2869 1209 2895 Boeth„
1229 2869 1260 2890 111.
1278 2869 1307 2890 de
1325 2868 1438 2891 Consolat.
1457 2871 1522 2890 metr.
1541 2869 1561 2889 ὓ.
1579 2868 1686 2896 Sequitur
1705 2868 1759 2889 Dan,
1776 2867 1804 2894 7,
1822 2867 1842 2888 9.

1095 2907 1105 2919 4
1123 2908 1192 2935 Epist.
1210 2908 1233 2930 11.
1251 2907 1302 2930 Cor.
1323 2908 1330 2929 1
1342 2925 1347 2934 ‚
1366 2908 1386 2929 3.

1096 2945 1105 2958 ὓ
1123 2946 1189 2968 Vers.
1208 2946 1244 2968 lli.
1267 2946 1299 2969 15.
1323 2946 1355 2968 17.

1900 838 1944 857 Pars
1958 840 1970 857 Ι.

1900 885 1954 911 Ratio
1967 886 2028 905 iucar-

1911 909 1998 927 nationis.

1906 1255 1957 1273 Finis
1969 1255 2009 1273 eius

1912 1279 1987 1302 triplex.

1920 1678 1978 1697 Venit
1992 1679 2029 1702 pri-

1901 1707 1930 1720 mo
1952 1704 1972 1720 111
1992 1707 2030 1721 1110-

1900 1725 1962 1744 diator
1989 1731 2030 1749 gra-

1900 1749 2018 1768 tiosissimus.
