2308 3358
486 1278 693 1325 Postquam
719 1277 994 1324 praefationem
1028 1278 1141 1313 huius
1176 1277 1383 1313 voluminis
1409 1278 1469 1312 die
1496 1278 1540 1312 22
1566 1277 1735 1323 Augusti
1760 1277 1795 1312 h.
1822 1290 1854 1312 a.
1880 1277 1957 1312 iam
1991 1277 2142 1323 scripsi-

391 1350 476 1373 mus
502 1342 539 1372 et
565 1337 736 1372 officinae
762 1337 1065 1384 typographicae
1092 1337 1329 1382 tradidimus,
1357 1337 1536 1371 nuntium
1561 1337 1822 1371 tristissimum
1851 1337 2070 1383 accepimus
2096 1336 2142 1370 de

392 1397 500 1432 obitu
525 1397 846 1432 Reverendissimi
871 1396 907 1432 P.
934 1395 1116 1432 ALOYSII
1142 1395 1301 1442 LAUER,
1327 1395 1492 1430 Ministri
1519 1395 1715 1431 Generalis
1740 1396 1857 1431 totius
1883 1395 2036 1431 Ordinis
2054 1394 2143 1430 Fra-

391 1461 490 1491 trum
517 1456 718 1502 Minorum⁷
746 1456 812 1503 qui
839 1456 899 1490 die
925 1455 968 1490 21
996 1455 1164 1501 Augusti
1190 1468 1210 1488 e
1237 1455 1315 1489 vita
1340 1455 1521 1501 migravit
1545 1454 1584 1489 in
1616 1458 1807 1489 conventu
1838 1459 1965 1490 nostro
1997 1454 2143 1500 Sigma-

391 1516 560 1562 ringensi
587 1515 777 1551 Gorheim.
806 1514 922 1550 Cuius
949 1514 1080 1548 eximii
1107 1514 1178 1548 viri
1205 1514 1389 1549 iacturam
1422 1518 1524 1549 totus
1557 1518 1700 1548 moeret
1734 1512 1845 1549 Ordo.
1877 1512 1963 1548 Non
1990 1517 2047 1548 est
2079 1513 2142 1548 hic

390 1575 497 1609 locus
523 1575 569 1609 de
595 1574 768 1608 defuncti
795 1573 918 1608 Patris
946 1574 1033 1619 vita,
1061 1573 1269 1608 virtutibus
1295 1578 1332 1608 et
1357 1573 1507 1619 magnis
1532 1573 1572 1608 in
1598 1577 1721 1608 totum
1749 1572 1929 1608 Ordinem
1957 1577 1994 1607 et
2022 1573 2142 1607 nomi-

389 1635 509 1669 natim
536 1634 574 1668 in
602 1633 818 1679 Collegium
844 1637 1016 1668 nostrum
1048 1633 1193 1668 meritis
1218 1632 1329 1679 plura
1363 1632 1497 1678 dicere,
1525 1632 1627 1679 quod
1660 1632 1754 1667 alibi
1789 1636 1826 1666 et
1859 1631 1908 1667 ab
1941 1631 2027 1667 aliis
2053 1631 2142 1666 viris

391 1694 681 1728 convenientius
707 1692 790 1738 fiet3
818 1697 945 1727 tamen
972 1696 1270 1727 consentaneum
1300 1704 1379 1726 esse
1406 1691 1566 1737 videtur⁷
1593 1691 1663 1726 hac
1698 1691 1895 1726 occasione
1928 1695 2143 1737 opportuna

390 1752 453 1787 hic
480 1753 698 1787 memoriam
725 1757 803 1786 tam
830 1751 927 1786 bene
953 1751 1078 1786 meriti
1104 1750 1226 1786 Patris
1252 1751 1371 1785 nostri
1396 1750 1570 1785 defuncti
1592 1749 1714 1785 facere
1739 1755 1854 1797 atque
1880 1750 1998 1785 nostri
2023 1749 2141 1784 animi

391 1816 428 1846 et
453 1811 620 1846 dolorem
648 1816 684 1846 et
709 1816 857 1857 gratam
884 1811 1067 1857 pietatem
1093 1822 1182 1856 erga
1207 1810 1370 1844 eundem
1396 1809 1616 1856 exprimere.
