2243 3348
207 951 329 970 Iuli-eductio.

259 2165 330 2185 Sermo.

347 216 403 244 208

346 293 472 322 diabolus
492 292 604 329 apponit
625 290 731 327 cupidis
752 292 779 318 et
799 288 890 317 avaris
910 287 1065 316 mundanae
1086 285 1189 322 pulcri-

348 340 450 368 tudinis
471 339 680 370 delectamenta,
703 337 749 373 qui
773 337 847 364 tanto
868 341 962 362 autore
983 340 1063 361 caeco
1085 331 1190 368 cupidi-

347 386 411 415 tatis
431 386 464 414 ad
486 393 517 414 ea
538 385 683 417 seruntur,
705 386 736 411 111
758 381 930 418 permittant,
959 387 988 408 se
1011 378 1152 415 illaqueari
1174 386 1190 405 a

347 433 454 461 diabolo
476 432 507 460 iu
530 431 678 459 interitum
700 427 861 465 perditionis
882 429 1018 454 aeternae.
1035 424 1110 453 Unde
1127 424 1190 452 Ber-

347 479 496 508 nal'(lllS¹:
533 476 680 505 «Avaritia
705 478 746 503 est
775 473 855 502 radix
884 472 1007 501 onmium
1037 471 1189 503 malorum,

347 526 431 563 pestis
452 524 567 557 occulta,
589 524 725 551 secretum
748 520 841 553 virus,
864 521 951 547 mater
973 517 1140 554 hypocrisis,
1163 516 1191 544 li-

347 572 421 600 voris
442 578 551 607 parens,
567 569 713 597 criminum
728 567 823 600 fomes,
840 565 974 594 virtutum
990 571 1102 599 aerugo,
1118 563 1190 591 tinea

348 617 499 647 sanctitatis
515 627 541 643 ».

687 707 778 735 SERMO
800 706 820 733 ll
832 706 850 733 2.

427 802 551 839 Reliquit
573 809 635 829 eum
659 799 804 833 diabolus,
820 802 844 827 el
858 806 932 831 eece,
950 797 1054 834 Auqeli
1067 804 1191 825 accesse-

349 853 420 878 runt
441 852 465 877 et
486 847 697 876 ministrabant
717 846 777 874 013.

427 894 604 932 (Prothema).
628 894 788 931 Relinquile
810 892 971 929 infantium
996 894 1021 919 el
1052 890 1137 919 virile
1167 894 1191 918 el

348 942 494 972 ambulate
504 950 556 979 per
567 941 632 969 vius
644 939 827 977 prufleiuiue.
844 938 919 967 Sicut
933 940 974 966 est
988 937 1093 973 duplex
1110 937 1191 965 homo

348 990 374 1018 in
397 989 484 1023 nobis,
506 988 609 1016 scilicet
631 988 712 1015 homo
733 986 848 1014 interior
868 988 895 1013 et
915 984 1049 1016 exterior,
1073 983 1135 1011 hinc
1150 985 1192 1011 est

347 1036 451 1073 duplex
473 1037 601 1072 aspectus
622 1034 648 1061 in
677 1033 768 1061 anima
790 1031 931 1060 rationali:
960 1030 1050 1067 primo
1078 1033 1191 1066 aspectu

347 1083 437 1112 fertur
458 1083 541 1110 homo
562 1082 588 1109 in
611 1080 750 1109 sensibilia
770 1078 951 1112 sensibiliter,
973 1077 1094 1106 secundo
1114 1084 1192 1113 aspe-

348 1132 395 1159 ctu
415 1129 504 1158 fertur
526 1129 552 1156 in
581 1126 776 1156 intellectualia
803 1124 1017 1158 rationabiliter3
1048 1124 1085 1152 ita
1110 1124 1193 1153 habet

348 1176 430 1204 homo
451 1174 588 1211 duplicem
616 1180 742 1202 sensum:
771 1180 859 1200 unum
885 1170 1045 1204 infantilem,
1067 1178 1123 1207 quo
1151 1178 1192 1199 se-

348 1222 444 1259 quitur
465 1221 588 1254 allectus,
604 1220 650 1257 qui
666 1222 834 1256 generantur
852 1226 887 1246 ex
904 1217 1094 1250 sensibilibus;
1111 1217 1193 1245 habet

347 1269 428 1298 etiam
451 1275 561 1296 sensum
583 1266 706 1300 senile-m,
728 1274 783 1303 quo
805 1265 953 1293 inclinatur
973 1264 1007 1292 ad
1029 1264 1192 1293 audiendam

348 1315 499 1344 doctrinam
522 1317 548 1343 et
570 1313 738 1350 sapientiam.
761 1312 812 1348 Qui
835 1311 939 1340 accedit
966 1311 999 1339 ad
1028 1310 1191 1339 audiendam

348 1362 429 1391 fidem
450 1361 586 1398 deprimat
607 1360 737 1388 duritiam
759 1358 934 1391 infidelitatis,
956 1357 1022 1394 quia
1042 1357 1075 1385 ad
1091 1360 1194 1386 sectan-

348 1409 409 1437 dam
432 1408 503 1436 viam
535 1406 635 1435 Christi
666 1408 775 1442 oportet
800 1405 962 1442 relinquere
984 1403 1145 1440 infantiam
1166 1407 1193 1432 et

348 1455 481 1484 infantilia
511 1453 653 1482 desideria.
686 1452 839 1480 Tolerabile
871 1454 927 1485 est,
963 1451 1036 1487 quod
1072 1451 1118 1487 qui
1151 1459 1193 1479 se-

349 1501 470 1531 cundum
492 1503 608 1529 aetatem
631 1503 672 1528 est
687 1499 792 1532 infans,
818 1501 952 1535 sequatur
977 1497 1120 1530 infantilia,
1146 1497 1193 1526 sed

348 1549 396 1586 qui
417 1548 522 1584 antiqui
545 1550 625 1581 sunt,
648 1546 721 1583 quod
743 1546 781 1574 illi
803 1545 857 1574 sint
885 1545 1022 1573 infantiles
1044 1544 1069 1573 in
1093 1544 1193 1581 cogita-

348 1595 485 1629 tionibus,
508 1593 693 1622 locutionibus
714 1596 741 1621 et
762 1592 920 1625 desideriis,
943 1592 995 1620 hoc
1016 1596 1126 1620 nonest
1147 1591 1193 1620 de-

348 1650 419 1671 cens.
442 1642 555 1678 Propter
578 1641 629 1669 hoc
650 1640 715 1668 dicit
740 1639 922 1676 Apostolus&
945 1639 1090 1667 Iuveniliu
1121 1639 1192 1667 desi-

348 1688 432 1716 deria
452 1686 529 1725 fuge.
552 1687 728 1724 Deponamus
743 1686 827 1723 igitur
849 1685 971 1714 sarcinas
985 1693 1117 1714 sensuum
1136 1688 1194 1713 tan-

348 1743 431 1773 quam
453 1735 510 1763 veri
533 1734 660 1770 discipuli
681 1733 782 1761 Christi
805 1736 831 1761 et
862 1736 989 1769 aptemus
1010 1740 1060 1761 nos
1080 1732 1113 1760 ad
1145 1741 1193 1761 au-

349 1782 479 1811 diendum
508 1789 579 1818 quae
600 1780 727 1809 Christus
748 1780 826 1814 fecit,
849 1780 913 1817 quia
934 1779 1059 1816 discipuli
1092 1779 1193 1808 Christi

349 1837 453 1858 sumus.
477 1829 515 1857 De
530 1828 638 1856 Christe
660 1831 687 1856 et
707 1827 740 1855 de
763 1835 856 1864 pugna
876 1826 977 1855 Christi
997 1826 1049 1855 erit
1064 1834 1194 1862 praesens

349 1884 448 1905 sermo.
482 1875 532 1904 Sed
563 1875 638 1912 loqui
669 1874 702 1903 de
730 1882 822 1911 pugna
853 1873 1012 1902 hominihus
1033 1873 1195 1901 effeminatis

347 1923 417 1952 nihil
437 1926 485 1951 est.
508 1922 600 1950 Simus
620 1921 705 1958 igitur
726 1921 819 1949 viriles
840 1924 867 1949 et
888 1928 1017 1957 rogemus
1048 1920 1194 1948 Dominum

348 1970 376 1998 in
398 1969 544 2006 principio,
567 1968 641 2005 quod
662 1968 707 1996 det
730 1968 796 1996 mihi
818 1967 921 2004 aliquid
943 1967 1049 2001 dicere,
1072 1966 1145 2003 quod
1161 1966 1195 1995 sit

350 2016 383 2045 ad
406 2016 465 2045 eius
486 2016 619 2044 honorem
639 2018 666 2044 et
686 2015 803 2043 salutem
825 2014 981 2042 animarum
1003 2016 1169 2042 vestrarum.

428 2062 551 2100 Reliquit
566 2071 630 2090 eum
646 2061 780 2090 diabolus
794 2064 844 2089 etc.

428 2110 503 2138 Sicut
527 2109 682 2138 voluntaria
708 2108 905 2145 praevaricatio
934 2107 1042 2136 initium
1070 2110 1097 2135 et
1117 2107 1194 2144 origo

349 2156 401 2185 fuit
416 2157 553 2185 humanae
575 2156 687 2189 mortis,
703 2156 739 2183 ita
761 2155 902 2191 plenitudo
922 2155 1027 2192 gratiae
1043 2155 1150 2183 initium
1167 2158 1193 2183 et

349 2204 425 2240 origo
446 2203 498 2231 fuit
513 2206 622 2231 nostrae
636 2203 740 2231 salutis.
756 2203 787 2230 Et
802 2202 873 2231 sicut
887 2202 1002 2230 aviditas
1018 2202 1044 2229 in
1060 2201 1194 2239 gustando

349 2250 453 2287 lignum
469 2249 584 2278 vetitum
599 2249 650 2278 fuit
665 2249 773 2277 initium
789 2248 1031 2285 praevaricationis
1046 2252 1073 2276 et
1088 2249 1193 2285 culpae,

348 2297 386 2325 ita
407 2296 553 2325 austeritas
568 2296 638 2324 vitae
660 2296 768 2324 initium
784 2295 836 2324 suit
851 2295 1032 2331 reparationis
1049 2295 1192 2323 humanae.

349 2344 380 2372 Et
402 2344 473 2372 sieut
495 2343 621 2377 tentatio,
637 2351 692 2379 qua
707 2346 825 2371 tentator
840 2342 905 2371 vicit
920 2345 1069 2375 tentatum,
1086 2342 1194 2370 initium

348 2390 400 2419 fuit
428 2390 540 2427 culpae,
563 2390 660 2418 mortis
687 2393 714 2418 et
742 2389 898 2423 servitutis;
921 2389 959 2417 sic
987 2389 1114 2422 tentatio,
1140 2397 1195 2425 qua

349 2440 468 2465 tentator
490 2437 615 2466 diabolus
637 2437 726 2465 victus
747 2440 788 2465 est
809 2436 844 2465 ab
870 2436 980 2464 homine
1002 2438 1122 2469 tentato,
1144 2436 1195 2463 ini-

349 2484 418 2512 tium
440 2484 491 2512 fuit
512 2484 694 2520 reparationis
720 2484 857 2511 humanae
885 2486 912 2511 et
939 2482 1036 2511 salutis
1063 2486 1089 2510 et
1114 2482 1193 2510 vitae.

351 2531 463 2567 Propter
479 2531 530 2559 hoc
547 2530 664 2559 Ecclesia
679 2538 728 2566 per
743 2530 875 2566 Spiritum
892 2532 1017 2558 sanctum
1034 2529 1129 2557 edecta
1144 2529 1195 2557 hoc

350 2580 473 2614 tempore
494 2577 721 2614 quadragesimali
745 2577 771 2605 in
794 2576 944 2613 primordio
966 2576 1195 2612 Quadragesiinae

413 2769 421 2781 ¹
440 2770 512 2792 Serm.
531 2770 552 2791 ὃ.
570 2770 593 2791 111
612 2770 646 2792 Ρ3.
666 2769 713 2797 Qui
729 2769 826 2797 habital,
843 2776 865 2791 n.
884 2770 905 2792 1.

414 2807 422 2820 ²
440 2808 541 2830 Habetur
559 2808 580 2830 in
599 2808 692 2831 duobus
709 2809 808 2837 antiquis
825 2808 957 2837 codicibus,
970 2809 1055 2838 quibus
1068 2809 1102 2831 usi
1114 2816 1196 2831 sumus

350 2848 372 2869 in
390 2850 466 2869 nostra
484 2847 582 2870 editione
601 2847 751 2870 Collationum
770 2848 798 2870 de
816 2851 904 2875 septem
923 2848 989 2870 donis
1002 2848 1100 2876 Spiritus
1111 2848 1195 2875 sancti3

350 2888 391 2909 csr.
408 2887 574 2915 Prolegomena
592 2887 614 2909 in
633 2890 686 2909 tom.
705 2888 731 2909 V.
750 2893 803 2915 pag.
822 2888 860 2909 XL
878 2888 920 2910 col.
939 2888 961 2909 ll.
980 2889 993 2915 ξ]
1011 2888 1032 2909 3.
1052 2894 1073 2909 n.
1093 2888 1113 2909 t.
1135 2891 1157 2909 et
1174 2888 1196 2909 3.

349 2928 371 2947 et
387 2926 455 2948 etiam
473 2926 538 2948 Ratio
559 2932 633 2948 novae
659 2926 799 2948 collectIOnIs
824 2929 866 2948 etc.
884 2932 937 2954 pag.
957 2927 1000 2948 rl89
1018 2927 1047 2949 de
1064 2927 1116 2949 cod.
1143 2927 1196 2948 Tre-

353 2965 413 2987 censi
431 2968 453 2987 et
470 2971 524 2993 pag.
546 2966 586 2987 190
604 2971 669 2994 seqq.
688 2966 716 2988 de
742 2966 794 2987 cod.
819 2965 947 2988 Oxoniensi.
974 2966 999 2987 Hi
1025 2966 1117 2988 codices
1142 2966 1196 2987 satis

350 3003 409 3026 hene
426 3004 483 3026 inter
500 3010 524 3026 se
542 3005 690 3027 conveniunt.
709 3017 738 3020 ῃ
756 3005 778 3026 ln
797 3004 848 3027 cod.
866 3005 987 3027 Oxoniensi
1014 3005 1050 3027 hie
1073 3011 1149 3027 sermo
1168 3004 1197 3026 in-

1010 208 1182 237 SERMONES
1203 208 1246 236 DE
1268 206 1430 235 TEMPORE.

1247 284 1344 312 recitat
1359 283 1437 311 nohis
1457 282 1558 311 Christi
1580 281 1714 310 ieiunium
1729 284 1756 310 et
1770 281 1947 310 tentationem
1962 283 1989 310 et
2004 284 2091 310 teuta-

1246 331 1328 359 tionis
1348 329 1621 358 consummationem.
1650 328 1817 357 'l‘entationis
1845 328 2044 357 consummatio
2065 331 2092 357 et

1247 377 1361 405 victoria
1372 376 1405 405 de
1420 376 1499 404 hoste
1515 378 1666 412 tanguntur
1682 375 1707 403 in
1723 375 1874 403 lilatthaeo:
1890 374 1989 411 primo,
2005 383 2092 411 quan-
2110 381 2186 403 Divisio.
2228 372 2229 375 ’

1248 425 1306 451 tum
1328 422 1361 450 ad
1384 422 1542 450 terminum
1564 421 1704 450 laboriosi
1724 421 1904 455 certaminis,
1927 429 1989 449 cum
2011 420 2091 450 dicit:

1248 469 1371 506 Reliquit
1386 477 1451 496 eum
1466 468 1616 502 diabolum
1632 468 1761 503 secundo,
1777 471 1912 504 quantum
1924 468 1958 496 ad
1973 468 2092 496 initium

1248 515 1395 544 iucundae
1417 514 1658 552 tranquillitatis,
1680 522 1742 543 cum
1765 514 1845 542 dicit:
1861 517 1885 542 et
1899 523 1974 549 eece,
1991 514 2095 551 Auyeli

1248 565 1431 590 accesserit-ul
1458 565 1483 590 01
1513 561 1725 590 ministrabant
1744 561 1777 589 ei.
1800 561 1831 589 Et
1859 564 1900 590 est
1929 561 1973 589 hic
2000 564 2094 590 rectus

1248 608 1330 642 ordo,
1353 608 1455 637 scilicet
1476 611 1508 636 ut
1529 608 1618 644 primo
1639 608 1772 636 diabolica
1797 608 1910 636 tentatio
1935 608 2061 636 vincatur
2072 608 2093 642 ⁵,

1248 658 1275 684 et
1297 658 1390 692 postea
1411 655 1531 683 iucunda
1554 654 1738 691 tranquillitas
1753 658 1903 691 sequatur;
1923 654 2001 691 quia,
2023 654 2095 683 sicut
2230 656 2231 669 ¹

1248 702 1351 739 aliquid
1372 705 1454 731 extra
1474 701 1618 738 proprium
1642 702 1731 730 locum
1753 710 1802 738 per
1824 701 1979 731 violentiam
2001 701 2095 730 deten-
2230 700 2232 736 ἶ

1249 752 1309 777 tum
1331 749 1499 786 impossibile
1520 752 1561 777 est
1583 749 1656 785 quod
1677 751 1835 777 revertatur
1856 748 1890 777 ad
1912 749 2002 777 locum
2017 748 2095 785 quie·
2229 737 2243 778 i

1250 799 1308 825 tum
1334 796 1385 824 nisi
1418 804 1466 832 per
1488 798 1593 824 motum
1619 795 1844 831 praecedentem;
1867 795 1906 823 sie
1927 794 2095 832 impossibile
2229 791 2232 798 ’

1249 846 1306 876 031,
1326 843 1400 879 quod
1422 843 1504 871 homo
1526 842 1662 879 expulsus
1683 842 1716 870 de
1738 842 1865 878 paradiso
1887 841 1981 870 redeat
2001 841 2035 870 ad
2050 849 2095 878 pa-

1249 897 1307 918 cem
1334 889 1384 917 nisi
1407 897 1456 925 per
1478 889 1653 922 conflictum,
1679 888 1744 925 quia
1764 896 1822 916 uon
1844 891 2014 921 coronatur,
2036 888 2096 916 uisi

1249 936 1301 974 qui
1321 936 1443 973 legitime
1459 935 1613 964 certaverit
1620 945 1630 968 ,·
1645 938 1672 963 et
1687 935 1714 963 in
1730 935 1800 963 libro
1815 935 1983 971 Sapientiae:
2001 934 2096 963 Gerla-

1249 991 1314 1011 meu
1334 982 1410 1020 forle
1430 982 1507 1011 (ledit
1529 982 1586 1016 illi,
1609 986 1641 1010 uc
1655 982 1779 1010 vineerel
1793 985 1818 1010 et
1831 982 1933 1016 Sciret,
1956 981 2096 1020 quonium

1250 1029 1381 1058 oninium
1400 1029 1544 1066 potentior
1565 1032 1604 1057 est
1625 1028 1779 1066 sapiencia..

1329 1076 1452 1113 Reliquit
1473 1078 1565 1104 autem
1587 1075 1721 1104 diabolus
1742 1075 1882 1104 Christum
1907 1078 2037 1112 tanquam
2059 1075 2096 1104 10-
2113 1081 2159 1100 Pars
2169 1081 2184 1100 1-

1250 1123 1435 1160 superabilem
1458 1125 1485 1151 et
1505 1122 1597 1150 onmia
1628 1125 1820 1158 superantem,
1843 1125 1869 1150 et
1890 1121 2016 1150 diabolus
2036 1125 2097 1150 tan-

1250 1178 1332 1206 quam
1355 1169 1520 1197 temerarius
1542 1171 1660 1197 tentator
1681 1172 1709 1197 et
1736 1169 1875 1205 superbus
1897 1168 2010 1197 recessit
2031 1176 2095 1197 con-

1250 1217 1348 1245 victus.
1371 1216 1549 1253 Experientia
1569 1219 1711 1252 percepta,
1728 1219 1788 1252 post
1810 1216 1988 1244 tentationem
2003 1216 2097 1252 depre-
2234 1246 2237 1255 A

1251 1263 1345 1292 hendit
1366 1263 1508 1297 diabolus,
1531 1263 1557 1291 in
1580 1262 1690 1291 Christo
1711 1270 1770 1291 esse
1793 1262 1977 1291 inviolabilem
1993 1262 2098 1291 saucii·
2114 1267 2238 1298 stannatio„t

1250 1310 1397 1344 moniam,
1427 1309 1645 1346 indeceptibilem
1678 1309 1855 1345 sapientium
1883 1311 1910 1337 et
1932 1309 2098 1346 impenetra-

1251 1358 1332 1386 bilem
1355 1360 1555 1385 armalmvtm.
1580 1356 1610 1384 Et
1625 1364 1674 1392 per
1690 1355 1755 1392 quid
1767 1358 1777 1383 ⁴?
1794 1356 1843 1384 Per
1858 1356 1925 1390 hoc,
1941 1355 2014 1392 quod
2029 1355 2098 1385 nihil

1250 1403 1411 1432 delectabile
1432 1403 1521 1439 potuit
1543 1403 1566 1431 ei
1589 1410 1760 1439 proponere,
1781 1403 1853 1439 quod
1876 1402 2018 1431 Christum
2039 1403 2099 1431 alli-

1251 1454 1340 1484 cerct;
1363 1450 1423 1479 idco
1444 1450 1634 1486 cognoscebat,
1657 1450 1683 1477 111
1705 1450 1814 1478 Christo
1832 1458 1892 1478 esse
1913 1450 2098 1479 inviolabilem

1249 1497 1485 1526 mouumentum.
1508 1497 1637 1525 Similiter
1659 1497 1767 1525 nullum
1786 1496 1922 1534 laqueum
1937 1496 2026 1533 potnit
2039 1499 2099 1525 ten-

1250 1545 1331 1579 dere,
1354 1544 1400 1581 qui
1424 1544 1566 1572 Christum
1596 1544 1707 1577 lateret,
1740 1551 1790 1572 nee
1819 1543 1857 1572 ita
1877 1543 1985 1572 occulte
2006 1543 2098 1580 loqui,

1251 1592 1318 1629 quin
1340 1591 1467 1620 Christus
1488 1590 1653 1627 intelligeret
1674 1593 1701 1619 et
1728 1590 1900 1627 perc-iperet;
1923 1593 1950 1619 et
1972 1590 2032 1619 ideo
2052 1590 2099 1619 de-

1252 1638 1413 1675 prehendit,
1430 1638 1455 1666 in
1478 1638 1587 1666 Christo
1602 1645 1661 1666 esse
1677 1637 1896 1674 indeceptibilem
1911 1637 2098 1674 sapientiam.

1251 1685 1381 1713 Similiter
1413 1684 1520 1713 nullum
1553 1684 1685 1712 iaculum
1717 1684 1807 1721 potuit
1838 1684 1993 1721 proiicere,
2025 1684 2100 1721 quod

1251 1732 1392 1760 Christum
1415 1731 1580 1765 offenderet3
1603 1734 1630 1759 et
1651 1731 1711 1759 11100
1726 1731 1858 1767 percepit,
1874 1731 1900 1759 in
1916 1731 2026 1759 Christo
2040 1738 2100 1760 esse

1252 1779 1490 1815 impei‘ietrabilem
1513 1782 1714 1806 armaturam.
1747 1778 1822 1806 Unde
1843 1778 1877 1807 de
1898 1778 2008 1807 Christo
2035 1778 2101 1807 dicit

1252 1825 1412 1855 Psalnmsss:
1436 1826 1522 1854 Scuto
1544 1825 1740 1853 circumdabit
1761 1828 1785 1853 le
1812 1825 1922 1854 veritas
1943 1825 2019 1859 eius,
2041 1833 2100 1854 uon

1253 1873 1363 1901 timebis
1385 1881 1404 1901 α
1426 1872 1527 1900 timore
1558 1875 1718 1906 nocturno,
1741 1881 1760 1900 ct
1787 1872 1897 1909 30911101
1924 1872 2038 1901 volante
2068 1872 2100 1901 in

1252 1920 1305 1948 (lie.
1327 1920 1438 1948 Nullum
1460 1927 1548 1956 genus
1569 1919 1726 1948 tentationis
1748 1919 1862 1948 timebat
1876 1919 2012 1954 Christus,
2035 1919 2101 1957 quia

1252 1967 1336 1995 armis
1357 1967 1480 1995 veritatis
1502 1966 1554 1994 fuit
1575 1966 1707 1994 munitus.
1732 1966 1850 2003 Reliquit
1865 1966 1950 2003 igitur
1964 1974 2028 1995 eum
2043 1966 2100 1994 dia-

1252 2014 1348 2047 bolus,
1370 2013 1435 2050 quia
1457 2012 1600 2041 convietus
1631 2012 1698 2046 suit,
1720 2016 1752 2041 111
1777 2013 1938 2041 verificetur
1959 2012 2028 2041 ill-ud
2050 2013 2100 2041 Ha-

1252 2060 1354 2088 bacuc:
1377 2059 1422 2088 1111
1442 2059 1614 2088 absconditu
1635 2062 1675 2087 est
1695 2059 1839 2097 fortitudo
1861 2060 1941 2093 eius,·
1962 2063 2028 2088 cutte
2052 2059 2100 2097 fa-

1252 2107 1323 2136 eiem
1344 2107 1406 2135 eius
1438 2107 1488 2135 ibit
1520 2116 1610 2141 mors,
1632 2110 1657 2135 el
1684 2107 1848 2144 egredietur
1878 2106 2013 2135 diabolus
2034 2110 2101 2136 ante

1250 2155 1334 2191 peiles
1355 2155 1425 2183 eius.
1449 2154 1531 2183 Stetit
1545 2158 1570 2182 et
1584 2163 1702 2183 mensus
1723 2157 1762 2182 est
1784 2157 1903 2182 terram.
1920 2170 1954 2174 —-
1976 2154 2022 2182 Ibi
2035 2153 2100 2182 abs-

1252 2201 1369 2229 conditu
1400 2205 1440 2229 esl
1467 2200 1611 2238 fortitudo
1632 2201 1711 2234 eius,
1734 2201 1837 2229 scilicet
1859 2201 1885 2229 in
1912 2209 1995 2229 carne
2026 2208 2100 2229 mor-

1252 2248 1306 2276 tali.
1331 2248 1430 2277 Volens
1450 2248 1576 2276 diabolus
1607 2256 1719 2276 sumere
1740 2248 1980 2284 experimentum,
2003 2250 2100 2276 utrum

1252 2295 1279 2323 in
1300 2295 1410 2323 Christo
1432 2295 1529 2323 lateret
1550 2295 1696 2328 1011110110,
1724 2295 1838 2323 tentavit
1869 2302 1932 2323 eum
1955 2298 1982 2323 et
2003 2302 2101 2332 exper—

1254 2344 1297 2370 tus
1318 2345 1367 2375 031,
1389 2341 1463 2378 quod
1485 2342 1538 2375 sic,
1561 2344 1588 2370 et
1609 2341 1722 2370 recessit
1754 2341 1901 2376 confusus;
1924 2341 1997 2370 unde
2018 2341 2099 2370 dicit:

1251 2388 1414 2425 091011101ον
1435 2388 1570 2416 diabolus
1592 2392 1657 2416 aule
1676 2389 1762 2425 pedes
1783 2389 1860 2422 eius,
1884 2388 1909 2417 id
1931 2391 1982 2422 est,
2005 2388 2101 2417 confu-

1252 2443 1300 2463 sus
1321 2435 1460 2464 abscessit.
1483 2435 1659 2464 Consuetudo
1680 2438 1721 2464 est
1752 2435 1839 2464 hostis
1867 2435 1973 2472 antiqui
2005 2443 2100 2464 onmes

1252 2482 1397 2516 invadere,
1420 2482 1467 2511 sed
1488 2482 1567 2510 aliter
1589 2486 1616 2511 et
1647 2483 1742 2516 aliter,
1765 2482 1830 2519 quia
1851 2490 1921 2519 quos
1942 2482 2038 2511 melles
2060 2482 2100 2510 in-

1252 2529 1341 2563 venit,
1365 2529 1424 2558 illos
1445 2529 1518 2566 capit
1550 2532 1576 2557 et
1601 2529 1699 2558 sternit
1731 2533 1758 2558 et
1789 2529 1839 2558 sibi
1862 2529 1987 2563 subiicit3
2009 2528 2056 2557 sed
2077 2529 2099 2557 si

1253 2584 1322 2613 quos
1344 2576 1454 2605 stabiles
1476 2576 1595 2611 invenit,
1618 2577 1678 2605 illos
1694 2577 1825 2613 relinquit
1841 2579 1867 2605 et
1888 2576 1966 2613 sugit.
1983 2576 2014 2604 Et
2034 2576 2100 2604 tales

1252 2770 1370 2793 scribitur:
1389 2770 1473 2794 Sermo
1491 2770 1514 2793 in
1530 2770 1612 2800 primu
1625 2770 1748 2794 Dominica
1762 2769 1950 2799 Quadraqesime
1961 2769 2045 2799 [ναῑνίε
2059 2770 2100 2792 Bo-

1252 2811 1390 2833 naz-muare.
1409 2812 1450 2833 lste
1467 2817 1513 2832 non
1531 2814 1564 2832 est
1582 2810 1681 2838 scrIptus
1698 2809 1728 2832 ab
1748 2814 1853 2837 01101010,
1871 2810 1911 2832 secl
1930 2809 1984 2832 satis
2007 2809 2100 2831 manife-

1252 2852 1285 2871 ste
1303 2848 1332 2870 ab
1349 2849 1399 2870 aliis
1416 2853 1533 2876 exceptus.

1316 2887 1324 2900 ³
1342 2888 1418 2909 ltlatth.
1437 2888 1462 2916 t,
1484 2889 1516 2910 ll.
1534 2901 1565 2904 —
1583 2889 1703 2910 Prothcma
1721 2887 1818 2921 hahetur
1835 2888 1903 2909 Prov.
1921 2887 1946 2914 9,
1964 2887 1985 2909 6.

1316 2926 1325 2938 ⁴
1345 2927 1413 2954 Epist.
1432 2928 1454 2948 ll.
1472 2927 1532 2949 Tim.
1551 2928 1571 2954 Q,
1590 2928 1627 2949 2-2.

1317 2964 1326 2976 ⁵
1343 2964 1400 2987 Coa.
1413 2965 1534 2987 Trecensis
1546 2966 1601 2993 legit
1613 2965 1768 2988 ‹lasci-ibatur.
1781 2977 1811 2981 —
1824 2965 1957 2994 Sequuntur
1971 2965 1993 2986 ll.
2006 2964 2066 2986 Tim.
2078 2965 2100 2991 2,

1255 3004 1275 3026 5.
1289 3007 1310 3026 ct
1323 3005 1376 3032 Sap.
1393 3005 1425 3032 10,
1443 3005 1475 3027 12.
1557 3004 1566 3017 ὓ
1583 3005 1664 3027 Psalm.
1677 3005 1715 3032 90,
1727 3005 1748 3026 5.
1761 3011 1823 3033 seq.;
1836 3004 1939 3033 sequitur
1951 3003 2007 3026 llah.
2020 3004 2042 3031 3,
2057 3003 2098 3025 4-6.
