2243 3348
339 234 395 261 270
1002 229 1175 258 sEuMONEs
1196 229 1238 257 DE
1261 228 1424 257 TEMPORE.

1241 306 1422 342 poenitentiae
1444 305 1590 334 inchoatur
1611 314 1627 334 a
1649 305 1764 340 timore,
1787 306 1833 343 qui
1857 306 1932 341 lacit,
1949 307 2086 336 hominem

1240 360 1348 381 cessare
1369 352 1404 380 ab
1425 355 1488 380 actu
1511 352 1613 388 peccati
1636 353 1753 381 horrore
1768 353 1852 381 (livini
1872 353 1974 388 iudicii,
1990 362 2088 382 secun-

1240 399 1306 427 dum
1329 399 1396 427 illud
1419 399 1532 427 Psalmi:
1557 399 1671 436 Consiye
1693 399 1795 428 timore
1810 403 1859 428 tuo
1874 408 1979 429 carnes
1992 409 2087 435 meas,

1241 454 1261 474 a
1289 445 1409 474 iudiciis
1436 445 1513 474 enim
1538 445 1597 474 tais
1618 445 1722 478 timui,-
1751 446 1797 475 sed
1826 450 2035 475 consummatur
2061 448 2088 476 in

1242 501 1358 525 amore,
1381 492 1427 528 qui
1455 492 1575 520 carnalia
1595 492 1731 521 desideria
1759 493 1785 521 in
1808 496 1899 522 mente
1919 494 2087 530 exstinguit,

1242 538 1394 567 secundum
1427 538 1494 566 illud
1523 538 1594 566 beati
1623 538 1789 575 Gregoriifl:
1823 550 1836 564 11
1856 539 1977 573 Caritas,
2005 547 2088 576 quem

1242 585 1362 622 perfecte
1383 585 1575 619 absorbuerit,
1597 585 1630 613 ad
1647 589 1757 614 terrena
1772 585 1838 614 soris
1859 586 1994 615 desideria
2014 587 2090 615 velut

1243 632 1427 660 insensibilem
1445 631 1533 660 reddit
1548 643 1560 656 »
1575 642 1581 666 ;
1603 635 1630 660 et
1645 635 1792 669 propterea
1813 633 1945 662 scribitur
1966 633 2089 662 Cantico-

1243 687 1306 708 rum
1335 682 1431 708 octavo
1447 679 1473 707 ⁷:
1496 679 1594 707 Fortis
1621 683 1662 707 est
1690 683 1721 707 ut
1750 688 1830 708 mors
1855 680 1983 713 dilectio,
2009 680 2090 709 (tura
2238 688 2243 724 ¹,

1241 726 1318 754 sicut
1339 725 1475 763 infernus
1497 725 1662 754 aemulatio.
1695 743 1730 746 —
1752 726 1788 755 Ad
1818 727 1889 755 hanc
1916 727 2089 756 dilectionem
2105 733 2243 761 Paenitentia!

1243 781 1308 802 vera
1330 773 1496 810 poenitentia
1512 772 1653 809 perducit,
1669 772 1734 801 dum
1751 773 1830 810 plene
1844 773 1943 802 occidit
1961 773 1988 802 in
2011 773 2089 802 nobis
2124 759 2204 780 mem*
2239 765 2243 807 ξ

1240 828 1350 849 omnem
1372 820 1577 853 carnalitatem;
1599 823 1626 848 et
1642 819 1717 853 ideo,
1741 820 1803 848 licet
1817 820 1984 856 poenitentia
1998 820 2088 848 videa-

340 315 414 340 tanta
435 312 488 341 erit
509 312 545 340 ibi
568 320 621 348 pax
644 314 670 339 et
693 309 865 347 pulcritudo,
888 308 961 345 quod
983 307 1050 335 nihil
1072 307 1125 335 erit
1146 307 1182 335 ibi

339 359 390 387 nisi
412 358 521 392 dulcor,
536 358 601 395 quia
623 360 678 385 tota
698 357 751 385 erit
772 356 852 392 plena
873 355 985 383 deliciis.
1007 353 1077 390 Quia
1099 353 1183 389 igitur

340 406 366 434 in
389 405 593 434 resurreetione
624 405 833 432 consummatur
854 401 905 429 ista
936 400 1092 433 beatitudo,
1124 399 1184 427 ideo

339 453 458 489 Spiritus
479 455 591 480 sanctus
611 449 760 481 ordinavit,
783 448 856 484 quod
880 455 929 483 pro
950 446 994 475 die
1015 445 1119 475 sabbati
1140 453 1184 474 ce-

340 499 462 528 lebretur
483 497 541 526 dies
562 496 705 525 dominica.
736 494 824 523 ludaei
849 493 1012 530 aspicientes
1039 492 1073 521 ad
1100 500 1185 529 opera

339 545 485 573 creationis
505 546 532 571 et
553 550 606 570 non
630 541 816 574 recreationis,
845 543 872 568 et
893 540 959 576 quia
986 539 1044 568 dies
1073 538 1184 567 Saturni

339 592 395 620 sive
416 591 474 619 dies
495 589 599 618 sabbati
621 588 738 624 septima
757 587 815 615 dies
837 587 888 615 t'uit
908 594 924 614 a
945 586 1032 623 prima
1047 585 1089 614 die
1109 593 1181 614 crea-

339 638 419 666 tionis
442 644 549 669 101010,
572 635 631 663 ideo
653 635 702 671 ipsi
725 634 870 663 sabbatum
897 633 1077 662 sanctificant.
1100 633 1184 669 Roga-

338 685 430 713 bimus
453 683 598 711 Domitium
620 685 671 710 etc.

677 776 768 804 5011110
785 775 804 802 11
820 776 838 802 ¹.

416 870 526 899 Mortui
546 869 622 898 enim
643 869 726 902 estis,
749 872 772 896 el
803 868 861 896 uita
891 871 986 896 vestra
1014 867 1185 895 abscondita

337 922 377 946 est
398 926 465 946 cum
489 916 602 945 Cliristo
625 916 655 944 in
680 916 751 949 Dec,
773 915 806 944 ad
827 915 1001 944 Colossenses
1023 914 1104 943 tertio
1119 915 1138 942 ².

416 964 537 993 Verbum
560 962 634 992 istud
654 962 735 999 dirigi
759 965 847 998 potest
868 962 901 990 ad
923 969 970 990 eos
989 961 1037 998 qui
1060 961 1185 989 moriun-

1244 870 1289 896 tur
1311 867 1504 895 mortificativa
1524 867 1663 900 exteriuS,
1685 870 1727 895 est
1750 870 1838 895 tamen
1862 866 2027 895 vivificativa
2048 867 2097 895 in-.

1244 914 1342 947 terius,
1364 914 1516 942 secundum
1533 913 1600 942 illud
1616 913 1753 942 secundae
1768 913 1801 942 ad
1822 913 1979 942 Corinthios
1993 916 2088 942 sexto:

1244 961 1338 998 Quasi
1358 961 1526 994 morientes,
1549 965 1575 989 et
1601 969 1679 994 ecce,
1709 960 1852 993 vicimus,-
1881 963 1994 997 propter
2015 960 2089 998 quod

2241 996 2243 1034 ε

1242 1012 1268 1037 et
1290 1016 1364 1037 nunc
1385 1008 1503 1036 dicitur:
1526 1007 1637 1036 Mortui
1657 1007 1739 1041 estis,
1761 1011 1787 1036 et
1809 1007 1868 1036 cita
1888 1010 1986 1036 vestra
2007 1010 2058 1036 etc.
2242 1043 2243 1048 1

1321 1055 1387 1083 Mori
1414 1055 1495 1083 etiam
1517 1054 1597 1083 debet
1627 1054 1768 1091 poenitens
1789 1054 1947 1091 cupiditati
1974 1054 2243 1090 munda-secunduma*

1243 1110 1293 1131 nae
1315 1110 1363 1139 per
1379 1105 1567 1138 contemptum
1584 1101 1738 1130 mundanae
1760 1100 1955 1135 caecellentiae,
1976 1101 2089 1138 sapien·
2105 1086 2229 1137 111ιῖἓῖῗὲἕὲ

1243 1149 1299 1178 tiae
1314 1152 1341 1178 et
1355 1148 1534 1186 opulentiae,
1557 1156 1628 1185 quae
1650 1151 1716 1176 sunt
1731 1148 1784 1176 tria
1805 1147 1962 1184 appetibilia
1977 1147 2089 1182 mundi,
2100 1134 2227 1182 eofflssssffi.
2242 1171 2243 1174 ,

1242 1196 1275 1225 de
1296 1196 1398 1233 quihus
1414 1196 1543 1224 lei-emiae
1560 1203 1631 1223 nono
1643 1195 1669 1223 ⁸:
1686 1195 1751 1223 Non
1764 1195 1908 1232 glorietur
1922 1195 2040 1232 sapiens
2059 1196 2090 1223 in
2242 1188 2243 1206 ³

1241 1243 1387 1280 sapientia
1401 1251 1459 1271 sua
1469 1265 1476 1275 ,
1498 1246 1524 1270 et
1538 1251 1595 1270 non
1609 1242 1751 1279 glorietur
1766 1242 1854 1279 fortis
1873 1242 1904 1270 in
1918 1241 2091 1279 fortitudine

1242 1298 1315 1323 sua,
1338 1294 1363 1317 ct
1383 1297 1441 1317 non
1455 1288 1599 1326 gylorietur
1614 1289 1693 1316 dices
1715 1288 1745 1316 in
1767 1288 1879 1317 divitiis
1900 1288 1963 1316 sui-s·
1981 1291 2032 1317 etc.
2052 1305 2090 1309 —

1242 1336 1412 1365 Moriendum
1429 1339 1471 1364 est
1485 1336 1569 1372 igitur
1585 1335 1741 1364 mundanae
1756 1335 1914 1371 cupiditati:
1930 1335 2029 1372 primo,
2041 1343 2090 1372 per
2105 1344 2220 1372 Contemptus
2242 1360 2243 1365 ,

1242 1386 1430 1419 contemptum
1454 1382 1608 1410 mundanae
1630 1381 1824 1415 excellentiae,
1847 1381 1999 1410 secundum
2022 1381 2090 1410 illud
2126 1373 2200 1392 mmm*

1242 1429 1274 1457 ad
1290 1429 1398 1457 Galatas
1413 1429 1527 1457 ultimo:
1551 1427 1622 1456 illilii
1643 1428 1719 1456 absit
1732 1428 1862 1465 ploriari
1878 1428 1938 1457 nisi
1958 1429 1990 1457 in
2004 1437 2091 1457 cruce

242 1015 319 1034 Divisio·
338 1015 384 1040 tur
400 1019 448 1048 per
467 1010 674 1048 poenitentiam
695 1010 722 1037 in
745 1009 796 1037 hac
819 1009 885 1043 vita,
901 1012 928 1037 et
942 1009 976 1037 ad
997 1017 1043 1037 eos
1065 1008 1111 1045 qui
1136 1016 1185 1045 per

336 1062 457 1088 mortem
479 1061 608 1086 naturae
629 1060 734 1086 exeunt
755 1056 790 1085 ab
812 1057 863 1085 hac
887 1057 948 1084 vita.

418 1106 432 1133 l.
456 1104 612 1133 Secundum
635 1104 707 1141 quod
735 1103 767 1131 ad
798 1103 901 1139 primos
928 1103 1068 1139 dirigitur,
1091 1102 1129 1131 sic
1157 1102 1184 1130 111

193 1156 238 1174 Pars
251 1155 264 1174 ¹·
275 1155 324 1174 Mors
338 1153 396 1189 ipso
417 1152 472 1180 duo
494 1154 641 1179 notantur:
664 1151 785 1187 primum
809 1153 851 1179 est
876 1158 957 1178 mors
975 1149 1183 1186 poenitentiae,

208 1181 305 1221 mffit-eu'
337 1199 489 1228 secundum
511 1201 552 1226 est
566 1198 628 1226 vita
643 1197 780 1225 iustitiae.
797 1196 847 1232 Qui
864 1196 936 1225 enim
959 1204 987 1224 se
1003 1196 1093 1232 ipsum
1111 1203 1184 1223 mor-

205 1226 318 1244 summm.
338 1246 421 1274 tificat
443 1253 491 1282 per
510 1244 734 1282 poenitentiam,
757 1244 808 1271 hoc
831 1243 889 1279 ipso
908 1242 1064 1271 vivificatur
1086 1242 1120 1270 ad
1142 1242 1184 1270 iu-

336 1293 448 1322 stitiam.
478 1291 645 1320 Poenitentia
677 1298 797 1327 namque
829 1290 895 1318 nihil
928 1289 1001 1317 aliud
1032 1292 1073 1317 est
1101 1296 1183 1325 quam

337 1339 471 1376 quaedam
494 1338 669 1367 mortificatio
690 1338 803 1374 culpae,
826 1345 879 1365 non
904 1340 1010 1364 tantum
1033 1336 1119 1369 inse,
1142 1343 1185 1363 ve-

191 1389 323 1412 Duissexorisso
337 1394 400 1414 rum
416 1386 496 1414 etiam
514 1388 649 1422 quantum
672 1384 704 1412 ad
727 1392 804 1412 suam
820 1383 963 1420 originem.
979 1382 1076 1410 Oritur
1091 1384 1184 1410 autem

197 1529 271 1553 Triplex
281 1534 318 1547 100-

191 1553 225 1571 dus
238 1553 318 1571 morien-

195 1952 265 1974 Primo,
279 1957 317 1970 mo-

188 1975 275 1994 riendum
282 1980 322 1994 car-

220 1999 293 2017 nalitati

189 2022 250 2046 quoad
255 2024 323 2041 actum.

224 2092 316 2115 secundo,

201 2115 262 2139 quoad
274 2121 318 2134 con·

202 2144 284 2158 sensum.

222 2374 290 2395 Tertio,

199 2397 260 2421 quoad
272 2398 316 2416 affe-

231 2423 286 2439 ctum.

215 1414 295 1436 ‘wau'
336 1433 417 1469 culpa
432 1431 620 1468 principaliter
635 1439 671 1459 ex
694 1431 814 1458 humana
829 1429 1004 1458 carnalitate
1025 1432 1052 1457 et
1074 1436 1107 1457 ex
1132 1429 1185 1456 hu-

337 1487 416 1508 mana
434 1479 600 1515 cupiditate.
616 1493 654 1497 —
669 1477 755 1505 Debet
776 1477 861 1513 igitur
877 1484 941 1505 vere
956 1476 1099 1513 poenitens
1114 1475 1183 1503 mori

336 1526 488 1555 carnalitati
512 1526 649 1554 humanae
670 1528 805 1561 quantum
827 1523 861 1552 ad
877 1527 976 1552 actum
998 1526 1025 1551 et
1046 1526 1182 1559 quantum

335 1574 367 1602 ad
390 1580 562 1601 eonsensum
584 1575 610 1600 et
632 1574 767 1608 quantum
790 1570 822 1599 ad
845 1569 992 1607 allectum,
1016 1572 1047 1598 ut
1062 1570 1099 1598 sic
1122 1577 1184 1606 per-

335 1620 380 1648 dat
402 1619 547 1655 Babylonis
568 1626 668 1646 nomen
692 1621 719 1645 et
742 1617 872 1654 reliquias
894 1620 921 1645 et
942 1624 1065 1653 germen.
1089 1616 1184 1644 Pecca-

336 1671 393 1695 tum
426 1666 572 1695 inchoatur
605 1666 631 1693 in
659 1665 772 1698 allec-tu,
803 1664 911 1701 proficit
937 1664 962 1692 in
993 1672 1129 1692 consensu
1158 1666 1185 1691 et

334 1717 543 1743 consummatur
565 1713 591 1741 in
614 1716 694 1746 actu,
718 1712 797 1740 iuxta
812 1711 885 1748 1111011
900 1711 1002 1740 dicitur
1026 1711 1111 1739 lacohi
1129 1711 1184 1747 pri-

335 1769 379 1789 mo
395 1760 421 1788 ⁸:
446 1759 703 1796 Concupiscentia,
725 1767 792 1786 cum
818 1758 996 1795 conceperit,
1017 1757 1100 1794 parit
1118 1765 1184 1794 pec-

334 1811 450 1840 eatum,
470 1810 623 1844 peccatum
646 1814 721 1839 vero,
742 1813 809 1834 eunt
824 1808 1060 1833 consummatum
1074 1803 1181 1841 fuerit,

333 1858 454 1892 yenerut
474 1857 604 1882 mortem.

414 1901 458 1929 Est
486 1901 570 1937 igitur
600 1908 664 1929 vere
694 1899 858 1937 poenitentis
886 1899 955 1927 mori
988 1898 1182 1927 carnalitati:

335 1948 434 1985 primo,
448 1948 515 1976 mori
532 1947 685 1976 carnalitati
702 1950 837 1983 quantum
853 1946 886 1975 ad
902 1950 1012 1980 actum,
1029 1946 1182 1975 secundum

334 1995 402 2023 illud
414 1995 447 2023 ad
460 1996 595 2023 Romanos
607 1998 703 2023 octavo
715 1994 742 2021 4:
756 1993 789 2022 Si
802 1994 962 2022 secundnm
978 2002 1096 2022 earnem
1110 1994 1184 2021 eiate-

334 2042 411 2076 ritis,
423 2041 591 2070 moriemini
595 2052 604 2074 ;
618 2041 645 2069 si
659 2045 756 2069 (tutem
771 2041 880 2078 spiritu
895 2040 977 2077 facta
992 2040 1094 2069 carnis
1109 2048 1183 2068 mor-

335 2088 525 2124 tificaveritis,
540 2088 648 2116 vivetis.
666 2105 702 2108 —
718 2087 843 2116 Secundo
858 2087 939 2116 debet
955 2087 1024 2116 mori
1046 2090 1182 2124 quantum

334 2136 367 2164 ad
389 2143 570 2169 consensum,
597 2135 749 2164 secundum
772 2135 840 2163 illud
861 2134 895 2163 ad
924 2135 1059 2163 Romanos
1087 2137 1182 2163 sexto:

337 2182 524 2215 Existimute,
548 2190 596 2210 vos
617 2185 748 2209 mortuos
770 2181 886 2219 quidem
908 2190 966 2209 esse
985 2186 1120 2218 peccalo,
1140 2181 1183 2209 ὐί-

336 2233 427 2258 vente-5·
448 2233 545 2258 autent
569 2229 625 2257 Deo
649 2229 678 2257 in
702 2228 815 2257 Cliristo
839 2229 904 2257 lesu
928 2229 1049 2257 Domino
1075 2232 1182 2257 nost-ro.

334 2276 400 2304 Non
414 2284 482 2313 erqo
497 2279 596 2313 reynet
607 2279 759 2312 peccatum
771 2275 801 2303 in
816 2279 907 2303 cestro
920 2275 1039 2304 mortali
1053 2283 1181 2312 corpore.

334 2323 370 2351 lbi
392 2323 526 2357 ostendit,
552 2322 625 2359 quod
654 2330 708 2350 non
738 2326 779 2351 est
807 2322 1033 2351 consentiendum
1056 2326 1182 2358 peccato,

334 2378 367 2398 ne
389 2377 438 2406 per
460 2377 624 2398 consensum
655 2372 751 2406 regnet
780 2369 805 2397 in
829 2369 915 2397 nobis.
938 2385 975 2389 —
998 2369 1090 2397 Tertio
1113 2369 1181 2397 mori

334 2417 414 2445 debet
436 2420 571 2453 quantum
593 2416 626 2444 ad
648 2416 794 2449 affectum,
814 2416 967 2444 secundum
989 2415 1058 2444 illud
1079 2415 1112 2444 ad
1133 2415 1183 2443 Co-

335 2464 469 2492 lossenses
491 2463 573 2491 tertio
588 2463 614 2490 ⁵:
637 2462 811 2499 illortisieate
826 2462 956 2490 membra
977 2466 1092 2495 vestra,
1109 2470 1183 2500 quae

334 2515 403 2538 sunt
423 2518 512 2547 super
534 2514 661 2538 terram:
683 2508 926 2546 fornicationem,
948 2508 1181 2542 immunditiam,

336 2556 499 2589 libidinem,
521 2556 785 2593 concupiscentiam
806 2555 926 2584 malam.
949 2555 1024 2584 Unde
1046 2563 1099 2583 non
1123 2559 1181 2583 tau-

337 2607 393 2631 tum
413 2603 539 2636 ostendit,
556 2611 614 2631 esse
630 2602 803 2631 moriendum
819 2602 950 2638 operibus
965 2602 1064 2636 carnis,
1084 2609 1181 2630 verum

335 2650 417 2678 etiam
445 2649 602 2678 carnalibus
630 2649 780 2678 desideriis.
811 2649 841 2677 Et
870 2649 937 2677 haec
966 2648 1077 2685 quidem
1107 2656 1181 2676 mors

398 2836 405 2848 ¹
425 2837 518 2858 Sumtus
536 2839 570 2857 est
587 2842 613 2857 ex
632 2836 661 2857 W
679 2840 700 2858 et
717 2835 747 2857 ob
765 2835 843 2863 plures
862 2835 962 2857 rationes
980 2834 1115 2857 tribuendus
1132 2841 1183 2857 esse

335 2874 425 2897 videtur
443 2876 465 2896 S.
484 2875 666 2897 ssonaventurae.

397 2914 405 2926 2
425 2915 490 2937 vers.
509 2915 533 2943 3,
552 2921 578 2937 ex
597 2915 693 2942 Epistola
713 2914 793 2936 Missae
811 2913 905 2936 sabbati
923 2915 1002 2937 sancti.

397 2953 406 2966 ³
424 2954 488 2976 Vers.
511 2955 543 2976 15.

397 2993 405 3004 ³
425 2993 489 3015 Vers.
511 2994 545 3015 13.
563 2997 584 3015 et
602 2999 621 3015 c.
642 2994 667 3020 5,
691 2993 722 3015 ΙΙ.
741 3000 789 3021 seq.

398 3031 406 3044 ⁵
426 3032 490 3054 Yers.
509 3032 535 3060 5;
553 3032 657 3061 sequitur
675 3033 709 3055 ps.
731 3033 786 3059 118,
808 3033 858 3054 120.

1245 1476 1362 1504 Domini
1382 1475 1478 1504 nostri
1492 1476 1557 1504 Iesu
1578 1474 1704 1508 carisa)-
1725 1475 1861 1504 secundae
1880 1475 1913 1504 ad
1934 1475 2091 1504 Corinthios

1242 1523 1354 1560 quinto:
1377 1523 1438 1551 Pro
1460 1521 1595 1550 omnibus
1617 1526 1752 1551 mortuus
1777 1526 1817 1551 est
1840 1521 1991 1557 Cliristits,
2014 1526 2045 1550 ut
2066 1526 2091 1551 et

1242 1570 1294 1608 qui
1315 1571 1416 1598 cicant
1437 1570 1498 1598 iam
1520 1578 1578 1597 non
1606 1569 1663 1598 sibi
1688 1569 1806 1603 vivant,
1832 1570 1881 1598 secl
1908 1570 1934 1598 ei
1958 1569 2010 1607 qui
2035 1577 2091 1606 pro

1242 1617 1314 1654 ipsis
1330 1620 1465 1645 mortuus
1486 1620 1540 1650 est,
1558 1617 1609 1645 hoc
1631 1621 1688 1650 est,
1711 1624 1763 1645 000
1785 1624 1952 1653 quaeramus
1974 1616 2089 1653 gloriam

1243 1664 1401 1701 propriam,
1423 1664 1469 1692 sed
1491 1663 1620 1692 divinam.
1639 1680 1673 1683 —
1690 1663 1815 1692 Secundo
1837 1671 1886 1700 per
1901 1666 2090 1700 contemptum

1242 1711 1397 1739 mundanae
1412 1711 1583 1748 opulentiae,
1599 1711 1751 1740 secundum
1768 1711 1835 1739 illud
1851 1710 2029 1740 Ecclesiastici
2044 1710 2091 1739 de-

1241 1757 1312 1786 cimo
1337 1761 1438 1794 quarto
1454 1758 1480 1785 ⁹:
1514 1758 1727 1786 Testamentum
1753 1756 1843 1786 liuius
1867 1757 1974 1786 mundi
2001 1761 2091 1786 morte

1242 1805 1394 1838 morietur,
1418 1812 1466 1841 per
1487 1804 1561 1841 quod
1586 1804 1749 1841 intelligitur
1771 1804 1939 1833 abundantia
1967 1807 2091 1833 terrena-

1241 1859 1304 1879 rum
1327 1851 1549 1887 possessionum,
1572 1851 1615 1880 cui
1638 1851 1719 1879 debet
1737 1851 1820 1879 homo
1841 1851 1910 1880 mori
1934 1851 2090 1885 voluntate,

1241 1901 1389 1935 antequam
1406 1898 1543 1927 moriatur
1559 1898 1728 1927 necessitate.
1752 1899 1867 1935 Propter
1882 1898 1956 1935 quod
1977 1901 2005 1927 et
2025 1898 2090 1927 sub-

1241 1945 1332 1973 ditur:
1357 1946 1428 1973 Ante
1455 1949 1576 1973 mortem
1606 1944 1724 1982 benefac
1753 1945 1848 1974 amico
1870 1949 1919 1973 tuo
1944 1948 2090 1974 01300110,-

1241 1992 1312 2021 dum
1333 1993 1411 2021 vires
1433 1997 1501 2021 tuas
1522 1993 1722 2030 exporriyens,
1740 1993 1779 2021 cla
1792 1993 1928 2030 pauperi.
1945 2009 1983 2013 ——
1997 1992 2090 2021 Tertio

1242 2047 1290 2076 per
1311 2043 1499 2076 contemptum
1523 2039 1679 2068 mundanae
1700 2040 1875 2076 sapientiae,
1891 2039 2044 2068 secundum
2058 2039 2090 2068 11-

1242 2087 1288 2115 lud
1310 2086 1343 2115 ad
1365 2087 1539 2115 Colossenses
1567 2086 1704 2115 secundo:
1729 2087 1761 2115 Si
1788 2086 1900 2115 mortui
1926 2086 1994 2115 estis
2022 2094 2090 2115 cum

1243 2133 1357 2163 Cliristo
1386 2133 1422 2162 ab
1451 2133 1594 2162 clementis
1622 2132 1711 2162 liuius
1740 2133 1860 2167 ntundi,
1889 2133 1961 2171 quid
1992 2132 2090 2162 adhuc

1242 2185 1385 2219 tanquam
1407 2181 1532 2209 viventes
1554 2181 1710 2209 inmundo
1731 2180 1905 2209 decernitis?
1926 2180 1976 2209 Ubi
1997 2180 2090 2217 arguit

1240 2236 1287 2257 eos
1310 2228 1357 2264 qui
1381 2227 1560 2256 intendebant
1581 2228 1723 2264 superflue
1748 2228 1939 2264 philosophiae
1961 2231 1988 2256 et
2010 2235 2089 2256 mun-

1240 2275 1327 2303 danae
1348 2274 1470 2303 fallaciae
1487 2275 1509 2291 ¹⁰
1530 2278 1558 2303 et
1578 2274 1711 2303 doctrinis
1726 2275 1886 2309 hominum,
1901 2282 1973 2311 quae
1988 2274 2090 2303 habent

1242 2322 1375 2349 rationem
1399 2321 1548 2357 sapientiae
1570 2325 1596 2350 et
1622 2321 1863 2358 superstitionem,
1882 2321 1956 2358 quod
1977 2321 2088 2358 quidem

1240 2376 1293 2396 non
1316 2368 1448 2404 competit
1469 2368 1536 2396 viris
1557 2369 1730 2402 christianis,
1753 2376 1817 2397 cum
1838 2369 1893 2397 sint
1914 2377 1980 2397 curn
2005 2367 2087 2397 Chri-

1240 2418 1283 2442 sto
1304 2414 1417 2442 mortni
1437 2414 1473 2442 ab
1495 2414 1638 2442 elementis
1660 2413 1749 2443 liuius
1771 2415 1883 2443 mundi.

1320 2460 1350 2488 Et
1366 2461 1432 2489 haec
1447 2461 1558 2498 quidem
1575 2462 1749 2490 mortificatio
1761 2461 1919 2499 cupiditatis
1935 2461 2089 2490 mundanae

1240 2508 1366 2544 perducit
1382 2516 1431 2536 nos
1452 2508 1485 2536 ad
1507 2508 1596 2536 vitam
1620 2508 1757 2545 perfectae
1778 2508 1913 2542 iustitiae;
1933 2508 1967 2537 de
1986 2516 2041 2545 qua
2055 2507 2089 2537 ad

1239 2555 1330 2583 Titum
1360 2555 1481 2584 secundo
1497 2556 1534 2583 ¹¹:
1559 2555 1709 2592 Apparuit
1728 2555 1830 2592 qratia
1854 2555 1905 2583 Dei
1925 2555 2089 2584 Saloatoris

1238 2602 1334 2630 nostri
1354 2602 1488 2630 omnibus
1504 2601 1686 2636 ltominilnts,
1708 2603 1844 2631 erudiens
1859 2611 1928 2636 nos,
1951 2606 1982 2630 ut
2004 2602 2088 2631 abne-

1237 2652 1341 2685 9101ίο3
1369 2649 1543 2686 impietatem
1573 2654 1598 2678 et
1624 2649 1796 2678 saecularia
1824 2649 1986 2683 desideria,
2009 2656 2087 2684 ecce,

1302 2834 1311 2847 ὃ
1328 2835 1388 2857 Libr.
1408 2836 1421 2857 l.
1440 2836 1521 2857 Homil.
1540 2836 1562 2857 in
1581 2836 1667 2863 Evang.
1687 2835 1766 2857 homil.
1788 2835 1820 2857 ll.
1839 2841 1861 2857 11.
1879 2835 1900 2857 2.

1303 2874 1311 2887 ⁷
1329 2876 1394 2897 Vcrs.
1413 2876 1439 2902 ὃς
1457 2878 1586 2904 sequuntur
1604 2876 1626 2897 ΙΙ.
1644 2875 1696 2897 Cor.
1714 2875 1735 2901 6,
1753 2876 1773 2896 9.
1792 2877 1814 2897 et
1831 2874 1879 2896 (Iol.
1897 2874 1918 2901 3,
1936 2874 1958 2896 3.

1301 2913 1310 2926 ⁸
1329 2915 1393 2936 Vers⁴
1412 2915 1453 2941 23;
1472 2918 1600 2943 sequuntur
1618 2915 1664 2936 Gal.
1684 2915 1708 2941 6,
1730 2914 1763 2936 11.
1780 2918 1802 2936 et
1820 2914 1843 2935 ll.
1860 2913 1913 2936 Cor.
1930 2913 1951 2940 5,
1974 2914 2009 2936 ¹5.

1301 2952 1310 2965 ⁵³
1329 2953 1392 2975 Vers.
1412 2954 1452 2980 =123
1470 2955 1598 2981 sequuntur
1616 2959 1638 2975 v.
1661 2953 1694 2975 13.
1711 2956 1733 2975 01
1750 2952 1797 2975 Col.
1816 2953 1841 2980 Ξ,
1860 2952 1896 2974 20.

1301 2991 1321 3004 ¹⁰
1338 2992 1468 3019 Respicitur
1484 2991 1533 3014 Col.
1551 2993 1572 3018 ²2,
1591 2993 1612 3014 8.

1301 3030 1318 3043 ¹¹
1339 3032 1403 3054 Vers.
1425 3032 1458 3054 ll.
1476 3037 1523 3059 seq.

2107 1672 2207 1692 Secundus.

2106 2001 2186 2021 Tertius.

2106 2471 2164 2490 liuius
2176 2475 2221 2489 mor-

2110 2494 2212 2513 titicationin

2125 2518 2205 2537 effectus.
