2243 3348
525 193 567 221 DE
590 193 711 222 SANCTA
732 194 860 222 AGNETE
882 194 1013 224 VIRGlNE
1036 196 1076 224 ET
1098 196 1261 225 MARTYRE.
1284 197 1393 226 SERMO
1415 198 1442 226 ll.

113 269 183 298 sicut
204 269 274 306 ignis
295 270 461 299 comburens
482 270 591 300 diversa
611 271 684 308 ligna
705 271 806 308 colligit
824 280 855 301 ea
874 272 901 300 in
916 272 954 301 ci-

112 324 200 345 neres.
223 316 250 344 ln
273 316 358 353 plagis
379 316 480 346 Christi
502 317 726 346 commorabatur
747 322 774 347 et
799 319 954 355 requiesce-

112 363 158 391 bat
172 363 251 391 beata
265 363 358 400 Virgo,
376 363 415 392 sic
429 372 444 392 a
460 364 568 393 Christo
582 365 702 393 excitata
715 367 743 393 et
757 367 866 399 vocata;
881 365 954 394 unde

111 409 218 438 dicebat
239 410 338 438 ibidem
360 410 383 439 ei
406 410 570 439 Christus²z
601 411 720 440 Ostende
747 411 821 440 milii
847 411 953 449 faciem

111 460 210 491 tuam,
231 461 311 485 sonet
330 465 386 485 vox
408 461 460 485 tua
481 457 512 486 in
534 458 660 486 auribus
680 459 769 491 meis;
795 467 849 487 voa:
878 459 954 487 enim

111 507 163 532 tua
184 503 278 532 auleis
299 506 323 531 et
343 503 436 541 facies
457 507 509 532 tua
537 504 651 533 deeora.
673 522 712 525 —
735 505 853 534 Ostende
881 504 955 534 milii

109 549 216 587 faeiem
238 554 330 584 tuam,
353 551 524 587 superiorem
547 552 699 588 portionem
715 552 837 586 rationis,
853 552 879 580 in
899 560 953 589 qua

110 597 215 626 relucet
236 597 326 634 imago
347 605 407 626 mea
428 600 455 626 et
476 598 626 626 similitudo
637 599 657 631 2,
679 598 705 626 in
728 607 784 635 qua
804 599 885 627 etiam
913 602 954 627 est

109 643 217 673 devotio
232 644 289 672 sive
304 644 450 672 vivificatio
464 644 624 673 devotionis.
641 644 683 673 Sic
694 645 757 673 fecit
768 645 846 673 beata
857 646 952 682 Agnes.

21 700 22 707 ¹
62 694 88 709 ·-
110 706 147 711 -
169 691 201 719 Et
222 693 252 718 tu
274 691 366 725 miser,
388 691 454 727 quid
476 691 563 720 facis?
584 692 640 725 Tu,
654 691 687 720 de
702 699 758 728 quo
778 691 900 728 cogitas?
923 692 953 720 Et

71 731 75 736 ’
110 744 189 765 mane
203 739 231 765 et
245 745 359 773 vespere
374 737 489 766 deberes
503 737 624 774 cogitare
638 738 671 766 de
685 738 810 774 passione
825 742 851 766 et
867 738 953 774 plagis

110 783 220 817 Christi,
242 787 377 820 quantum
400 792 450 820 pro
472 787 498 812 te
519 784 660 818 sustinuit,
682 787 709 812 et
730 787 760 812 tu
782 792 835 812 non
851 785 953 821 cogitas

109 830 160 859 nisi
181 830 215 859 de
236 831 336 859 truffis.
359 830 442 859 Sonel
463 838 519 858 vox
540 834 592 858 tna
614 830 645 858 in.
659 830 786 858 auribus
800 831 881 864 meir,
897 839 950 859 vox

108 877 211 907 scilicet
232 877 335 911 laudis,
357 885 413 914 qua
434 877 563 905 laudatur
584 877 657 905 Deus
679 877 706 905 in
728 877 847 906 Ecclesia
872 880 899 906 et
919 877 952 906 de

108 923 152 952 die
173 926 200 952 et
220 924 253 952 de
273 927 361 952 nocte.
385 923 479 960 Surqe
499 931 578 960 erg0,
599 923 653 951 noli
676 923 806 957 dormire,
828 932 890 952 cum
906 924 952 952 de-

108 971 156 999 bes
171 971 258 999 Deum
282 970 403 1004 laudare,
418 970 489 999 sicut
502 970 607 998 faciunt
625 970 661 998 illi
678 971 724 1007 qui
740 970 882 998 dormiunt
897 973 952 998 tota

97 1008 196 1046 nocte.
212 1018 347 1054 Propera
367 1020 394 1045 et
415 1017 483 1045 vade
503 1017 536 1045 ad
559 1017 679 1054 Agrium,
700 1017 857 1051 Christum,
879 1017 952 1054 cogi-

109 1064 191 1093 tando
211 1064 245 1093 de
265 1063 352 1101 plagis
366 1064 426 1092 eius
440 1066 467 1092 et
481 1063 514 1092 de
529 1063 661 1100 sanguine
676 1063 735 1092 eius
749 1063 836 1092 effuso
850 1072 901 1100 pro
916 1067 950 1092 te.

107 1111 170 1140 Mihi
193 1111 311 1145 videtur,
332 1110 405 1147 quod
427 1110 518 1144 homo,
533 1110 580 1147 qui
596 1118 649 1138 non
665 1110 804 1139 emollitur
819 1110 951 1147 sanguine

108 1157 218 1192 Christi,
229 1157 326 1186 durior
337 1160 378 1186 est
389 1157 485 1194 lapide.
498 1157 558 1194 Ipse
567 1161 702 1186 mortuns
713 1161 753 1185 esc
761 1161 881 1194 propter
889 1165 952 1193 pec-

107 1208 175 1233 cata
195 1204 281 1238 tua&
303 1207 330 1232 et
351 1207 381 1232 tu
402 1211 438 1232 ex
453 1204 505 1232 hoc
520 1212 573 1232 non
589 1204 721 1232 emolliris
735 1204 767 1232 ad
786 1204 951 1240 compassio-

107 1258 185 1285 nem,
207 1250 377 1279 devotionem
399 1253 426 1279 et
447 1251 661 1287 poenitentiam?
682 1251 785 1279 Durior
802 1259 831 1279 es
854 1251 949 1287 lapide.

185 1297 310 1326 Secundo
330 1297 432 1326 dicitur
447 1298 545 1325 amica
560 1300 673 1334 propter
692 1297 888 1334 plenitudinem
904 1298 951 1326 be-

107 1344 278 1373 nevolentiae
300 1343 519 1372 corroborantis
537 1353 591 1381 per
612 1344 845 1373 aemulationem.
862 1345 900 1373 lta
913 1344 951 1372 di-

107 1391 144 1420 cit
165 1392 286 1428 Sponsus
307 1391 333 1419 in
356 1390 530 1420 Canticorum
561 1391 690 1428 primo4:
717 1391 870 1429 Equitatai
889 1399 950 1419 meo

106 1439 138 1468 in
159 1438 298 1467 curribus
320 1437 489 1467 Pharaonis
510 1438 678 1467 assimilavi
698 1442 735 1472 te,
757 1438 855 1467 amica
876 1447 948 1466 mea.

107 1486 218 1523 Legitur
240 1485 266 1513 in
289 1485 398 1519 Exodo,
420 1485 494 1522 quod
515 1485 542 1513 in
564 1485 644 1513 exitu
665 1484 785 1513 filiorum
815 1485 895 1514 lsrael
917 1485 950 1513 de

106 1533 225 1570 Aegypto
247 1531 372 1568 respexit
387 1532 536 1572 ¹Dominus
557 1540 646 1568 super
668 1535 769 1560 castra
798 1532 950 1569 Aegyptio-

106 1588 191 1613 rum,
213 1583 239 1608 et
258 1578 396 1607 subverti(
424 1582 506 1607 rotas
533 1587 697 1612 carrinam,
725 1578 951 1616 serebanturque

108 1626 138 1655 in
156 1625 351 1664 profundum.
375 1625 425 1661 Qui
446 1633 499 1653 non
515 1625 627 1662 respicit
641 1633 690 1662 per
705 1625 841 1662 quandam
857 1633 950 1654 aemu-

109 1673 235 1701 lationem
257 1681 346 1709 super
368 1680 478 1700 carrus
501 1671 683 1706 Phara-onis,
706 1672 758 1701 hoc
779 1673 820 1701 est
840 1672 950 1706 diaboli,

107 1727 188 1748 omne
209 1719 311 1747 malum
335 1721 362 1747 et
382 1719 409 1747 in
431 1726 459 1747 se
480 1722 507 1747 et
528 1719 554 1747 in
577 1719 630 1747 alio
650 1719 818 1753 detestando,
841 1727 893 1747 non
909 1721 951 1748 est

106 1766 210 1794 amicus
231 1765 288 1794 Dei.
311 1766 367 1794 Non
389 1765 461 1794 enim
483 1766 622 1794 ferventer
643 1769 670 1794 et
698 1766 767 1794 bene
794 1766 882 1803 diligit
902 1766 950 1794 bo-

107 1821 174 1841 num
196 1813 242 1850 qui
264 1821 318 1841 non
341 1812 397 1841 odit
418 1812 537 1847 malum,
558 1816 585 1841 et
600 1813 647 1849 qui
662 1821 716 1841 non
731 1813 791 1841 vult
806 1821 856 1849 pro
871 1820 951 1850 posse

106 1868 157 1889 suo
178 1860 366 1889 exterminare
386 1868 466 1889 omne
488 1860 590 1888 malum
612 1863 639 1888 et
660 1860 687 1888 in
709 1868 737 1889 se
758 1860 826 1888 etin
842 1860 903 1888 alio.
919 1860 951 1888 Et

105 1907 195 1935 anima
216 1907 278 1941 illa,
299 1914 370 1943 quae
392 1907 443 1935 hoc
464 1907 542 1941 facit,
565 1910 606 1935 est
632 1907 721 1935 amica
749 1907 812 1941 Dei3
835 1909 861 1935 et
883 1907 950 1935 haec

105 1952 252 1981 aemulatio
280 1952 370 1981 reddit
400 1953 518 1981 animam
550 1953 742 1987 fortissimam3
774 1953 949 1982 Canticorum

106 1999 241 2027 ultim05:
263 1999 342 2027 Pone
363 2008 407 2027 me
427 2002 460 2027 nt
479 1999 668 2036 siqnaculum
687 2008 776 2037 snper
791 2008 840 2028 cor
856 2004 949 2034 tuum,

107 2049 140 2074 ut
159 2045 348 2083 signaculum
368 2055 458 2083 snper·
480 2045 634 2075 brachium
656 2049 749 2081 littam,
771 2047 842 2084 qnia
862 2046 951 2084 fortis

105 2097 145 2121 est
165 2097 198 2121 ut
217 2101 297 2122 mors
317 2093 444 2127 dilectio,
467 2094 547 2122 (lara
566 2093 643 2122 sieut
663 2093 799 2131 infernus
819 2094 950 2122 aemula-

106 2140 161 2173 tio;
182 2140 256 2177 quia,
278 2140 349 2169 sicut
370 2139 506 2177 infernus
527 2140 629 2169 nemini
648 2140 785 2177 peccatori
801 2141 896 2177 parcit,
912 2141 951 2169 sic

105 2194 155 2215 nec
175 2187 323 2215 aemulatio
343 2187 425 2215 alicui
445 2187 518 2215 malo
539 2188 643 2224 parcit,
665 2187 711 2216 sed
736 2195 817 2216 omne
846 2188 949 2216 malum

106 2233 258 2262 detestatur
273 2236 299 2262 et
314 2234 496 2268 exterminat3
511 2234 686 2263 Canticorum
702 2234 805 2271 primo:
824 2234 950 2263 Paterae

105 2283 173 2308 sunt
193 2288 282 2317 penae
304 2284 371 2309 luae
391 2281 466 2309 sicut
489 2281 624 2309 tartaris.
647 2298 685 2301 —
710 2292 724 2306 «
745 2282 857 2310 Tartar
879 2290 950 2310 nun-

105 2334 188 2363 quam
203 2327 315 2355 dimittit
336 2335 492 2364 comparem
507 2335 604 2362 suum,
619 2331 646 2357 et
661 2328 682 2356 si
698 2336 854 2365 comparem
871 2328 948 2357 illum

106 2373 228 2407 amittat,
249 2381 393 2410 nunquam
414 2374 458 2402 alii
482 2374 642 2411 iungitur».
665 2375 693 2403 ln
708 2383 763 2411 quo
778 2375 949 2411 significatur

106 2420 260 2449 sollicitudo
282 2423 309 2449 et
322 2421 431 2450 fervens
446 2429 534 2455 amor,
549 2429 631 2458 quam
647 2421 727 2450 debet
741 2422 844 2450 habere
858 2422 949 2450 anima

106 2466 193 2496 fidelis
214 2466 248 2495 ad
269 2467 405 2504 Sponsum
427 2476 526 2502 suum,
555 2468 626 2496 sicut
658 2468 772 2505 ipsemet
802 2468 885 2496 habet
915 2468 949 2496 ad

105 2520 231 2549 sponsam
253 2521 345 2548 suam,
367 2514 432 2551 quia
454 2515 576 2551 zelotype
597 2514 685 2551 diligit
705 2522 773 2543 eam.
797 2515 854 2551 lpse
875 2515 947 2543 enim

104 2562 145 2589 est
167 2560 243 2589 Deus
264 2560 399 2589 zelotesfl.

182 2607 274 2636 Tertio
295 2611 409 2636 vocatur
431 2608 529 2636 amica
550 2611 663 2644 propter
685 2608 881 2644 plenitudinem
902 2608 947 2636 be-

25 2655 85 2674 te‘lia-
104 2654 273 2683 nevolentiae
293 2654 481 2691 purificantis
500 2662 553 2690 per
574 2654 819 2690 incorruptionem
830 2664 840 2687 ,·
858 2654 947 2682 Canti-

1800 202 1854 229 509

1012 281 1108 302 corum
1141 274 1298 303 secundm:
1331 275 1413 312 Sicut
1444 276 1538 305 lilium
1569 277 1644 306 inter
1670 278 1790 314 spinas,
1812 279 1855 307 ,ςέο

1011 320 1109 348 amica
1130 329 1195 348 mea
1216 320 1292 349 inter
1312 321 1400 358 silias.
1422 322 1517 351 Anima
1538 324 1728 360 corrumpitur
1750 328 1776 353 et
1804 325 1856 353 im-

1010 366 1113 395 munda
1134 367 1253 396 efficitur
1274 376 1323 404 per
1342 368 1537 405 petulantiam
1558 370 1663 404 carnis;
1687 370 1796 399 lascivia
1814 374 1854 400 est

1010 413 1173 450 impatiens.
1194 414 1325 443 Diabolus
1345 415 1416 444 enim
1439 416 1560 445 mundus
1580 425 1634 445 non
1656 420 1709 451 est,
1726 417 1787 446 licet
1808 426 1854 454 pe—

1010 460 1154 488 tulantiam
1169 460 1260 489 carnis
1275 469 1328 489 non
1341 462 1448 496 habeat,
1460 463 1525 499 quia
1537 463 1619 492 habet
1630 463 1852 500 impatientiam.

1010 506 1165 543 Utrumque
1186 507 1270 544 igitur
1291 511 1400 544 oportet
1421 509 1538 538 habere:
1560 513 1587 538 et
1607 510 1769 539 munditiam
1790 518 1854 539 con-

1010 556 1053 581 tra
1074 554 1252 589 petulantiam
1283 558 1309 583 et
1337 555 1494 591 patientiam
1524 560 1619 585 contra
1646 557 1851 593 impatientiam.

1011 599 1042 627 Et
1062 600 1114 628 hoc
1136 603 1247 629 notatur
1270 601 1297 629 in
1318 601 1382 629 lilio.
1405 602 1469 630 Nam
1494 603 1587 631 lilium.
1608 604 1691 632 habet
1705 604 1850 633 candorem

1011 646 1160 675 munditiae
1182 650 1208 675 et
1229 647 1365 676 levitatem
1389 649 1541 685 patientiae.
1565 650 1658 686 Spina
1686 653 1778 679 autem
1804 650 1852 679 ha-

1010 692 1055 721 bet
1076 694 1256 727 contrarium,
1277 694 1343 731 quia
1363 698 1404 723 est
1425 696 1503 732 nigra
1524 696 1581 725 sive
1602 697 1720 725 obscura
1741 701 1768 725 et
1782 705 1853 734 pun-

1009 746 1090 775 gens;
1112 743 1139 768 et
1160 740 1293 776 significat
1314 741 1439 770 homines
1460 742 1616 771 immundos
1630 746 1657 771 et
1670 744 1853 772 contentiosos

1010 785 1066 813 sive
1088 785 1268 822 impatientes.
1290 787 1427 816 Deberent
1448 788 1516 817 tales
1537 789 1632 824 proiici
1654 789 1681 817 in
1703 790 1806 826 ignem,
1821 793 1853 818 ut

1009 832 1250 861 comburerentur.
1267 849 1302 853 —
1319 833 1399 863 Beata
1420 835 1506 870 Agnes
1528 835 1624 864 habuit
1645 836 1735 864 carnis
1750 840 1776 864 et
1794 837 1852 864 ani-

1010 885 1069 905 mae
1090 878 1253 906 munditiam
1275 879 1332 907 sive
1353 880 1485 909 castitatis
1513 881 1675 915 candorem,
1697 885 1728 909 ut
1748 882 1852 910 dictum

1009 926 1059 957 est,
1074 926 1101 952 et
1115 925 1197 953 etiam
1213 925 1358 961 patientiae
1374 926 1527 961 levitatem,
1543 928 1616 956 unde
1631 936 1681 956 nec
1699 936 1748 964 per
1764 929 1853 965 ignem

1009 978 1060 999 nec
1082 979 1130 1007 per
1152 972 1272 1007 gladium
1296 972 1367 1000 trahi
1401 973 1489 1009 potuit
1510 974 1543 1002 ad
1575 974 1772 1010 impatientiam
1803 983 1853 1004 nec

1008 1025 1058 1053 per
1079 1018 1224 1054 prostibuli
1247 1019 1449 1048 immunditiam
1473 1020 1560 1057 potuit
1589 1021 1689 1049 foedari
1719 1030 1769 1050 nec
1793 1030 1854 1051 cor-

1009 1065 1110 1100 rumpi.
1132 1064 1203 1093 Bene
1224 1068 1283 1093 erat
1304 1065 1452 1095 conformis
1474 1067 1577 1103 Sponso
1599 1075 1664 1101 suo,
1687 1068 1776 1104 Agno,
1805 1068 1853 1105 qui

1008 1111 1060 1139 fuit
1081 1111 1201 1139 mundus
1216 1115 1242 1139 et
1256 1111 1370 1148 patiens.
1387 1128 1423 1132 -—
1439 1113 1489 1141 Sed
1505 1113 1602 1147 videte,
1617 1114 1690 1150 quod
1705 1115 1789 1151 aliqui
1805 1123 1852 1143 vo-

1009 1157 1069 1185 lunt
1089 1158 1256 1194 configurari
1279 1158 1388 1187 Christo
1409 1160 1529 1188 nascenti
1546 1168 1594 1196 per
1610 1160 1781 1194 munditiam,
1797 1169 1851 1189 non

1007 1207 1100 1233 autem
1123 1204 1232 1233 Christo
1264 1205 1376 1241 patienti
1397 1208 1425 1234 et
1456 1207 1581 1235 morienti
1604 1215 1653 1243 per
1674 1208 1851 1243 patientiam;

1008 1251 1105 1279 volunt
1125 1252 1148 1279 ei
1171 1252 1329 1286 assimilari,
1351 1255 1383 1280 ut
1404 1257 1531 1289 portatur
1553 1253 1580 1281 in
1602 1254 1722 1282 brachiis
1744 1254 1851 1289 Matris,

1008 1306 1060 1326 non
1083 1302 1115 1326 ut
1136 1298 1264 1335 pependit
1286 1299 1312 1327 in
1334 1299 1458 1335 patibulo
1479 1300 1578 1328 crucis.
1602 1301 1693 1337 Agnus
1713 1303 1795 1329 natus
1816 1309 1851 1329 ex

1007 1345 1119 1381 Virgine
1140 1345 1230 1373 reddit
1251 1353 1294 1374 me
1316 1349 1438 1380 castum,
1465 1347 1570 1383 patiens
1599 1347 1624 1375 in
1654 1355 1736 1376 cruce
1763 1347 1852 1376 reddit

1008 1399 1066 1425 me,
1088 1391 1114 1420 id
1136 1395 1177 1420 est
1198 1392 1313 1421 reddere
1333 1392 1430 1427 debet,
1453 1393 1608 1429 patientem.

1085 1438 1205 1466 Tandem
1227 1439 1325 1467 amica
1346 1439 1447 1468 dicitur
1468 1440 1556 1468 fidelis
1576 1440 1682 1474 anima,
1698 1440 1851 1476 specialiter

1006 1485 1086 1514 beata
1106 1486 1206 1522 Agnes,
1229 1489 1342 1522 propter
1357 1486 1554 1522 plenitudinem
1569 1487 1774 1516 benevolentiae
1784 1487 1851 1524 pnl-

1007 1532 1170 1568 crifzcantis
1180 1541 1232 1569 per
1240 1533 1505 1569 contemplationem
1511 1544 1521 1567 ;
1532 1534 1706 1562 Canticorum
1719 1537 1818 1571 quarto
1826 1534 1850 1562 ὃς

1014 1580 1083 1607 Tota
1102 1579 1210 1616 pulcra
1231 1588 1270 1613 es,
1292 1580 1390 1608 canica
1412 1589 1485 1614 nica,
1502 1585 1561 1609 tota
1574 1581 1681 1617 pulcra
1695 1589 1733 1614 eS,
1749 1584 1773 1608 et
1788 1589 1851 1609 ma-

1007 1626 1074 1655 cula
1095 1635 1153 1655 non
1173 1630 1214 1655 est
1234 1627 1265 1655 in
1287 1631 1319 1655 te.
1336 1627 1428 1655 Anima
1444 1628 1661 1664 contemplativa,
1677 1636 1747 1664 quae
1763 1628 1849 1656 Deum

1007 1673 1080 1702 videt
1101 1673 1127 1701 in
1150 1673 1394 1710 contemplatione,
1417 1677 1472 1702 tota
1500 1674 1698 1710 pulcrificatur.
1726 1674 1756 1701 Et
1783 1681 1851 1702 num

1006 1720 1097 1756 potuit
1117 1720 1168 1748 ista
1189 1720 1268 1749 beata
1289 1721 1372 1757 Virgo
1393 1721 1430 1748 ita
1452 1721 1597 1749 iuvencula
1617 1724 1644 1749 et
1666 1720 1767 1749 illibata
1788 1728 1851 1757 per—

1006 1767 1113 1804 tingere
1134 1770 1161 1795 et
1181 1767 1327 1803 pervenire
1348 1767 1381 1795 ad
1403 1767 1658 1804 contemplationem
1683 1767 1749 1796 Dei?
1771 1767 1850 1796 Certe

1008 1813 1054 1842 sic.
1077 1813 1187 1842 Videte:
1209 1814 1320 1842 creditis
1342 1822 1405 1847 vos,
1437 1813 1510 1850 quod
1542 1814 1623 1842 homo
1653 1821 1703 1850 per
1724 1813 1850 1842 scientias

1002 1860 1073 1888 istas
1094 1860 1222 1889 ascendat
1244 1860 1271 1888 in
1292 1860 1549 1896 contemplationem
1572 1860 1640 1889 Dei?
1668 1860 1763 1894 Certe,
1792 1860 1850 1889 sine

1007 1907 1091 1935 divini
1114 1907 1225 1935 luminis
1246 1907 1429 1935 illustratione
1452 1915 1504 1935 non
1526 1910 1622 1943 potest.
1639 1907 1764 1935 —Unde
1779 1907 1850 1935 sicut

1006 1953 1039 1983 de
1060 1957 1139 1982 nocte
1160 1954 1288 1983 candelae
1310 1954 1412 1982 multae
1433 1961 1562 1982 accensae
1583 1962 1636 1982 non
1657 1956 1773 1990 possunt.
1800 1953 1848 1982 tibi

1007 2000 1150 2029 ostendere
1172 2001 1274 2035 solem,
1296 2001 1343 2029 sed
1364 2009 1438 2029 unus
1460 2001 1553 2029 radius
1574 2000 1638 2029 solis
1658 2000 1706 2028 tibi
1728 2000 1846 2029 ostendit

1007 2055 1085 2081 eum;
1108 2048 1147 2076 sic
1168 2055 1217 2076 nec
1239 2047 1306 2076 istae
1334 2047 1462 2076 scientiae
1493 2047 1641 2076 ostendunt
1671 2047 1718 2075 tibi
1752 2054 1848 2076 verum

1007 2095 1111 2129 Solem;
1134 2094 1180 2123 sed
1201 2102 1257 2123 una
1278 2094 1419 2123 irradiatio
1440 2097 1466 2123 et
1494 2094 1640 2122 illustratio
1671 2094 1765 2130 ipsius.
1795 2094 1848 2122 Hoc

1006 2141 1084 2170 radio
1106 2141 1157 2170 suit
1178 2141 1314 2170 illustrata
1335 2141 1414 2169 beata
1435 2141 1530 2178 Agnes,
1550 2145 1576 2169 et
1591 2141 1682 2177 posuit
1696 2148 1755 2169 eam
1770 2140 1848 2168 Chri—

1006 2191 1065 2217 stus
1086 2188 1113 2216 in
1136 2188 1253 2216 Ecclesia
1275 2196 1325 2216 sua
1345 2188 1424 2224 quasi
1446 2195 1532 2216 unum
1552 2195 1681 2224 magnum
1696 2188 1790 2216 lumen
1806 2187 1848 2215 vel

1007 2234 1143 2263 luminare
1164 2235 1198 2263 ab
1220 2235 1278 2271 ipso
1299 2234 1493 2262 illuminatum.
1509 2234 1584 2262 Unde
1598 2237 1687 2270 potest
1701 2234 1725 2262 ei
1740 2233 1846 2262 dicere:

1007 2282 1087 2315 Ecce,
1110 2286 1140 2309 tn
1158 2281 1267 2318 palei-a
1288 2290 1326 2314 ec,
1348 2281 1447 2309 amica
1468 2289 1542 2314 mea,
1558 2289 1627 2313 eece,
1643 2284 1673 2308 tn
1687 2280 1794 2316 pulcra
1808 2288 1846 2314 es,

1006 2328 1071 2364 quia
1090 2331 1121 2356 tu
1142 2336 1171 2356 es
1186 2331 1242 2356 tota
1256 2327 1427 2364 pulcrificata
1441 2335 1490 2363 per
1505 2326 1702 2355 illustrationes
1715 2330 1743 2354 et
1757 2326 1847 2363 splen-

1005 2374 1086 2403 dores
1107 2374 1176 2408 illos,
1199 2382 1268 2411 quos
1290 2377 1320 2402 tu
1342 2373 1487 2410 percepisti
1509 2373 1536 2401 in
1558 2373 1793 2410 contemplatione.

1085 2420 1282 2457 Contemplatio
1303 2423 1395 2448 autem
1418 2420 1499 2448 habet
1520 2422 1649 2456 quatuor,
1671 2420 1736 2456 quia
1751 2423 1791 2448 est
1804 2428 1846 2448 se·
1859 2428 1992 2470 33ῗὲἕὲἑὲἓέ-

1005 2476 1087 2501 rena,
1109 2471 1233 2501 secreta,
1254 2467 1365 2495 eoeeelsa
1386 2469 1413 2495 et
1434 2466 1573 2494 ineunda.
1597 2466 1628 2494 Et
1642 2468 1749 2494 tantum
1764 2466 1847 2495 habet
1857 2474 1991 2498 temptationis.

1004 2514 1095 2542 anima
1116 2514 1149 2542 de
1171 2513 1372 2550 pulcritudine,
1394 2516 1529 2549 quantum
1550 2512 1633 2541 hahet
1654 2512 1686 2541 de
1709 2512 1846 2541 illumina-

1005 2561 1078 2589 tione
1099 2564 1126 2589 et
1147 2560 1323 2588 irradiatione
1344 2559 1451 2587 divinae
1473 2559 1630 2595 sapientiae.
1653 2576 1691 2580 —
1712 2559 1777 2588 Dico
1797 2559 1847 2596 igi-

1004 2610 1060 2641 tur,
1082 2607 1154 2643 quod
1176 2607 1267 2634 anima
1289 2606 1478 2642 pulcriticatur
1493 2613 1542 2642 per
1557 2605 1710 2634 contuitum
1726 2609 1846 2634 contem-
1863 2613 1891 2633 De
1904 2614 1970 2638 prima.

1004 2654 1131 2691 piationis
1158 2661 1290 2686 serenae,
1313 2652 1509 2681 considerando
1530 2652 1581 2681 ista
1611 2652 1752 2681 exteriora
1783 2661 1846 2681 cum

167 2822 174 2835 ¹
193 2822 256 2845 Cant.
273 2824 298 2850 2,
317 2822 353 2845 14.

167 2860 175 2874 ²
193 2861 237 2884 Csr.
255 2862 349 2889 Bonav.‚
367 2862 381 2884 l.
398 2861 459 2884 Sent.
476 2862 499 2883 d.
517 2861 539 2883 3.
556 2868 578 2889 p.
598 2862 620 2883 ll.
637 2868 657 2883 a.
675 2862 696 2884 sl.
713 2868 736 2890 q.
755 2862 775 2884 ii.
793 2865 814 2884 et
831 2863 852 2884 2.

167 2899 176 2912 ³
193 2900 323 2928 Respicitur
341 2901 355 2922 l.
374 2900 430 2922 Petr.
448 2900 469 2927 3,
488 2901 523 2922 118.

166 2938 176 2951 ⁴¹
194 2939 258 2961 Vers.
278 2940 298 2960 8.
317 2951 347 2955 —
364 2938 409 2962 Cir.
431 2945 507 2962 sermo
530 2939 678 2967 praecedens.
695 2952 725 2955 —
748 2940 855 2968 Sequitur
877 2940 945 2963 Exod-

107 2978 146 3007 lli,
164 2978 200 3000 24.
218 2984 266 3006 seq.

1066 2822 1075 2835 ⁵
1092 2822 1146 2851 Cap.
1165 2824 1189 2851 8,
1207 2824 1232 2851 G;
1250 2823 1303 2845 vide
1321 2823 1438 2846 Collatiou.
1457 2823 1478 2845 in
1492 2823 1597 2846 Hexaem.
1609 2824 1682 2846 collat.
1695 2824 1716 2845 2.
1728 2830 1752 2846 ii.
1765 2824 1801 2846 is.
1814 2837 1844 2840 —

1004 2862 1110 2890 Sequitur
1127 2868 1146 2883 r.
1166 2862 1185 2889 l,
1203 2862 1225 2884 9.
1506 2862 1515 2876 θ
1533 2862 1661 2890 Respicitur
1678 2862 1747 2885 Exod.
1765 2863 1805 2891 20,
1823 2863 1845 2885 5.

1066 2899 1074 2913 ⁷
1092 2901 1157 2922 Vei-s.
1175 2901 1196 2922 2.

1174 2939 1187 2947 ,-

1065 2939 1074 2953 ⁸
1092 2940 1156 2961 Vei's.
1178 2946 1200 2966 ις
1218 2939 1322 2968 sequitur
1339 2946 1359 2962 c.
1378 2940 1398 2966 νὶ,
1418 2939 1454 2962 14,

1869 845 1888 864 S.
1901 846 1970 869 Agnes.

1893 1123 1960 1142 Contra

1877 1147 1973 1170 quosdam.

1869 1449 1896 1467 De
1910 1451 1982 1472 quarta.

1863 1915 1877 1934 N
1881 1915 1950 1934 otanda
1962 1915 1987 1933 si-

1878 1938 1970 1957 mititudo.
