<?xml version="1.0" encoding="UTF-8"?>
<!DOCTYPE html PUBLIC "-//W3C//DTD XHTML 1.0 Transitional//EN"
    "http://www.w3.org/TR/xhtml1/DTD/xhtml1-transitional.dtd">
<html xmlns="http://www.w3.org/1999/xhtml" xml:lang="en" lang="en">
 <head>
  <title>
</title>
<meta http-equiv="Content-Type" content="text/html;charset=utf-8" />
  <meta name='ocr-system' content='tesseract 3.04.00' />
  <meta name='ocr-capabilities' content='ocr_page ocr_carea ocr_par ocr_line ocrx_word'/>
</head>
<body>
  <div class='ocr_page' id='page_1' title='image "./doctorisseraphic09bona_0562.png"; bbox 0 0 2243 3348; ppageno 0'>
   <div class='ocr_carea' id='block_1_1' title="bbox 369 186 425 215">
    <p class='ocr_par' dir='ltr' id='par_1_1' title="bbox 369 186 425 215">
     <span class='ocr_line' id='line_1_1' title="bbox 369 186 425 215; baseline 0 0"><span class='ocrx_word' id='word_1_1' title='bbox 369 186 425 215; x_wconf 71' lang='lat'>534</span> 
     </span>
    </p>
   </div>
   <div class='ocr_carea' id='block_1_2' title="bbox 1043 182 1442 212">
    <p class='ocr_par' dir='ltr' id='par_1_2' title="bbox 1043 182 1442 212">
     <span class='ocr_line' id='line_1_2' title="bbox 1043 182 1442 212; baseline -0.005 0"><span class='ocrx_word' id='word_1_2' title='bbox 1043 183 1216 212; x_wconf 80' lang='lat' dir='ltr'>SERMONES</span> <span class='ocrx_word' id='word_1_3' title='bbox 1237 183 1280 211; x_wconf 91' lang='lat' dir='ltr'>DE</span> <span class='ocrx_word' id='word_1_4' title='bbox 1302 182 1442 212; x_wconf 83' lang='lat' dir='ltr'>SANCTIS.</span> 
     </span>
    </p>
   </div>
   <div class='ocr_carea' id='block_1_3' title="bbox 887 331 1604 369">
    <p class='ocr_par' dir='ltr' id='par_1_3' title="bbox 887 331 1604 369">
     <span class='ocr_line' id='line_1_3' title="bbox 887 331 1604 369; baseline -0.001 -8"><span class='ocrx_word' id='word_1_5' title='bbox 887 333 929 361; x_wconf 86' lang='lat' dir='ltr'>DE</span> <span class='ocrx_word' id='word_1_6' title='bbox 952 332 1197 361; x_wconf 66' lang='lat' dir='ltr'>TRANsmTloNE</span> <span class='ocrx_word' id='word_1_7' title='bbox 1219 333 1244 360; x_wconf 84' lang='lat' dir='ltr'>S.</span> <span class='ocrx_word' id='word_1_8' title='bbox 1268 331 1432 360; x_wconf 78' lang='lat' dir='ltr'>FRANCISCI</span> <span class='ocrx_word' id='word_1_9' title='bbox 1454 332 1502 368; x_wconf 71' lang='lat'>(25</span> <span class='ocrx_word' id='word_1_10' title='bbox 1525 331 1604 369; x_wconf 83' lang='lat' dir='ltr'>Maii).</span> 
     </span>
    </p>
   </div>
   <div class='ocr_carea' id='block_1_4' title="bbox 733 453 854 481">
    <p class='ocr_par' dir='ltr' id='par_1_4' title="bbox 733 453 854 481">
     <span class='ocr_line' id='line_1_4' title="bbox 733 453 854 481; baseline -0.017 0"><span class='ocrx_word' id='word_1_11' title='bbox 733 454 824 481; x_wconf 67' lang='lat' dir='ltr'>Sannio</span> <span class='ocrx_word' id='word_1_12' title='bbox 836 453 854 479; x_wconf 88' lang='lat'>¹.</span> 
     </span>
    </p>
   </div>
   <div class='ocr_carea' id='block_1_5' title="bbox 224 544 1220 2557">
    <p class='ocr_par' dir='ltr' id='par_1_5' title="bbox 450 544 1215 582">
     <span class='ocr_line' id='line_1_5' title="bbox 450 544 1215 582; baseline -0.004 -7"><span class='ocrx_word' id='word_1_13' title='bbox 450 547 557 579; x_wconf 75' lang='lat' dir='ltr'>Amice,</span> <span class='ocrx_word' id='word_1_14' title='bbox 570 546 692 575; x_wconf 74' lang='lat' dir='ltr'>ascende</span> <span class='ocrx_word' id='word_1_15' title='bbox 705 545 853 582; x_wconf 80' lang='lat' dir='ltr'>saperius,</span> <span class='ocrx_word' id='word_1_16' title='bbox 866 546 954 574; x_wconf 81' lang='lat' dir='ltr'>Lucae</span> <span class='ocrx_word' id='word_1_17' title='bbox 965 545 1072 573; x_wconf 86' lang='lat' dir='ltr'>decimo</span> <span class='ocrx_word' id='word_1_18' title='bbox 1083 547 1183 581; x_wconf 89' lang='lat' dir='ltr'>quarto</span> <span class='ocrx_word' id='word_1_19' title='bbox 1196 544 1215 572; x_wconf 70' lang='lat'>2.</span> 
     </span>
    </p>

    <p class='ocr_par' dir='ltr' id='par_1_6' title="bbox 448 591 1215 622">
     <span class='ocr_line' id='line_1_6' title="bbox 448 591 1215 622; baseline -0.004 0"><span class='ocrx_word' id='word_1_20' title='bbox 448 594 538 622; x_wconf 84' lang='lat' dir='ltr'>Verha</span> <span class='ocrx_word' id='word_1_21' title='bbox 565 596 631 621; x_wconf 87' lang='lat' dir='ltr'>sunt</span> <span class='ocrx_word' id='word_1_22' title='bbox 659 592 766 621; x_wconf 83' lang='lat' dir='ltr'>Domini</span> <span class='ocrx_word' id='word_1_23' title='bbox 795 592 828 620; x_wconf 90' lang='lat' dir='ltr'>ad</span> <span class='ocrx_word' id='word_1_24' title='bbox 858 592 1040 620; x_wconf 78' lang='lat' dir='ltr'>humilitatem</span> <span class='ocrx_word' id='word_1_25' title='bbox 1067 591 1215 620; x_wconf 87' lang='lat' dir='ltr'>invitantis.</span> 
     </span>
    </p>

    <p class='ocr_par' dir='ltr' id='par_1_7' title="bbox 228 638 1216 676">
     <span class='ocr_line' id='line_1_7' title="bbox 228 638 1216 676; baseline -0.004 -6"><span class='ocrx_word' id='word_1_26' title='bbox 228 645 350 664; x_wconf 66' lang='lat' dir='ltr'>mtroductio·</span> <span class='ocrx_word' id='word_1_27' title='bbox 369 641 512 670; x_wconf 80' lang='lat' dir='ltr'>Praemisit</span> <span class='ocrx_word' id='word_1_28' title='bbox 532 640 620 669; x_wconf 87' lang='lat' dir='ltr'>enim:</span> <span class='ocrx_word' id='word_1_29' title='bbox 645 640 718 668; x_wconf 79' lang='lat' dir='ltr'>Cum</span> <span class='ocrx_word' id='word_1_30' title='bbox 747 643 866 667; x_wconf 71' lang='lat' dir='ltr'>vocatus</span> <span class='ocrx_word' id='word_1_31' title='bbox 897 638 992 676; x_wconf 76' lang='lat' dir='ltr'>sileris</span> <span class='ocrx_word' id='word_1_32' title='bbox 1024 639 1064 667; x_wconf 75' lang='lat' dir='ltr'>ad</span> <span class='ocrx_word' id='word_1_33' title='bbox 1084 638 1216 675; x_wconf 73' lang='lat' dir='ltr'>nuptias,</span> 
     </span>
    </p>

    <p class='ocr_par' dir='ltr' id='par_1_8' title="bbox 371 685 1218 722">
     <span class='ocr_line' id='line_1_8' title="bbox 371 685 1218 722; baseline -0.004 -6"><span class='ocrx_word' id='word_1_34' title='bbox 371 688 458 721; x_wconf 71' lang='lat' dir='ltr'>acide,</span> <span class='ocrx_word' id='word_1_35' title='bbox 480 687 613 716; x_wconf 73' lang='lat' dir='ltr'>recumbe</span> <span class='ocrx_word' id='word_1_36' title='bbox 643 687 674 715; x_wconf 84' lang='lat' dir='ltr'>in</span> <span class='ocrx_word' id='word_1_37' title='bbox 705 686 864 715; x_wconf 78' lang='lat' dir='ltr'>novissimo</span> <span class='ocrx_word' id='word_1_38' title='bbox 886 686 962 719; x_wconf 88' lang='lat' dir='ltr'>loco;</span> <span class='ocrx_word' id='word_1_39' title='bbox 984 688 1011 714; x_wconf 86' lang='lat' dir='ltr'>et</span> <span class='ocrx_word' id='word_1_40' title='bbox 1032 685 1098 722; x_wconf 85' lang='lat' dir='ltr'>quia</span> <span class='ocrx_word' id='word_1_41' title='bbox 1120 685 1218 713; x_wconf 85' lang='lat' dir='ltr'>heatus</span> 
     </span>
    </p>

    <p class='ocr_par' dir='ltr' id='par_1_9' title="bbox 369 732 1218 770">
     <span class='ocr_line' id='line_1_9' title="bbox 369 732 1218 770; baseline -0.006 -6"><span class='ocrx_word' id='word_1_42' title='bbox 369 735 543 768; x_wconf 81' lang='lat' dir='ltr'>Franciscus,</span> <span class='ocrx_word' id='word_1_43' title='bbox 566 738 685 763; x_wconf 73' lang='lat' dir='ltr'>vocatus</span> <span class='ocrx_word' id='word_1_44' title='bbox 700 734 740 762; x_wconf 75' lang='lat' dir='ltr'>aa</span> <span class='ocrx_word' id='word_1_45' title='bbox 754 733 875 770; x_wconf 73' lang='lat' dir='ltr'>nuptias</span> <span class='ocrx_word' id='word_1_46' title='bbox 890 733 991 761; x_wconf 75' lang='lat' dir='ltr'>Christi</span> <span class='ocrx_word' id='word_1_47' title='bbox 1011 733 1037 761; x_wconf 89' lang='lat' dir='ltr'>in</span> <span class='ocrx_word' id='word_1_48' title='bbox 1059 732 1218 760; x_wconf 75' lang='lat' dir='ltr'>novissimo</span> 
     </span>
    </p>

    <p class='ocr_par' dir='ltr' id='par_1_10' title="bbox 370 778 1217 815">
     <span class='ocr_line' id='line_1_10' title="bbox 370 778 1217 815; baseline -0.005 -5"><span class='ocrx_word' id='word_1_49' title='bbox 370 782 429 810; x_wconf 83' lang='lat' dir='ltr'>loco</span> <span class='ocrx_word' id='word_1_50' title='bbox 450 781 596 815; x_wconf 75' lang='lat' dir='ltr'>recubuit,</span> <span class='ocrx_word' id='word_1_51' title='bbox 612 789 675 810; x_wconf 86' lang='lat' dir='ltr'>cum</span> <span class='ocrx_word' id='word_1_52' title='bbox 694 780 818 809; x_wconf 84' lang='lat' dir='ltr'>habitum</span> <span class='ocrx_word' id='word_1_53' title='bbox 841 779 1056 809; x_wconf 80' lang='lat' dir='ltr'>abiectissimum</span> <span class='ocrx_word' id='word_1_54' title='bbox 1078 778 1217 812; x_wconf 76' lang='lat' dir='ltr'>assumsit,</span> 
     </span>
    </p>

    <p class='ocr_par' dir='ltr' id='par_1_11' title="bbox 370 826 1217 864">
     <span class='ocr_line' id='line_1_11' title="bbox 370 826 1217 864; baseline -0.005 -7"><span class='ocrx_word' id='word_1_55' title='bbox 370 837 433 858; x_wconf 84' lang='lat' dir='ltr'>cum</span> <span class='ocrx_word' id='word_1_56' title='bbox 457 829 587 857; x_wconf 79' lang='lat' dir='ltr'>Ordinem</span> <span class='ocrx_word' id='word_1_57' title='bbox 617 828 752 857; x_wconf 72' lang='lat' dir='ltr'>lilinornm</span> <span class='ocrx_word' id='word_1_58' title='bbox 786 828 921 861; x_wconf 74' lang='lat' dir='ltr'>instituit,</span> <span class='ocrx_word' id='word_1_59' title='bbox 943 834 1026 864; x_wconf 86' lang='lat' dir='ltr'>quem</span> <span class='ocrx_word' id='word_1_60' title='bbox 1048 834 1102 854; x_wconf 89' lang='lat' dir='ltr'>non</span> <span class='ocrx_word' id='word_1_61' title='bbox 1124 826 1217 862; x_wconf 87' lang='lat' dir='ltr'>aliquo</span> 
     </span>
    </p>

    <p class='ocr_par' dir='ltr' id='par_1_12' title="bbox 370 872 1218 913">
     <span class='ocr_line' id='line_1_12' title="bbox 370 872 1218 913; baseline -0.005 -9"><span class='ocrx_word' id='word_1_62' title='bbox 370 876 479 913; x_wconf 80' lang='lat' dir='ltr'>speciali</span> <span class='ocrx_word' id='word_1_63' title='bbox 503 876 584 904; x_wconf 89' lang='lat' dir='ltr'>modo</span> <span class='ocrx_word' id='word_1_64' title='bbox 606 876 760 909; x_wconf 80' lang='lat' dir='ltr'>Minorum,</span> <span class='ocrx_word' id='word_1_65' title='bbox 783 874 829 903; x_wconf 86' lang='lat' dir='ltr'>sed</span> <span class='ocrx_word' id='word_1_66' title='bbox 851 874 1013 910; x_wconf 79' lang='lat' dir='ltr'>simpliciter</span> <span class='ocrx_word' id='word_1_67' title='bbox 1045 876 1072 902; x_wconf 87' lang='lat' dir='ltr'>et</span> <span class='ocrx_word' id='word_1_68' title='bbox 1093 872 1218 901; x_wconf 86' lang='lat' dir='ltr'>absolute</span> 
     </span>
    </p>

    <p class='ocr_par' dir='ltr' id='par_1_13' title="bbox 372 919 1218 959">
     <span class='ocr_line' id='line_1_13' title="bbox 372 919 1218 959; baseline -0.005 -8"><span class='ocrx_word' id='word_1_69' title='bbox 372 923 507 951; x_wconf 81' lang='lat' dir='ltr'>Minorum</span> <span class='ocrx_word' id='word_1_70' title='bbox 529 924 657 951; x_wconf 84' lang='lat' dir='ltr'>Fratrum</span> <span class='ocrx_word' id='word_1_71' title='bbox 672 922 835 959; x_wconf 85' lang='lat' dir='ltr'>appellavit;</span> <span class='ocrx_word' id='word_1_72' title='bbox 851 921 979 949; x_wconf 85' lang='lat' dir='ltr'>Christus</span> <span class='ocrx_word' id='word_1_73' title='bbox 993 920 1026 949; x_wconf 88' lang='lat' dir='ltr'>ad</span> <span class='ocrx_word' id='word_1_74' title='bbox 1043 921 1132 957; x_wconf 85' lang='lat' dir='ltr'>ipsum</span> <span class='ocrx_word' id='word_1_75' title='bbox 1149 919 1218 948; x_wconf 85' lang='lat' dir='ltr'>hene</span> 
     </span>
    </p>

    <p class='ocr_par' dir='ltr' id='par_1_14' title="bbox 370 966 1216 1006">
     <span class='ocr_line' id='line_1_14' title="bbox 370 966 1216 1006; baseline -0.005 -8"><span class='ocrx_word' id='word_1_76' title='bbox 370 970 462 998; x_wconf 85' lang='lat' dir='ltr'>dicere</span> <span class='ocrx_word' id='word_1_77' title='bbox 494 970 597 1006; x_wconf 90' lang='lat' dir='ltr'>potuit:</span> <span class='ocrx_word' id='word_1_78' title='bbox 628 969 743 1002; x_wconf 80' lang='lat' dir='ltr'>Amice,</span> <span class='ocrx_word' id='word_1_79' title='bbox 766 968 888 997; x_wconf 75' lang='lat' dir='ltr'><em>ascende</em></span> <span class='ocrx_word' id='word_1_80' title='bbox 909 967 1056 1004; x_wconf 78' lang='lat' dir='ltr'>superius.</span> <span class='ocrx_word' id='word_1_81' title='bbox 1079 983 1117 987; x_wconf 86' lang='lat'>—</span> <span class='ocrx_word' id='word_1_82' title='bbox 1139 966 1169 994; x_wconf 86' lang='lat' dir='ltr'>Et</span> <span class='ocrx_word' id='word_1_83' title='bbox 1191 966 1216 994; x_wconf 95' lang='lat' dir='ltr'>in</span> 
     </span>
    </p>

    <p class='ocr_par' dir='ltr' id='par_1_15' title="bbox 370 1013 1219 1054">
     <span class='ocr_line' id='line_1_15' title="bbox 370 1013 1219 1054; baseline -0.006 -8"><span class='ocrx_word' id='word_1_84' title='bbox 370 1018 429 1054; x_wconf 87' lang='lat' dir='ltr'>ipso</span> <span class='ocrx_word' id='word_1_85' title='bbox 451 1020 492 1046; x_wconf 88' lang='lat' dir='ltr'>est</span> <span class='ocrx_word' id='word_1_86' title='bbox 513 1017 657 1053; x_wconf 89' lang='lat' dir='ltr'>impletum</span> <span class='ocrx_word' id='word_1_87' title='bbox 678 1016 752 1053; x_wconf 89' lang='lat' dir='ltr'>quod</span> <span class='ocrx_word' id='word_1_88' title='bbox 774 1015 801 1043; x_wconf 89' lang='lat' dir='ltr'>in</span> <span class='ocrx_word' id='word_1_89' title='bbox 832 1015 958 1044; x_wconf 75' lang='lat' dir='ltr'>Psalmo⁵</span> <span class='ocrx_word' id='word_1_90' title='bbox 983 1014 1097 1051; x_wconf 88' lang='lat' dir='ltr'>legitur:</span> <span class='ocrx_word' id='word_1_91' title='bbox 1124 1013 1219 1042; x_wconf 82' lang='lat' dir='ltr'>Susci-</span> 
     </span>
    </p>

    <p class='ocr_par' dir='ltr' id='par_1_16' title="bbox 371 1061 1219 1100">
     <span class='ocr_line' id='line_1_16' title="bbox 371 1061 1219 1100; baseline -0.006 -7"><span class='ocrx_word' id='word_1_92' title='bbox 371 1068 437 1093; x_wconf 77' lang='lat' dir='ltr'>tans</span> <span class='ocrx_word' id='word_1_93' title='bbox 458 1072 477 1092; x_wconf 86' lang='lat' dir='ltr'>a</span> <span class='ocrx_word' id='word_1_94' title='bbox 499 1067 579 1092; x_wconf 75' lang='lat' dir='ltr'>terra</span> <span class='ocrx_word' id='word_1_95' title='bbox 601 1063 713 1100; x_wconf 84' lang='lat' dir='ltr'>inopem</span> <span class='ocrx_word' id='word_1_96' title='bbox 735 1066 760 1091; x_wconf 73' lang='lat' dir='ltr'>ec</span> <span class='ocrx_word' id='word_1_97' title='bbox 781 1063 815 1091; x_wconf 75' lang='lat' dir='ltr'>cle</span> <span class='ocrx_word' id='word_1_98' title='bbox 834 1066 960 1090; x_wconf 75' lang='lat' dir='ltr'>stercore</span> <span class='ocrx_word' id='word_1_99' title='bbox 981 1061 1094 1098; x_wconf 69' lang='lat' dir='ltr'>erz&#39;yens</span> <span class='ocrx_word' id='word_1_100' title='bbox 1107 1068 1219 1097; x_wconf 85' lang='lat' dir='ltr'>paupe-</span> 
     </span>
    </p>

    <p class='ocr_par' dir='ltr' id='par_1_17' title="bbox 371 1107 1219 1146">
     <span class='ocr_line' id='line_1_17' title="bbox 371 1107 1219 1146; baseline -0.006 -6"><span class='ocrx_word' id='word_1_101' title='bbox 371 1120 448 1145; x_wconf 80' lang='lat' dir='ltr'>rem,</span> <span class='ocrx_word' id='word_1_102' title='bbox 470 1115 504 1139; x_wconf 81' lang='lat' dir='ltr'>ut</span> <span class='ocrx_word' id='word_1_103' title='bbox 524 1110 637 1139; x_wconf 77' lang='lat' dir='ltr'>collocet</span> <span class='ocrx_word' id='word_1_104' title='bbox 657 1118 722 1138; x_wconf 73' lang='lat' dir='ltr'>euin</span> <span class='ocrx_word' id='word_1_105' title='bbox 744 1117 811 1138; x_wconf 88' lang='lat' dir='ltr'>cum</span> <span class='ocrx_word' id='word_1_106' title='bbox 831 1108 1032 1146; x_wconf 73' lang='lat' dir='ltr'>principibus,</span> <span class='ocrx_word' id='word_1_107' title='bbox 1049 1116 1115 1136; x_wconf 82' lang='lat' dir='ltr'>cum</span> <span class='ocrx_word' id='word_1_108' title='bbox 1136 1107 1219 1144; x_wconf 75' lang='lat' dir='ltr'>prin-</span> 
     </span>
    </p>

    <p class='ocr_par' dir='ltr' id='par_1_18' title="bbox 370 1154 1219 1195">
     <span class='ocr_line' id='line_1_18' title="bbox 370 1154 1219 1195; baseline -0.005 -9"><span class='ocrx_word' id='word_1_109' title='bbox 370 1158 483 1195; x_wconf 81' lang='lat' dir='ltr'>cipibus</span> <span class='ocrx_word' id='word_1_110' title='bbox 504 1157 606 1195; x_wconf 77' lang='lat' dir='ltr'>populi</span> <span class='ocrx_word' id='word_1_111' title='bbox 636 1157 692 1185; x_wconf 86' lang='lat' dir='ltr'>sui.</span> <span class='ocrx_word' id='word_1_112' title='bbox 726 1156 776 1185; x_wconf 86' lang='lat' dir='ltr'>Sed</span> <span class='ocrx_word' id='word_1_113' title='bbox 809 1156 834 1185; x_wconf 89' lang='lat' dir='ltr'>in</span> <span class='ocrx_word' id='word_1_114' title='bbox 868 1156 1026 1193; x_wconf 71' lang='lat' dir='ltr'>praemissis</span> <span class='ocrx_word' id='word_1_115' title='bbox 1053 1155 1145 1183; x_wconf 87' lang='lat' dir='ltr'>verhis</span> <span class='ocrx_word' id='word_1_116' title='bbox 1166 1154 1219 1183; x_wconf 85' lang='lat' dir='ltr'>tria</span> 
     </span>
    </p>

    <p class='ocr_par' dir='ltr' id='par_1_19' title="bbox 369 1202 1220 1241">
     <span class='ocr_line' id='line_1_19' title="bbox 369 1202 1220 1241; baseline -0.006 -7"><span class='ocrx_word' id='word_1_117' title='bbox 369 1209 510 1239; x_wconf 85' lang='lat' dir='ltr'>notantur,</span> <span class='ocrx_word' id='word_1_118' title='bbox 532 1205 636 1234; x_wconf 86' lang='lat' dir='ltr'>scilicet</span> <span class='ocrx_word' id='word_1_119' title='bbox 656 1205 683 1232; x_wconf 92' lang='lat' dir='ltr'>in</span> <span class='ocrx_word' id='word_1_120' title='bbox 707 1203 842 1241; x_wconf 76' lang='lat' dir='ltr'>praesenti</span> <span class='ocrx_word' id='word_1_121' title='bbox 858 1203 927 1237; x_wconf 80' lang='lat' dir='ltr'>vita,</span> <span class='ocrx_word' id='word_1_122' title='bbox 942 1202 1059 1240; x_wconf 73' lang='lat' dir='ltr'>9)·atia‚·</span> <span class='ocrx_word' id='word_1_123' title='bbox 1074 1202 1220 1230; x_wconf 74' lang='lat' dir='ltr'>trcmsilus</span> 
     </span>
    </p>

    <p class='ocr_par' dir='ltr' id='par_1_20' title="bbox 370 1249 1219 1333">
     <span class='ocr_line' id='line_1_20' title="bbox 370 1249 1219 1287; baseline -0.006 -6"><span class='ocrx_word' id='word_1_124' title='bbox 370 1253 404 1281; x_wconf 85' lang='lat' dir='ltr'>ah</span> <span class='ocrx_word' id='word_1_125' title='bbox 421 1253 471 1281; x_wconf 85' lang='lat' dir='ltr'>hac</span> <span class='ocrx_word' id='word_1_126' title='bbox 486 1252 555 1286; x_wconf 82' lang='lat' dir='ltr'>vita,</span> <span class='ocrx_word' id='word_1_127' title='bbox 570 1255 597 1280; x_wconf 91' lang='lat' dir='ltr'>et</span> <span class='ocrx_word' id='word_1_128' title='bbox 612 1252 723 1280; x_wconf 86' lang='lat' dir='ltr'>suturae</span> <span class='ocrx_word' id='word_1_129' title='bbox 738 1251 809 1279; x_wconf 82' lang='lat' dir='ltr'>vitae</span> <span class='ocrx_word' id='word_1_130' title='bbox 823 1250 928 1287; x_wconf 69' lang='lat' dir='ltr'>qloria.</span> <span class='ocrx_word' id='word_1_131' title='bbox 946 1249 1084 1277; x_wconf 85' lang='lat' dir='ltr'>Primum:</span> <span class='ocrx_word' id='word_1_132' title='bbox 1102 1249 1219 1281; x_wconf 76' lang='lat' dir='ltr'>Anzice;</span> 
     </span>
     <span class='ocr_line' id='line_1_21' title="bbox 371 1296 1020 1333; baseline -0.008 -5"><span class='ocrx_word' id='word_1_133' title='bbox 371 1300 539 1329; x_wconf 86' lang='lat' dir='ltr'>secundum:</span> <span class='ocrx_word' id='word_1_134' title='bbox 562 1299 700 1331; x_wconf 77' lang='lat' dir='ltr'>ascenae;</span> <span class='ocrx_word' id='word_1_135' title='bbox 723 1298 851 1327; x_wconf 85' lang='lat' dir='ltr'>tertium:</span> <span class='ocrx_word' id='word_1_136' title='bbox 874 1296 1020 1333; x_wconf 76' lang='lat' dir='ltr'>superius.</span> 
     </span>
    </p>

    <p class='ocr_par' dir='ltr' id='par_1_21' title="bbox 454 1342 1220 1383">
     <span class='ocr_line' id='line_1_22' title="bbox 454 1342 1220 1383; baseline -0.008 -8"><span class='ocrx_word' id='word_1_137' title='bbox 454 1347 470 1374; x_wconf 92' lang='lat' dir='ltr'>l.</span> <span class='ocrx_word' id='word_1_138' title='bbox 494 1346 531 1375; x_wconf 89' lang='lat' dir='ltr'>De</span> <span class='ocrx_word' id='word_1_139' title='bbox 554 1346 651 1383; x_wconf 83' lang='lat' dir='ltr'>primo,</span> <span class='ocrx_word' id='word_1_140' title='bbox 674 1345 826 1382; x_wconf 77' lang='lat' dir='ltr'>Sapientiae</span> <span class='ocrx_word' id='word_1_141' title='bbox 857 1344 973 1380; x_wconf 88' lang='lat' dir='ltr'>septimo</span> <span class='ocrx_word' id='word_1_142' title='bbox 984 1343 1011 1370; x_wconf 72' lang='lat'>¹¹:</span> <span class='ocrx_word' id='word_1_143' title='bbox 1036 1343 1068 1371; x_wconf 88' lang='lat' dir='ltr'>ln</span> <span class='ocrx_word' id='word_1_144' title='bbox 1100 1342 1220 1370; x_wconf 81' lang='lat' dir='ltr'>animas</span> 
     </span>
    </p>

    <p class='ocr_par' dir='ltr' id='par_1_22' title="bbox 224 1388 1220 1440">
     <span class='ocr_line' id='line_1_23' title="bbox 224 1388 1220 1440; baseline -0.007 -17"><span class='ocrx_word' id='word_1_145' title='bbox 224 1394 358 1440; x_wconf 53' lang='grc' dir='ltr'>ᾖξῇῃΙ-ρξξζὲζ</span> <span class='ocrx_word' id='word_1_146' title='bbox 373 1397 493 1422; x_wconf 72' lang='lat' dir='ltr'>sanctas</span> <span class='ocrx_word' id='word_1_147' title='bbox 514 1402 543 1421; x_wconf 82' lang='lat' dir='ltr'>se</span> <span class='ocrx_word' id='word_1_148' title='bbox 558 1392 717 1429; x_wconf 77' lang='lat' dir='ltr'>transfert,</span> <span class='ocrx_word' id='word_1_149' title='bbox 733 1391 844 1420; x_wconf 83' lang='lat' dir='ltr'>amicos</span> <span class='ocrx_word' id='word_1_150' title='bbox 861 1390 912 1418; x_wconf 78' lang='lat' dir='ltr'>Dei</span> <span class='ocrx_word' id='word_1_151' title='bbox 925 1389 1081 1418; x_wconf 67' lang='lat' dir='ltr'>constituit.</span> <span class='ocrx_word' id='word_1_152' title='bbox 1106 1389 1136 1417; x_wconf 86' lang='lat' dir='ltr'>Et</span> <span class='ocrx_word' id='word_1_153' title='bbox 1152 1388 1220 1416; x_wconf 89' lang='lat' dir='ltr'>hene</span> 
     </span>
    </p>

    <p class='ocr_par' dir='ltr' id='par_1_23' title="bbox 263 1436 1220 1478">
     <span class='ocr_line' id='line_1_24' title="bbox 263 1436 1220 1478; baseline -0.007 -8"><span class='ocrx_word' id='word_1_154' title='bbox 263 1443 318 1460; x_wconf 46' lang='grc' dir='ltr'>ΜΗ*</span> <span class='ocrx_word' id='word_1_155' title='bbox 371 1441 461 1478; x_wconf 89' lang='lat' dir='ltr'>potuit</span> <span class='ocrx_word' id='word_1_156' title='bbox 482 1440 609 1469; x_wconf 86' lang='lat' dir='ltr'>Christus</span> <span class='ocrx_word' id='word_1_157' title='bbox 631 1440 705 1467; x_wconf 86' lang='lat' dir='ltr'>hunc</span> <span class='ocrx_word' id='word_1_158' title='bbox 726 1439 855 1466; x_wconf 79' lang='lat' dir='ltr'>Sanctum</span> <span class='ocrx_word' id='word_1_159' title='bbox 878 1445 976 1465; x_wconf 80' lang='lat' dir='ltr'>vocare</span> <span class='ocrx_word' id='word_1_160' title='bbox 998 1436 1139 1470; x_wconf 85' lang='lat' dir='ltr'>amicum,</span> <span class='ocrx_word' id='word_1_161' title='bbox 1155 1436 1220 1472; x_wconf 85' lang='lat' dir='ltr'>quia</span> 
     </span>
    </p>

    <p class='ocr_par' dir='ltr' id='par_1_24' title="bbox 235 1483 1220 1520">
     <span class='ocr_line' id='line_1_25' title="bbox 235 1483 1220 1520; baseline -0.008 -2"><span class='ocrx_word' id='word_1_162' title='bbox 235 1488 352 1506; x_wconf 56' lang='lat' dir='ltr'>Sul&#39;ffiffiffl·</span> <span class='ocrx_word' id='word_1_163' title='bbox 372 1496 401 1517; x_wconf 90' lang='lat' dir='ltr'>re.</span> <span class='ocrx_word' id='word_1_164' title='bbox 417 1496 482 1517; x_wconf 86' lang='lat' dir='ltr'>vera</span> <span class='ocrx_word' id='word_1_165' title='bbox 504 1487 555 1515; x_wconf 88' lang='lat' dir='ltr'>fuit</span> <span class='ocrx_word' id='word_1_166' title='bbox 576 1487 657 1515; x_wconf 87' lang='lat' dir='ltr'>etiam</span> <span class='ocrx_word' id='word_1_167' title='bbox 680 1486 706 1514; x_wconf 90' lang='lat' dir='ltr'>in</span> <span class='ocrx_word' id='word_1_168' title='bbox 731 1486 780 1513; x_wconf 85' lang='lat' dir='ltr'>hac</span> <span class='ocrx_word' id='word_1_169' title='bbox 803 1485 857 1513; x_wconf 86' lang='lat' dir='ltr'>vita</span> <span class='ocrx_word' id='word_1_170' title='bbox 873 1485 933 1513; x_wconf 86' lang='lat' dir='ltr'>eius</span> <span class='ocrx_word' id='word_1_171' title='bbox 947 1484 1053 1512; x_wconf 85' lang='lat' dir='ltr'>amicus</span> <span class='ocrx_word' id='word_1_172' title='bbox 1074 1483 1167 1520; x_wconf 76' lang='lat' dir='ltr'>fidelis</span> <span class='ocrx_word' id='word_1_173' title='bbox 1188 1484 1220 1511; x_wconf 86' lang='lat' dir='ltr'>in</span> 
     </span>
    </p>

    <p class='ocr_par' dir='ltr' id='par_1_25' title="bbox 371 1530 1220 1570">
     <span class='ocr_line' id='line_1_26' title="bbox 371 1530 1220 1570; baseline -0.006 -7"><span class='ocrx_word' id='word_1_174' title='bbox 371 1535 524 1564; x_wconf 80' lang='lat' dir='ltr'>commisso</span> <span class='ocrx_word' id='word_1_175' title='bbox 547 1542 595 1570; x_wconf 82' lang='lat' dir='ltr'>per</span> <span class='ocrx_word' id='word_1_176' title='bbox 611 1541 704 1562; x_wconf 82' lang='lat' dir='ltr'>veram</span> <span class='ocrx_word' id='word_1_177' title='bbox 722 1532 921 1565; x_wconf 89' lang='lat' dir='ltr'>humilitatem;</span> <span class='ocrx_word' id='word_1_178' title='bbox 937 1530 1091 1559; x_wconf 73' lang='lat' dir='ltr'>unanimis</span> <span class='ocrx_word' id='word_1_179' title='bbox 1106 1531 1135 1559; x_wconf 84' lang='lat' dir='ltr'>in</span> <span class='ocrx_word' id='word_1_180' title='bbox 1149 1539 1220 1567; x_wconf 73' lang='lat' dir='ltr'>pro-</span> 
     </span>
    </p>

    <p class='ocr_par' dir='ltr' id='par_1_26' title="bbox 365 1577 1220 1619">
     <span class='ocr_line' id='line_1_27' title="bbox 365 1577 1220 1619; baseline -0.005 -9"><span class='ocrx_word' id='word_1_181' title='bbox 365 1582 460 1619; x_wconf 78' lang='lat' dir='ltr'>posito</span> <span class='ocrx_word' id='word_1_182' title='bbox 479 1589 528 1619; x_wconf 89' lang='lat' dir='ltr'>per</span> <span class='ocrx_word' id='word_1_183' title='bbox 550 1589 649 1618; x_wconf 87' lang='lat' dir='ltr'>puram</span> <span class='ocrx_word' id='word_1_184' title='bbox 672 1580 763 1609; x_wconf 88' lang='lat' dir='ltr'>cordis</span> <span class='ocrx_word' id='word_1_185' title='bbox 785 1580 986 1612; x_wconf 59' lang='lat' dir='ltr'>sinceritatenu</span> <span class='ocrx_word' id='word_1_186' title='bbox 1002 1579 1108 1607; x_wconf 81' lang='lat' dir='ltr'>amicus</span> <span class='ocrx_word' id='word_1_187' title='bbox 1129 1577 1220 1615; x_wconf 80' lang='lat' dir='ltr'>fami-</span> 
     </span>
    </p>

    <p class='ocr_par' dir='ltr' id='par_1_27' title="bbox 369 1625 1218 1664">
     <span class='ocr_line' id='line_1_28' title="bbox 369 1625 1218 1664; baseline -0.005 -7"><span class='ocrx_word' id='word_1_188' title='bbox 369 1629 456 1657; x_wconf 75' lang='lat' dir='ltr'>liaris</span> <span class='ocrx_word' id='word_1_189' title='bbox 468 1629 495 1657; x_wconf 93' lang='lat' dir='ltr'>in</span> <span class='ocrx_word' id='word_1_190' title='bbox 511 1627 697 1657; x_wconf 80' lang='lat' dir='ltr'>contubernio</span> <span class='ocrx_word' id='word_1_191' title='bbox 713 1635 762 1664; x_wconf 90' lang='lat' dir='ltr'>per</span> <span class='ocrx_word' id='word_1_192' title='bbox 777 1627 898 1655; x_wconf 85' lang='lat' dir='ltr'>elevatae</span> <span class='ocrx_word' id='word_1_193' title='bbox 915 1626 1013 1654; x_wconf 90' lang='lat' dir='ltr'>mentis</span> <span class='ocrx_word' id='word_1_194' title='bbox 1028 1625 1218 1659; x_wconf 85' lang='lat' dir='ltr'>serenitatem;</span> 
     </span>
    </p>

    <p class='ocr_par' dir='ltr' id='par_1_28' title="bbox 368 1675 1220 1713">
     <span class='ocr_line' id='line_1_29' title="bbox 368 1675 1220 1713; baseline -0.006 -8"><span class='ocrx_word' id='word_1_195' title='bbox 368 1677 474 1705; x_wconf 85' lang='lat' dir='ltr'>amicus</span> <span class='ocrx_word' id='word_1_196' title='bbox 489 1675 650 1713; x_wconf 82' lang='lat' dir='ltr'>conformis</span> <span class='ocrx_word' id='word_1_197' title='bbox 671 1675 702 1703; x_wconf 85' lang='lat' dir='ltr'>in</span> <span class='ocrx_word' id='word_1_198' title='bbox 724 1677 894 1703; x_wconf 74' lang='lat' dir='ltr'>ornamento</span> <span class='ocrx_word' id='word_1_199' title='bbox 914 1681 962 1710; x_wconf 91' lang='lat' dir='ltr'>per</span> <span class='ocrx_word' id='word_1_200' title='bbox 978 1680 1139 1709; x_wconf 83' lang='lat' dir='ltr'>expressam</span> <span class='ocrx_word' id='word_1_201' title='bbox 1155 1680 1220 1701; x_wconf 81' lang='lat' dir='ltr'>eru-</span> 
     </span>
    </p>

    <p class='ocr_par' dir='ltr' id='par_1_29' title="bbox 370 1720 1218 1758">
     <span class='ocr_line' id='line_1_30' title="bbox 370 1720 1218 1758; baseline -0.006 -6"><span class='ocrx_word' id='word_1_202' title='bbox 370 1724 408 1753; x_wconf 86' lang='lat' dir='ltr'>cis</span> <span class='ocrx_word' id='word_1_203' title='bbox 430 1723 658 1752; x_wconf 78' lang='lat' dir='ltr'>conformitatem.</span> <span class='ocrx_word' id='word_1_204' title='bbox 682 1738 718 1742; x_wconf 97' lang='lat'><strong>—</strong></span> <span class='ocrx_word' id='word_1_205' title='bbox 741 1722 779 1750; x_wconf 91' lang='lat' dir='ltr'>De</span> <span class='ocrx_word' id='word_1_206' title='bbox 801 1721 904 1758; x_wconf 83' lang='lat' dir='ltr'>primo,</span> <span class='ocrx_word' id='word_1_207' title='bbox 921 1720 1100 1749; x_wconf 83' lang='lat' dir='ltr'>Ecclesiastiei</span> <span class='ocrx_word' id='word_1_208' title='bbox 1123 1722 1218 1748; x_wconf 87' lang='lat' dir='ltr'>sexto:</span> 
     </span>
    </p>

    <p class='ocr_par' dir='ltr' id='par_1_30' title="bbox 371 1766 1219 1805">
     <span class='ocr_line' id='line_1_31' title="bbox 371 1766 1219 1805; baseline -0.006 -7"><span class='ocrx_word' id='word_1_209' title='bbox 371 1770 473 1798; x_wconf 82' lang='lat' dir='ltr'>Amico</span> <span class='ocrx_word' id='word_1_210' title='bbox 494 1768 572 1805; x_wconf 72' lang='lat' dir='ltr'>fideli</span> <span class='ocrx_word' id='word_1_211' title='bbox 592 1768 675 1797; x_wconf 81' lang='lat' dir='ltr'>nulla</span> <span class='ocrx_word' id='word_1_212' title='bbox 690 1772 731 1797; x_wconf 71' lang='lat' dir='ltr'>est</span> <span class='ocrx_word' id='word_1_213' title='bbox 745 1767 946 1805; x_wconf 79' lang='lat' dir='ltr'>comparatio,</span> <span class='ocrx_word' id='word_1_214' title='bbox 961 1770 985 1795; x_wconf 73' lang='lat' dir='ltr'>et</span> <span class='ocrx_word' id='word_1_215' title='bbox 999 1775 1057 1795; x_wconf 87' lang='lat' dir='ltr'>non</span> <span class='ocrx_word' id='word_1_216' title='bbox 1072 1770 1112 1794; x_wconf 82' lang='lat' dir='ltr'>esl</span> <span class='ocrx_word' id='word_1_217' title='bbox 1126 1766 1219 1803; x_wconf 71' lang='lat' dir='ltr'>aigyna</span> 
     </span>
    </p>

    <p class='ocr_par' dir='ltr' id='par_1_31' title="bbox 368 1813 1220 1854">
     <span class='ocr_line' id='line_1_32' title="bbox 368 1813 1220 1854; baseline -0.006 -8"><span class='ocrx_word' id='word_1_218' title='bbox 368 1816 541 1854; x_wconf 67' lang='lat' dir='ltr'>ponderatio</span> <span class='ocrx_word' id='word_1_219' title='bbox 563 1816 636 1845; x_wconf 65' lang='lat' dir='ltr'>asari</span> <span class='ocrx_word' id='word_1_220' title='bbox 656 1819 681 1844; x_wconf 80' lang='lat' dir='ltr'>et</span> <span class='ocrx_word' id='word_1_221' title='bbox 702 1815 819 1853; x_wconf 66' lang='lat' dir='ltr'>arpenti</span> <span class='ocrx_word' id='word_1_222' title='bbox 850 1818 953 1843; x_wconf 76' lang='lat' dir='ltr'>contra</span> <span class='ocrx_word' id='word_1_223' title='bbox 975 1814 1129 1842; x_wconf 72' lang='lat' dir='ltr'>bonitatem</span> <span class='ocrx_word' id='word_1_224' title='bbox 1151 1813 1220 1851; x_wconf 77' lang='lat' dir='ltr'>fidei</span> 
     </span>
    </p>

    <p class='ocr_par' dir='ltr' id='par_1_32' title="bbox 370 1861 1218 1898">
     <span class='ocr_line' id='line_1_33' title="bbox 370 1861 1218 1898; baseline -0.005 -5"><span class='ocrx_word' id='word_1_225' title='bbox 370 1865 458 1893; x_wconf 77' lang='lat' dir='ltr'>illias.</span> <span class='ocrx_word' id='word_1_226' title='bbox 482 1864 519 1893; x_wconf 87' lang='lat' dir='ltr'>Re</span> <span class='ocrx_word' id='word_1_227' title='bbox 540 1871 606 1892; x_wconf 89' lang='lat' dir='ltr'>vera</span> <span class='ocrx_word' id='word_1_228' title='bbox 627 1863 672 1891; x_wconf 80' lang='lat' dir='ltr'>hie</span> <span class='ocrx_word' id='word_1_229' title='bbox 694 1863 811 1891; x_wconf 86' lang='lat' dir='ltr'>Sanctus</span> <span class='ocrx_word' id='word_1_230' title='bbox 831 1861 924 1898; x_wconf 79' lang='lat' dir='ltr'>fidelis</span> <span class='ocrx_word' id='word_1_231' title='bbox 939 1861 992 1890; x_wconf 87' lang='lat' dir='ltr'>fuit</span> <span class='ocrx_word' id='word_1_232' title='bbox 1007 1861 1038 1890; x_wconf 84' lang='lat' dir='ltr'>in</span> <span class='ocrx_word' id='word_1_233' title='bbox 1053 1861 1218 1894; x_wconf 81' lang='lat' dir='ltr'>commisso,</span> 
     </span>
    </p>

    <p class='ocr_par' dir='ltr' id='par_1_33' title="bbox 369 1907 1217 1947">
     <span class='ocr_line' id='line_1_34' title="bbox 369 1907 1217 1947; baseline -0.005 -8"><span class='ocrx_word' id='word_1_234' title='bbox 369 1911 434 1947; x_wconf 88' lang='lat' dir='ltr'>quia</span> <span class='ocrx_word' id='word_1_235' title='bbox 456 1918 505 1939; x_wconf 91' lang='lat' dir='ltr'>nec</span> <span class='ocrx_word' id='word_1_236' title='bbox 527 1910 652 1939; x_wconf 85' lang='lat' dir='ltr'>fraudem</span> <span class='ocrx_word' id='word_1_237' title='bbox 674 1917 724 1938; x_wconf 86' lang='lat' dir='ltr'>nec</span> <span class='ocrx_word' id='word_1_238' title='bbox 746 1908 939 1946; x_wconf 81' lang='lat' dir='ltr'>negligentiam</span> <span class='ocrx_word' id='word_1_239' title='bbox 961 1908 1032 1937; x_wconf 85' lang='lat' dir='ltr'>fecit.</span> <span class='ocrx_word' id='word_1_240' title='bbox 1055 1907 1217 1944; x_wconf 82' lang='lat' dir='ltr'>Gregorius:</span> 
     </span>
    </p>

    <p class='ocr_par' dir='ltr' id='par_1_34' title="bbox 373 1955 1218 1993">
     <span class='ocr_line' id='line_1_35' title="bbox 373 1955 1218 1993; baseline -0.005 -7"><span class='ocrx_word' id='word_1_241' title='bbox 373 1969 386 1982; x_wconf 84' lang='lat'><strong><em>«</em></strong></span> <span class='ocrx_word' id='word_1_242' title='bbox 402 1958 462 1986; x_wconf 89' lang='lat' dir='ltr'>Duo</span> <span class='ocrx_word' id='word_1_243' title='bbox 484 1960 549 1986; x_wconf 91' lang='lat' dir='ltr'>sunt</span> <span class='ocrx_word' id='word_1_244' title='bbox 570 1956 690 1986; x_wconf 85' lang='lat' dir='ltr'>cavenda</span> <span class='ocrx_word' id='word_1_245' title='bbox 712 1956 738 1984; x_wconf 95' lang='lat' dir='ltr'>in</span> <span class='ocrx_word' id='word_1_246' title='bbox 761 1963 845 1993; x_wconf 90' lang='lat' dir='ltr'>opere</span> <span class='ocrx_word' id='word_1_247' title='bbox 867 1955 931 1990; x_wconf 87' lang='lat' dir='ltr'>Dei,</span> <span class='ocrx_word' id='word_1_248' title='bbox 946 1955 1023 1983; x_wconf 88' lang='lat' dir='ltr'>fraus</span> <span class='ocrx_word' id='word_1_249' title='bbox 1038 1958 1064 1983; x_wconf 91' lang='lat' dir='ltr'>et</span> <span class='ocrx_word' id='word_1_250' title='bbox 1081 1955 1218 1991; x_wconf 82' lang='lat' dir='ltr'>negligen-</span> 
     </span>
    </p>

    <p class='ocr_par' dir='ltr' id='par_1_35' title="bbox 369 2002 1218 2039">
     <span class='ocr_line' id='line_1_36' title="bbox 369 2002 1218 2039; baseline -0.004 -6"><span class='ocrx_word' id='word_1_251' title='bbox 369 2005 421 2039; x_wconf 82' lang='lat' dir='ltr'>tia;</span> <span class='ocrx_word' id='word_1_252' title='bbox 447 2004 573 2033; x_wconf 85' lang='lat' dir='ltr'>fraudem</span> <span class='ocrx_word' id='word_1_253' title='bbox 606 2003 669 2032; x_wconf 83' lang='lat' dir='ltr'>facit</span> <span class='ocrx_word' id='word_1_254' title='bbox 700 2003 787 2032; x_wconf 87' lang='lat' dir='ltr'>maior</span> <span class='ocrx_word' id='word_1_255' title='bbox 818 2010 896 2031; x_wconf 84' lang='lat' dir='ltr'>amor</span> <span class='ocrx_word' id='word_1_256' title='bbox 928 2003 986 2036; x_wconf 81' lang='lat' dir='ltr'>sui3</span> <span class='ocrx_word' id='word_1_257' title='bbox 1009 2002 1218 2039; x_wconf 73' lang='lat' dir='ltr'>negligentiam,</span> 
     </span>
    </p>

    <p class='ocr_par' dir='ltr' id='par_1_36' title="bbox 368 2049 1219 2088">
     <span class='ocr_line' id='line_1_37' title="bbox 368 2049 1219 2088; baseline -0.004 -8"><span class='ocrx_word' id='word_1_258' title='bbox 368 2052 459 2080; x_wconf 86' lang='lat' dir='ltr'>minor</span> <span class='ocrx_word' id='word_1_259' title='bbox 481 2059 558 2080; x_wconf 87' lang='lat' dir='ltr'>amor</span> <span class='ocrx_word' id='word_1_260' title='bbox 580 2050 700 2088; x_wconf 81' lang='lat' dir='ltr'>proximi</span> <span class='ocrx_word' id='word_1_261' title='bbox 717 2062 743 2078; x_wconf 77' lang='lat' dir='ltr'>n.</span> <span class='ocrx_word' id='word_1_262' title='bbox 765 2050 835 2086; x_wconf 84' lang='lat' dir='ltr'>Quia</span> <span class='ocrx_word' id='word_1_263' title='bbox 854 2053 947 2079; x_wconf 79' lang='lat' dir='ltr'>autem</span> <span class='ocrx_word' id='word_1_264' title='bbox 971 2049 1014 2078; x_wconf 80' lang='lat' dir='ltr'>hic</span> <span class='ocrx_word' id='word_1_265' title='bbox 1036 2049 1086 2078; x_wconf 88' lang='lat' dir='ltr'>sihi</span> <span class='ocrx_word' id='word_1_266' title='bbox 1103 2049 1219 2078; x_wconf 66' lang='grc'><strong>11111311-</strong></span> 
     </span>
    </p>

    <p class='ocr_par' dir='ltr' id='par_1_37' title="bbox 369 2096 1219 2136">
     <span class='ocr_line' id='line_1_38' title="bbox 369 2096 1219 2136; baseline -0.002 -9"><span class='ocrx_word' id='word_1_267' title='bbox 369 2102 470 2133; x_wconf 79' lang='lat' dir='ltr'>sterus,</span> <span class='ocrx_word' id='word_1_268' title='bbox 493 2098 628 2136; x_wconf 84' lang='lat' dir='ltr'>proximis</span> <span class='ocrx_word' id='word_1_269' title='bbox 650 2098 802 2135; x_wconf 81' lang='lat' dir='ltr'>propitius,</span> <span class='ocrx_word' id='word_1_270' title='bbox 824 2097 857 2126; x_wconf 87' lang='lat' dir='ltr'>de</span> <span class='ocrx_word' id='word_1_271' title='bbox 879 2101 999 2134; x_wconf 86' lang='lat' dir='ltr'>utraque</span> <span class='ocrx_word' id='word_1_272' title='bbox 1021 2097 1102 2131; x_wconf 87' lang='lat' dir='ltr'>cavit,</span> <span class='ocrx_word' id='word_1_273' title='bbox 1117 2100 1144 2125; x_wconf 91' lang='lat' dir='ltr'>et</span> <span class='ocrx_word' id='word_1_274' title='bbox 1159 2096 1219 2125; x_wconf 90' lang='lat' dir='ltr'>ideo</span> 
     </span>
    </p>

    <p class='ocr_par' dir='ltr' id='par_1_38' title="bbox 368 2143 1219 2181">
     <span class='ocr_line' id='line_1_39' title="bbox 368 2143 1219 2181; baseline -0.002 -7"><span class='ocrx_word' id='word_1_275' title='bbox 368 2146 456 2175; x_wconf 85' lang='lat' dir='ltr'>fidelis</span> <span class='ocrx_word' id='word_1_276' title='bbox 478 2146 537 2174; x_wconf 86' lang='lat' dir='ltr'>fnit.</span> <span class='ocrx_word' id='word_1_277' title='bbox 562 2146 643 2179; x_wconf 88' lang='lat' dir='ltr'>Item,</span> <span class='ocrx_word' id='word_1_278' title='bbox 666 2145 766 2179; x_wconf 80' lang='lat' dir='ltr'>tidelis,</span> <span class='ocrx_word' id='word_1_279' title='bbox 788 2144 854 2181; x_wconf 86' lang='lat' dir='ltr'>quia</span> <span class='ocrx_word' id='word_1_280' title='bbox 875 2144 1011 2173; x_wconf 85' lang='lat' dir='ltr'>mandatis</span> <span class='ocrx_word' id='word_1_281' title='bbox 1032 2143 1138 2172; x_wconf 89' lang='lat' dir='ltr'>Domini</span> <span class='ocrx_word' id='word_1_282' title='bbox 1162 2144 1219 2180; x_wconf 89' lang='lat' dir='ltr'>ple-</span> 
     </span>
    </p>

    <p class='ocr_par' dir='ltr' id='par_1_39' title="bbox 368 2191 1219 2222">
     <span class='ocr_line' id='line_1_40' title="bbox 368 2191 1219 2222; baseline -0.002 -1"><span class='ocrx_word' id='word_1_283' title='bbox 368 2193 480 2222; x_wconf 88' lang='lat' dir='ltr'>nissime</span> <span class='ocrx_word' id='word_1_284' title='bbox 502 2192 622 2222; x_wconf 85' lang='lat' dir='ltr'>obedivit</span> <span class='ocrx_word' id='word_1_285' title='bbox 647 2195 673 2221; x_wconf 89' lang='lat' dir='ltr'>et</span> <span class='ocrx_word' id='word_1_286' title='bbox 698 2192 767 2220; x_wconf 89' lang='lat' dir='ltr'>nihil</span> <span class='ocrx_word' id='word_1_287' title='bbox 798 2191 832 2220; x_wconf 91' lang='lat' dir='ltr'>de</span> <span class='ocrx_word' id='word_1_288' title='bbox 863 2191 942 2220; x_wconf 88' lang='lat' dir='ltr'>honis</span> <span class='ocrx_word' id='word_1_289' title='bbox 964 2191 1070 2219; x_wconf 89' lang='lat' dir='ltr'>Domini</span> <span class='ocrx_word' id='word_1_290' title='bbox 1099 2191 1149 2220; x_wconf 89' lang='lat' dir='ltr'>sibi</span> <span class='ocrx_word' id='word_1_291' title='bbox 1179 2194 1219 2219; x_wconf 86' lang='lat' dir='ltr'>at-</span> 
     </span>
    </p>

    <p class='ocr_par' dir='ltr' id='par_1_40' title="bbox 240 2237 1219 2271">
     <span class='ocr_line' id='line_1_41' title="bbox 240 2237 1219 2271; baseline -0.003 -2"><span class='ocrx_word' id='word_1_292' title='bbox 240 2240 351 2259; x_wconf 44' lang='grc' dir='ltr'>Νῢῑὸῡὼω·</span> <span class='ocrx_word' id='word_1_293' title='bbox 369 2240 467 2269; x_wconf 84' lang='lat' dir='ltr'>tribuit</span> <span class='ocrx_word' id='word_1_294' title='bbox 483 2240 502 2268; x_wconf 86' lang='lat'>⁵.</span> <span class='ocrx_word' id='word_1_295' title='bbox 532 2240 629 2268; x_wconf 89' lang='lat' dir='ltr'>Fidelis</span> <span class='ocrx_word' id='word_1_296' title='bbox 658 2247 688 2268; x_wconf 88' lang='lat' dir='ltr'>re</span> <span class='ocrx_word' id='word_1_297' title='bbox 712 2247 778 2268; x_wconf 82' lang='lat' dir='ltr'>vera</span> <span class='ocrx_word' id='word_1_298' title='bbox 806 2247 835 2267; x_wconf 87' lang='lat' dir='ltr'>es</span> <span class='ocrx_word' id='word_1_299' title='bbox 866 2246 965 2267; x_wconf 89' lang='lat' dir='ltr'>servus</span> <span class='ocrx_word' id='word_1_300' title='bbox 987 2238 1109 2271; x_wconf 81' lang='lat' dir='ltr'>Domini,</span> <span class='ocrx_word' id='word_1_301' title='bbox 1132 2238 1154 2266; x_wconf 86' lang='lat' dir='ltr'>si</span> <span class='ocrx_word' id='word_1_302' title='bbox 1185 2237 1219 2266; x_wconf 87' lang='lat' dir='ltr'>de</span> 
     </span>
    </p>

    <p class='ocr_par' dir='ltr' id='par_1_41' title="bbox 369 2285 1219 2323">
     <span class='ocr_line' id='line_1_42' title="bbox 369 2285 1219 2323; baseline -0.005 -7"><span class='ocrx_word' id='word_1_303' title='bbox 369 2287 448 2316; x_wconf 83' lang='lat' dir='ltr'>bonis</span> <span class='ocrx_word' id='word_1_304' title='bbox 470 2287 592 2320; x_wconf 91' lang='lat' dir='ltr'>Domini,</span> <span class='ocrx_word' id='word_1_305' title='bbox 615 2294 686 2323; x_wconf 85' lang='lat' dir='ltr'>quae</span> <span class='ocrx_word' id='word_1_306' title='bbox 709 2289 854 2315; x_wconf 80' lang='lat' dir='ltr'>transeunt</span> <span class='ocrx_word' id='word_1_307' title='bbox 883 2293 932 2322; x_wconf 90' lang='lat' dir='ltr'>per</span> <span class='ocrx_word' id='word_1_308' title='bbox 954 2288 989 2319; x_wconf 73' lang='lat' dir='ltr'>te,</span> <span class='ocrx_word' id='word_1_309' title='bbox 1011 2285 1061 2314; x_wconf 89' lang='lat' dir='ltr'>etsi</span> <span class='ocrx_word' id='word_1_310' title='bbox 1085 2293 1138 2313; x_wconf 91' lang='lat' dir='ltr'>non</span> <span class='ocrx_word' id='word_1_311' title='bbox 1165 2285 1219 2313; x_wconf 90' lang='lat' dir='ltr'>sint</span> 
     </span>
    </p>

    <p class='ocr_par' dir='ltr' id='par_1_42' title="bbox 370 2332 1218 2371">
     <span class='ocr_line' id='line_1_43' title="bbox 370 2332 1218 2371; baseline -0.004 -8"><span class='ocrx_word' id='word_1_312' title='bbox 370 2342 405 2363; x_wconf 87' lang='lat' dir='ltr'>ex</span> <span class='ocrx_word' id='word_1_313' title='bbox 421 2338 456 2368; x_wconf 82' lang='lat' dir='ltr'>te,</span> <span class='ocrx_word' id='word_1_314' title='bbox 472 2334 541 2363; x_wconf 86' lang='lat' dir='ltr'>nihil</span> <span class='ocrx_word' id='word_1_315' title='bbox 562 2334 709 2371; x_wconf 86' lang='lat' dir='ltr'>contigerit</span> <span class='ocrx_word' id='word_1_316' title='bbox 730 2333 785 2362; x_wconf 91' lang='lat' dir='ltr'>tuis</span> <span class='ocrx_word' id='word_1_317' title='bbox 807 2333 935 2361; x_wconf 84' lang='lat' dir='ltr'>manibus</span> <span class='ocrx_word' id='word_1_318' title='bbox 949 2332 1110 2361; x_wconf 83' lang='lat' dir='ltr'>adhaerere.</span> <span class='ocrx_word' id='word_1_319' title='bbox 1127 2348 1163 2353; x_wconf 98' lang='lat'>—</span> <span class='ocrx_word' id='word_1_320' title='bbox 1180 2332 1218 2360; x_wconf 89' lang='lat' dir='ltr'>De</span> 
     </span>
    </p>

    <p class='ocr_par' dir='ltr' id='par_1_43' title="bbox 224 2378 1218 2428">
     <span class='ocr_line' id='line_1_44' title="bbox 224 2378 1218 2428; baseline -0.004 -18"><span class='ocrx_word' id='word_1_321' title='bbox 224 2381 352 2428; x_wconf 51' lang='grc' dir='ltr'>ἱξξοᾞξξίξοῑη</span> <span class='ocrx_word' id='word_1_322' title='bbox 370 2382 505 2415; x_wconf 86' lang='lat' dir='ltr'>secundo,</span> <span class='ocrx_word' id='word_1_323' title='bbox 529 2381 742 2409; x_wconf 86' lang='lat' dir='ltr'>Proverhiorum</span> <span class='ocrx_word' id='word_1_324' title='bbox 764 2380 896 2417; x_wconf 84' lang='lat' dir='ltr'>vigesimo</span> <span class='ocrx_word' id='word_1_325' title='bbox 918 2379 1078 2408; x_wconf 78' lang='lat' dir='ltr'>seeundo⁶÷</span> <span class='ocrx_word' id='word_1_326' title='bbox 1096 2378 1154 2414; x_wconf 79' lang='lat' dir='ltr'>Qui</span> <span class='ocrx_word' id='word_1_327' title='bbox 1175 2378 1218 2406; x_wconf 73' lang='lat' dir='ltr'>ai-</span> 
     </span>
    </p>

    <p class='ocr_par' dir='ltr' id='par_1_44' title="bbox 371 2425 1217 2465">
     <span class='ocr_line' id='line_1_45' title="bbox 371 2425 1217 2465; baseline -0.004 -9"><span class='ocrx_word' id='word_1_328' title='bbox 371 2428 433 2465; x_wconf 68' lang='lat' dir='ltr'>liqil</span> <span class='ocrx_word' id='word_1_329' title='bbox 455 2428 552 2456; x_wconf 77' lang='lat' dir='ltr'>cordis</span> <span class='ocrx_word' id='word_1_330' title='bbox 574 2427 753 2456; x_wconf 70' lang='lat' dir='ltr'>munditiam</span> <span class='ocrx_word' id='word_1_331' title='bbox 772 2430 893 2464; x_wconf 75' lang='lat' dir='ltr'>propter</span> <span class='ocrx_word' id='word_1_332' title='bbox 913 2426 1045 2463; x_wconf 61' lang='lat' dir='ltr'>qratiam</span> <span class='ocrx_word' id='word_1_333' title='bbox 1070 2425 1217 2454; x_wconf 74' lang='lat' dir='ltr'>labiorum</span> 
     </span>
    </p>

    <p class='ocr_par' dir='ltr' id='par_1_45' title="bbox 369 2473 1218 2510">
     <span class='ocr_line' id='line_1_46' title="bbox 369 2473 1218 2510; baseline -0.004 -7"><span class='ocrx_word' id='word_1_334' title='bbox 369 2484 493 2503; x_wconf 77' lang='lat' dir='ltr'>suoram</span> <span class='ocrx_word' id='word_1_335' title='bbox 515 2474 627 2503; x_wconf 75' lang='lat' dir='ltr'>babebit</span> <span class='ocrx_word' id='word_1_336' title='bbox 648 2475 779 2502; x_wconf 84' lang='lat' dir='ltr'>amicam</span> <span class='ocrx_word' id='word_1_337' title='bbox 806 2482 911 2510; x_wconf 64' lang='lat' dir='ltr'>repent.</span> <span class='ocrx_word' id='word_1_338' title='bbox 934 2473 1007 2501; x_wconf 81' lang='lat' dir='ltr'>Hanc</span> <span class='ocrx_word' id='word_1_339' title='bbox 1029 2473 1120 2501; x_wconf 89' lang='lat' dir='ltr'>cordis</span> <span class='ocrx_word' id='word_1_340' title='bbox 1142 2473 1218 2509; x_wconf 91' lang='lat' dir='ltr'>puri-</span> 
     </span>
    </p>

    <p class='ocr_par' dir='ltr' id='par_1_46' title="bbox 371 2519 1218 2557">
     <span class='ocr_line' id='line_1_47' title="bbox 371 2519 1218 2557; baseline -0.004 -7"><span class='ocrx_word' id='word_1_341' title='bbox 371 2525 454 2550; x_wconf 83' lang='lat' dir='ltr'>tatem</span> <span class='ocrx_word' id='word_1_342' title='bbox 476 2522 531 2550; x_wconf 85' lang='lat' dir='ltr'>duo</span> <span class='ocrx_word' id='word_1_343' title='bbox 552 2521 670 2555; x_wconf 88' lang='lat' dir='ltr'>faciunt,</span> <span class='ocrx_word' id='word_1_344' title='bbox 692 2521 795 2549; x_wconf 82' lang='lat' dir='ltr'>scilicet</span> <span class='ocrx_word' id='word_1_345' title='bbox 813 2520 990 2557; x_wconf 74' lang='lat' dir='ltr'>poenitentia</span> <span class='ocrx_word' id='word_1_346' title='bbox 1012 2520 1038 2547; x_wconf 94' lang='lat' dir='ltr'>in</span> <span class='ocrx_word' id='word_1_347' title='bbox 1071 2519 1218 2548; x_wconf 84' lang='lat' dir='ltr'>afflictione</span> 
     </span>
    </p>
   </div>
   <div class='ocr_carea' id='block_1_6' title="bbox 240 1723 345 1765">
    <p class='ocr_par' dir='ltr' id='par_1_47' title="bbox 240 1723 345 1765">
     <span class='ocr_line' id='line_1_48' title="bbox 242 1723 343 1750; baseline -0.01 -8"><span class='ocrx_word' id='word_1_348' title='bbox 242 1723 311 1750; x_wconf 69' lang='lat' dir='ltr'>Fidelis</span> <span class='ocrx_word' id='word_1_349' title='bbox 325 1723 343 1741; x_wconf 90' lang='grc'>111</span> 
     </span>
     <span class='ocr_line' id='line_1_49' title="bbox 240 1751 345 1765; baseline 0 0"><span class='ocrx_word' id='word_1_350' title='bbox 240 1751 345 1765; x_wconf 72' lang='lat' dir='ltr'>commisso.</span> 
     </span>
    </p>
   </div>
   <div class='ocr_carea' id='block_1_7' title="bbox 1273 450 2242 2556">
    <p class='ocr_par' dir='ltr' id='par_1_48' title="bbox 1273 450 2242 957">
     <span class='ocr_line' id='line_1_50' title="bbox 1274 450 2120 487; baseline 0.002 -9"><span class='ocrx_word' id='word_1_351' title='bbox 1274 452 1371 487; x_wconf 88' lang='lat' dir='ltr'>sponte</span> <span class='ocrx_word' id='word_1_352' title='bbox 1391 453 1515 479; x_wconf 82' lang='lat' dir='ltr'>assumta</span> <span class='ocrx_word' id='word_1_353' title='bbox 1535 453 1562 479; x_wconf 91' lang='lat' dir='ltr'>et</span> <span class='ocrx_word' id='word_1_354' title='bbox 1586 450 1729 487; x_wconf 78' lang='lat' dir='ltr'>patientia</span> <span class='ocrx_word' id='word_1_355' title='bbox 1761 451 1786 479; x_wconf 95' lang='lat' dir='ltr'>in</span> <span class='ocrx_word' id='word_1_356' title='bbox 1811 451 1988 480; x_wconf 80' lang='lat' dir='ltr'>tribulatione</span> <span class='ocrx_word' id='word_1_357' title='bbox 2010 451 2120 480; x_wconf 85' lang='lat' dir='ltr'>aliunde</span> 
     </span>
     <span class='ocr_line' id='line_1_51' title="bbox 1274 496 2122 535; baseline 0.001 -10"><span class='ocrx_word' id='word_1_358' title='bbox 1274 496 1385 525; x_wconf 83' lang='lat' dir='ltr'>inflicta.</span> <span class='ocrx_word' id='word_1_359' title='bbox 1408 497 1477 526; x_wconf 86' lang='lat' dir='ltr'>llaec</span> <span class='ocrx_word' id='word_1_360' title='bbox 1498 497 1570 526; x_wconf 88' lang='lat' dir='ltr'>enim</span> <span class='ocrx_word' id='word_1_361' title='bbox 1594 499 1659 526; x_wconf 89' lang='lat' dir='ltr'>sunt</span> <span class='ocrx_word' id='word_1_362' title='bbox 1690 497 1745 526; x_wconf 89' lang='lat' dir='ltr'>duo</span> <span class='ocrx_word' id='word_1_363' title='bbox 1773 498 1949 534; x_wconf 82' lang='lat' dir='ltr'>purgatoria,</span> <span class='ocrx_word' id='word_1_364' title='bbox 1972 505 2043 535; x_wconf 86' lang='lat' dir='ltr'>quae</span> <span class='ocrx_word' id='word_1_365' title='bbox 2064 498 2122 527; x_wconf 83' lang='lat' dir='ltr'>ani-</span> 
     </span>
     <span class='ocr_line' id='line_1_52' title="bbox 1275 544 2242 581; baseline 0.002 -9"><span class='ocrx_word' id='word_1_366' title='bbox 1275 552 1347 573; x_wconf 86' lang='lat' dir='ltr'>mam</span> <span class='ocrx_word' id='word_1_367' title='bbox 1370 544 1532 581; x_wconf 80' lang='lat' dir='ltr'>purificant;</span> <span class='ocrx_word' id='word_1_368' title='bbox 1556 544 1676 581; x_wconf 87' lang='lat' dir='ltr'>primum</span> <span class='ocrx_word' id='word_1_369' title='bbox 1698 548 1739 573; x_wconf 85' lang='lat' dir='ltr'>est</span> <span class='ocrx_word' id='word_1_370' title='bbox 1761 552 1810 581; x_wconf 86' lang='lat' dir='ltr'>per</span> <span class='ocrx_word' id='word_1_371' title='bbox 1832 552 1948 581; x_wconf 79' lang='lat' dir='ltr'>aquarn,</span> <span class='ocrx_word' id='word_1_372' title='bbox 1969 545 2120 574; x_wconf 87' lang='lat' dir='ltr'>secundum</span> <span class='ocrx_word' id='word_1_373' title='bbox 2239 544 2242 559; x_wconf 85' lang='lat'>¹</span> 
     </span>
     <span class='ocr_line' id='line_1_53' title="bbox 1274 591 2122 629; baseline 0.001 -10"><span class='ocrx_word' id='word_1_374' title='bbox 1274 594 1315 620; x_wconf 89' lang='lat' dir='ltr'>est</span> <span class='ocrx_word' id='word_1_375' title='bbox 1336 599 1386 628; x_wconf 92' lang='lat' dir='ltr'>per</span> <span class='ocrx_word' id='word_1_376' title='bbox 1408 591 1515 628; x_wconf 84' lang='lat' dir='ltr'>ignem;</span> <span class='ocrx_word' id='word_1_377' title='bbox 1545 591 1684 620; x_wconf 72' lang='lat' dir='ltr'>l&#39;salmus:</span> <span class='ocrx_word' id='word_1_378' title='bbox 1720 591 1926 620; x_wconf 80' lang='lat' dir='ltr'>Transivimus</span> <span class='ocrx_word' id='word_1_379' title='bbox 1945 600 1998 629; x_wconf 78' lang='lat' dir='ltr'>per</span> <span class='ocrx_word' id='word_1_380' title='bbox 2026 592 2122 629; x_wconf 72' lang='lat' dir='ltr'>igynem</span> 
     </span>
     <span class='ocr_line' id='line_1_54' title="bbox 1273 637 2123 676; baseline 0.001 -10"><span class='ocrx_word' id='word_1_381' title='bbox 1273 641 1300 666; x_wconf 71' lang='lat' dir='ltr'>et</span> <span class='ocrx_word' id='word_1_382' title='bbox 1320 646 1441 674; x_wconf 84' lang='lat' dir='ltr'>aquam,</span> <span class='ocrx_word' id='word_1_383' title='bbox 1463 641 1487 666; x_wconf 81' lang='lat' dir='ltr'>ec</span> <span class='ocrx_word' id='word_1_384' title='bbox 1508 638 1637 667; x_wconf 73' lang='lat' dir='ltr'>eduxisti</span> <span class='ocrx_word' id='word_1_385' title='bbox 1657 647 1709 667; x_wconf 82' lang='lat' dir='ltr'>nos</span> <span class='ocrx_word' id='word_1_386' title='bbox 1730 638 1761 666; x_wconf 91' lang='lat' dir='ltr'>in</span> <span class='ocrx_word' id='word_1_387' title='bbox 1782 637 1983 676; x_wconf 64' lang='lat' dir='ltr'>refrigerium.</span> <span class='ocrx_word' id='word_1_388' title='bbox 2007 639 2037 667; x_wconf 88' lang='lat' dir='ltr'>Et</span> <span class='ocrx_word' id='word_1_389' title='bbox 2051 639 2123 667; x_wconf 85' lang='lat' dir='ltr'>sicut</span> 
     </span>
     <span class='ocr_line' id='line_1_55' title="bbox 1274 684 2121 722; baseline 0 -9"><span class='ocrx_word' id='word_1_390' title='bbox 1274 684 1442 721; x_wconf 88' lang='lat' dir='ltr'>impossihile</span> <span class='ocrx_word' id='word_1_391' title='bbox 1473 688 1530 718; x_wconf 83' lang='lat' dir='ltr'>est,</span> <span class='ocrx_word' id='word_1_392' title='bbox 1564 687 1666 713; x_wconf 88' lang='lat' dir='ltr'>vestem</span> <span class='ocrx_word' id='word_1_393' title='bbox 1699 684 1871 722; x_wconf 83' lang='lat' dir='ltr'>inquinatam</span> <span class='ocrx_word' id='word_1_394' title='bbox 1903 685 2048 719; x_wconf 85' lang='lat' dir='ltr'>mundari,</span> <span class='ocrx_word' id='word_1_395' title='bbox 2071 685 2121 714; x_wconf 89' lang='lat' dir='ltr'>nisi</span> 
     </span>
     <span class='ocr_line' id='line_1_56' title="bbox 1275 731 2124 768; baseline 0 -8"><span class='ocrx_word' id='word_1_396' title='bbox 1275 734 1396 760; x_wconf 85' lang='lat' dir='ltr'>transeat</span> <span class='ocrx_word' id='word_1_397' title='bbox 1419 739 1467 768; x_wconf 90' lang='lat' dir='ltr'>per</span> <span class='ocrx_word' id='word_1_398' title='bbox 1490 732 1646 765; x_wconf 75' lang='lat' dir='ltr'>lavacrum,</span> <span class='ocrx_word' id='word_1_399' title='bbox 1669 731 1707 760; x_wconf 85' lang='lat' dir='ltr'>sic</span> <span class='ocrx_word' id='word_1_400' title='bbox 1728 734 1755 760; x_wconf 87' lang='lat' dir='ltr'>et</span> <span class='ocrx_word' id='word_1_401' title='bbox 1776 731 1906 765; x_wconf 84' lang='lat' dir='ltr'>animam,</span> <span class='ocrx_word' id='word_1_402' title='bbox 1928 731 1978 760; x_wconf 89' lang='lat' dir='ltr'>nisi</span> <span class='ocrx_word' id='word_1_403' title='bbox 2002 735 2124 760; x_wconf 85' lang='lat' dir='ltr'>transeat</span> 
     </span>
     <span class='ocr_line' id='line_1_57' title="bbox 1275 778 2124 816; baseline -0.001 -9"><span class='ocrx_word' id='word_1_404' title='bbox 1275 786 1324 816; x_wconf 86' lang='lat' dir='ltr'>per</span> <span class='ocrx_word' id='word_1_405' title='bbox 1346 779 1528 815; x_wconf 86' lang='lat' dir='ltr'>poenitentiae</span> <span class='ocrx_word' id='word_1_406' title='bbox 1549 781 1576 807; x_wconf 86' lang='lat' dir='ltr'>et</span> <span class='ocrx_word' id='word_1_407' title='bbox 1604 778 1750 815; x_wconf 85' lang='lat' dir='ltr'>patientiae</span> <span class='ocrx_word' id='word_1_408' title='bbox 1772 778 1974 815; x_wconf 84' lang='lat' dir='ltr'>purgatorium.</span> <span class='ocrx_word' id='word_1_409' title='bbox 1997 778 2028 806; x_wconf 86' lang='lat' dir='ltr'>Et</span> <span class='ocrx_word' id='word_1_410' title='bbox 2059 778 2124 815; x_wconf 87' lang='lat' dir='ltr'>quia</span> 
     </span>
     <span class='ocr_line' id='line_1_58' title="bbox 1275 825 2124 863; baseline 0 -9"><span class='ocrx_word' id='word_1_411' title='bbox 1275 826 1390 855; x_wconf 63' lang='lat' dir='ltr'>anneus</span> <span class='ocrx_word' id='word_1_412' title='bbox 1405 826 1485 855; x_wconf 87' lang='lat' dir='ltr'>omni</span> <span class='ocrx_word' id='word_1_413' title='bbox 1505 829 1631 862; x_wconf 79' lang='lat' dir='ltr'>tempore</span> <span class='ocrx_word' id='word_1_414' title='bbox 1651 825 1763 863; x_wconf 71' lang='lat' dir='ltr'>(liliyil,</span> <span class='ocrx_word' id='word_1_415' title='bbox 1785 829 1895 862; x_wconf 86' lang='lat' dir='ltr'>oportet</span> <span class='ocrx_word' id='word_1_416' title='bbox 1910 825 2000 854; x_wconf 87' lang='lat' dir='ltr'>cordis</span> <span class='ocrx_word' id='word_1_417' title='bbox 2015 825 2124 854; x_wconf 88' lang='lat' dir='ltr'>mundi-</span> 
     </span>
     <span class='ocr_line' id='line_1_59' title="bbox 1276 872 2124 910; baseline -0.001 -9"><span class='ocrx_word' id='word_1_418' title='bbox 1276 874 1340 902; x_wconf 90' lang='lat' dir='ltr'>tiam</span> <span class='ocrx_word' id='word_1_419' title='bbox 1363 881 1472 910; x_wconf 86' lang='lat' dir='ltr'>semper</span> <span class='ocrx_word' id='word_1_420' title='bbox 1496 873 1606 901; x_wconf 86' lang='lat' dir='ltr'>habere.</span> <span class='ocrx_word' id='word_1_421' title='bbox 1630 872 1689 908; x_wconf 82' lang='lat' dir='ltr'>Qui</span> <span class='ocrx_word' id='word_1_422' title='bbox 1709 872 1781 901; x_wconf 87' lang='lat' dir='ltr'>enim</span> <span class='ocrx_word' id='word_1_423' title='bbox 1804 872 1978 909; x_wconf 72' lang='lat' dir='ltr'>baptizatur</span> <span class='ocrx_word' id='word_1_424' title='bbox 2006 880 2025 900; x_wconf 87' lang='lat' dir='ltr'>a</span> <span class='ocrx_word' id='word_1_425' title='bbox 2046 880 2124 900; x_wconf 79' lang='lat' dir='ltr'>mor-</span> 
     </span>
     <span class='ocr_line' id='line_1_60' title="bbox 1276 916 2123 957; baseline -0.001 -9"><span class='ocrx_word' id='word_1_426' title='bbox 1276 923 1324 948; x_wconf 88' lang='lat' dir='ltr'>luo</span> <span class='ocrx_word' id='word_1_427' title='bbox 1345 924 1371 949; x_wconf 78' lang='lat' dir='ltr'>ec</span> <span class='ocrx_word' id='word_1_428' title='bbox 1391 920 1498 948; x_wconf 76' lang='lat' dir='ltr'>iterum</span> <span class='ocrx_word' id='word_1_429' title='bbox 1521 919 1630 957; x_wconf 70' lang='lat' dir='ltr'>lanyil,</span> <span class='ocrx_word' id='word_1_430' title='bbox 1652 919 1725 957; x_wconf 75' lang='lat' dir='ltr'>quifl</span> <span class='ocrx_word' id='word_1_431' title='bbox 1749 918 1867 956; x_wconf 75' lang='lat' dir='ltr'>prolicit</span> <span class='ocrx_word' id='word_1_432' title='bbox 1889 919 1997 948; x_wconf 83' lang='lat' dir='ltr'>lavalio</span> <span class='ocrx_word' id='word_1_433' title='bbox 2018 916 2123 947; x_wconf 70' lang='lat' dir='ltr'>illius?</span> 
     </span>
    </p>

    <p class='ocr_par' dir='ltr' id='par_1_49' title="bbox 1274 964 2236 1945">
     <span class='ocr_line' id='line_1_61' title="bbox 1356 964 2236 1004; baseline -0.001 -9"><span class='ocrx_word' id='word_1_434' title='bbox 1356 967 1393 995; x_wconf 86' lang='lat' dir='ltr'>De</span> <span class='ocrx_word' id='word_1_435' title='bbox 1415 967 1511 1001; x_wconf 88' lang='lat' dir='ltr'>tertio,</span> <span class='ocrx_word' id='word_1_436' title='bbox 1535 966 1641 995; x_wconf 86' lang='lat' dir='ltr'>loannis</span> <span class='ocrx_word' id='word_1_437' title='bbox 1662 966 1782 995; x_wconf 74' lang='lat' dir='ltr'>tertio⁷z</span> <span class='ocrx_word' id='word_1_438' title='bbox 1805 966 1928 994; x_wconf 86' lang='lat' dir='ltr'>Amicus</span> <span class='ocrx_word' id='word_1_439' title='bbox 1948 966 2058 1003; x_wconf 78' lang='lat' dir='ltr'>sponsi,</span> <span class='ocrx_word' id='word_1_440' title='bbox 2074 966 2125 1004; x_wconf 81' lang='lat' dir='ltr'>qui</span> <span class='ocrx_word' id='word_1_441' title='bbox 2138 964 2236 991; x_wconf 55' lang='lat' dir='ltr'>Familiare</span> 
     </span>
     <span class='ocr_line' id='line_1_62' title="bbox 1275 995 2236 1050; baseline -0.001 -8"><span class='ocrx_word' id='word_1_442' title='bbox 1275 1017 1334 1042; x_wconf 80' lang='lat' dir='ltr'>slat</span> <span class='ocrx_word' id='word_1_443' title='bbox 1355 1017 1378 1042; x_wconf 81' lang='lat' dir='ltr'>et</span> <span class='ocrx_word' id='word_1_444' title='bbox 1400 1014 1485 1042; x_wconf 80' lang='lat' dir='ltr'>audit</span> <span class='ocrx_word' id='word_1_445' title='bbox 1506 1022 1588 1047; x_wconf 84' lang='lat' dir='ltr'>eum,</span> <span class='ocrx_word' id='word_1_446' title='bbox 1608 1013 1720 1050; x_wconf 62' lang='lat' dir='ltr'>paullio</span> <span class='ocrx_word' id='word_1_447' title='bbox 1750 1013 1859 1050; x_wconf 73' lang='lat' dir='ltr'>gyauclel</span> <span class='ocrx_word' id='word_1_448' title='bbox 1889 1016 2008 1050; x_wconf 76' lang='lat' dir='ltr'>propter</span> <span class='ocrx_word' id='word_1_449' title='bbox 2029 1021 2124 1041; x_wconf 82' lang='lat' dir='ltr'>vocem</span> <span class='ocrx_word' id='word_1_450' title='bbox 2139 995 2236 1014; x_wconf 53' lang='lat' dir='ltr'>mmmm</span> 
     </span>
     <span class='ocr_line' id='line_1_63' title="bbox 1275 1059 2126 1098; baseline 0 -10"><span class='ocrx_word' id='word_1_451' title='bbox 1275 1061 1384 1098; x_wconf 81' lang='lat' dir='ltr'>sponsi.</span> <span class='ocrx_word' id='word_1_452' title='bbox 1415 1061 1554 1095; x_wconf 80' lang='lat' dir='ltr'>Amicus,</span> <span class='ocrx_word' id='word_1_453' title='bbox 1577 1061 1753 1094; x_wconf 85' lang='lat' dir='ltr'>Franciseus,</span> <span class='ocrx_word' id='word_1_454' title='bbox 1775 1061 1891 1097; x_wconf 81' lang='lat' dir='ltr'>sponsi,</span> <span class='ocrx_word' id='word_1_455' title='bbox 1920 1060 2038 1093; x_wconf 78' lang='lat' dir='ltr'>Christi,</span> <span class='ocrx_word' id='word_1_456' title='bbox 2067 1059 2126 1088; x_wconf 88' lang='lat' dir='ltr'>eius</span> 
     </span>
     <span class='ocr_line' id='line_1_64' title="bbox 1278 1107 2126 1145; baseline -0.001 -8"><span class='ocrx_word' id='word_1_457' title='bbox 1278 1117 1370 1137; x_wconf 73' lang='lat' dir='ltr'>vocem</span> <span class='ocrx_word' id='word_1_458' title='bbox 1393 1108 1521 1142; x_wconf 73' lang='lat' dir='ltr'>audivit,</span> <span class='ocrx_word' id='word_1_459' title='bbox 1543 1108 1609 1145; x_wconf 81' lang='lat' dir='ltr'>quia</span> <span class='ocrx_word' id='word_1_460' title='bbox 1631 1108 1749 1137; x_wconf 89' lang='lat' dir='ltr'>multum</span> <span class='ocrx_word' id='word_1_461' title='bbox 1772 1108 1822 1136; x_wconf 87' lang='lat' dir='ltr'>sibi</span> <span class='ocrx_word' id='word_1_462' title='bbox 1844 1107 1987 1136; x_wconf 83' lang='lat' dir='ltr'>familiaris</span> <span class='ocrx_word' id='word_1_463' title='bbox 2009 1115 2057 1144; x_wconf 87' lang='lat' dir='ltr'>per</span> <span class='ocrx_word' id='word_1_464' title='bbox 2072 1107 2126 1136; x_wconf 89' lang='lat' dir='ltr'>ele—</span> 
     </span>
     <span class='ocr_line' id='line_1_65' title="bbox 1277 1153 2124 1192; baseline -0.002 -8"><span class='ocrx_word' id='word_1_465' title='bbox 1277 1159 1354 1184; x_wconf 82' lang='lat' dir='ltr'>vatae</span> <span class='ocrx_word' id='word_1_466' title='bbox 1387 1155 1485 1184; x_wconf 86' lang='lat' dir='ltr'>mentis</span> <span class='ocrx_word' id='word_1_467' title='bbox 1517 1155 1701 1184; x_wconf 85' lang='lat' dir='ltr'>serenitatem.</span> <span class='ocrx_word' id='word_1_468' title='bbox 1732 1154 1807 1183; x_wconf 90' lang='lat' dir='ltr'>Unde</span> <span class='ocrx_word' id='word_1_469' title='bbox 1838 1155 1872 1183; x_wconf 89' lang='lat' dir='ltr'>de</span> <span class='ocrx_word' id='word_1_470' title='bbox 1902 1154 1962 1192; x_wconf 89' lang='lat' dir='ltr'>ipso</span> <span class='ocrx_word' id='word_1_471' title='bbox 1984 1154 2052 1183; x_wconf 88' lang='lat' dir='ltr'>illud</span> <span class='ocrx_word' id='word_1_472' title='bbox 2073 1153 2124 1182; x_wconf 85' lang='lat' dir='ltr'>dici</span> 
     </span>
     <span class='ocr_line' id='line_1_66' title="bbox 1277 1200 2126 1241; baseline -0.004 -10"><span class='ocrx_word' id='word_1_473' title='bbox 1277 1206 1381 1239; x_wconf 82' lang='lat' dir='ltr'>potest:</span> <span class='ocrx_word' id='word_1_474' title='bbox 1406 1202 1589 1241; x_wconf 79' lang='lat' dir='ltr'>Loquebacar</span> <span class='ocrx_word' id='word_1_475' title='bbox 1613 1202 1756 1230; x_wconf 78' lang='lat' dir='ltr'>Dominus</span> <span class='ocrx_word' id='word_1_476' title='bbox 1777 1202 1818 1230; x_wconf 74' lang='lat' dir='ltr'>acl</span> <span class='ocrx_word' id='word_1_477' title='bbox 1838 1201 1956 1240; x_wconf 78' lang='lat' dir='ltr'>Moysen</span> <span class='ocrx_word' id='word_1_478' title='bbox 1986 1200 2064 1239; x_wconf 80' lang='lat' dir='ltr'>facie</span> <span class='ocrx_word' id='word_1_479' title='bbox 2086 1201 2126 1229; x_wconf 75' lang='lat' dir='ltr'>aa</span> 
     </span>
     <span class='ocr_line' id='line_1_67' title="bbox 1276 1248 2124 1287; baseline -0.002 -9"><span class='ocrx_word' id='word_1_480' title='bbox 1276 1248 1393 1287; x_wconf 73' lang='lat' dir='ltr'>faeiem,</span> <span class='ocrx_word' id='word_1_481' title='bbox 1415 1250 1490 1278; x_wconf 76' lang='lat' dir='ltr'>sicul</span> <span class='ocrx_word' id='word_1_482' title='bbox 1510 1249 1579 1278; x_wconf 79' lang='lat' dir='ltr'>solet</span> <span class='ocrx_word' id='word_1_483' title='bbox 1600 1249 1679 1287; x_wconf 83' lang='lat' dir='ltr'>loqui</span> <span class='ocrx_word' id='word_1_484' title='bbox 1700 1248 1783 1277; x_wconf 78' lang='lat' dir='ltr'>homo</span> <span class='ocrx_word' id='word_1_485' title='bbox 1805 1249 1845 1277; x_wconf 75' lang='lat' dir='ltr'>acl</span> <span class='ocrx_word' id='word_1_486' title='bbox 1876 1249 2005 1277; x_wconf 82' lang='lat' dir='ltr'>amicum</span> <span class='ocrx_word' id='word_1_487' title='bbox 2027 1257 2124 1277; x_wconf 79' lang='lat' dir='ltr'>suum.</span> 
     </span>
     <span class='ocr_line' id='line_1_68' title="bbox 1278 1295 2125 1333; baseline -0.001 -8"><span class='ocrx_word' id='word_1_488' title='bbox 1278 1298 1398 1333; x_wconf 82' lang='lat' dir='ltr'>Moyses,</span> <span class='ocrx_word' id='word_1_489' title='bbox 1421 1300 1518 1333; x_wconf 85' lang='lat' dir='ltr'>raptus</span> <span class='ocrx_word' id='word_1_490' title='bbox 1538 1297 1572 1325; x_wconf 85' lang='lat' dir='ltr'>de</span> <span class='ocrx_word' id='word_1_491' title='bbox 1596 1296 1689 1333; x_wconf 86' lang='lat' dir='ltr'>aquis,</span> <span class='ocrx_word' id='word_1_492' title='bbox 1711 1296 1887 1330; x_wconf 85' lang='lat' dir='ltr'>Franciscus,</span> <span class='ocrx_word' id='word_1_493' title='bbox 1909 1296 1943 1324; x_wconf 92' lang='lat' dir='ltr'>de</span> <span class='ocrx_word' id='word_1_494' title='bbox 1972 1295 2125 1324; x_wconf 85' lang='lat' dir='ltr'>mundanae</span> 
     </span>
     <span class='ocr_line' id='line_1_69' title="bbox 1277 1342 2126 1380; baseline -0.002 -8"><span class='ocrx_word' id='word_1_495' title='bbox 1277 1344 1494 1372; x_wconf 86' lang='lat' dir='ltr'>conversationis</span> <span class='ocrx_word' id='word_1_496' title='bbox 1508 1343 1656 1377; x_wconf 80' lang='lat' dir='ltr'>fluctibus,</span> <span class='ocrx_word' id='word_1_497' title='bbox 1671 1351 1753 1380; x_wconf 88' lang='lat' dir='ltr'>quem</span> <span class='ocrx_word' id='word_1_498' title='bbox 1771 1342 1904 1371; x_wconf 90' lang='lat' dir='ltr'>Dominus</span> <span class='ocrx_word' id='word_1_499' title='bbox 1919 1342 1992 1371; x_wconf 88' lang='lat' dir='ltr'>misit</span> <span class='ocrx_word' id='word_1_500' title='bbox 2006 1343 2034 1371; x_wconf 89' lang='lat' dir='ltr'>in</span> <span class='ocrx_word' id='word_1_501' title='bbox 2050 1342 2126 1379; x_wconf 82' lang='lat' dir='ltr'>virga</span> 
     </span>
     <span class='ocr_line' id='line_1_70' title="bbox 1277 1389 2125 1427; baseline -0.001 -8"><span class='ocrx_word' id='word_1_502' title='bbox 1277 1391 1369 1419; x_wconf 83' lang='lat' dir='ltr'>crucis</span> <span class='ocrx_word' id='word_1_503' title='bbox 1400 1391 1518 1419; x_wconf 86' lang='lat' dir='ltr'>educere</span> <span class='ocrx_word' id='word_1_504' title='bbox 1550 1390 1683 1427; x_wconf 88' lang='lat' dir='ltr'>populum</span> <span class='ocrx_word' id='word_1_505' title='bbox 1714 1390 1748 1419; x_wconf 91' lang='lat' dir='ltr'>de</span> <span class='ocrx_word' id='word_1_506' title='bbox 1779 1390 1925 1427; x_wconf 66' lang='lat' dir='ltr'>AegyptoS</span> <span class='ocrx_word' id='word_1_507' title='bbox 1946 1389 2077 1418; x_wconf 82' lang='lat' dir='ltr'>vitiorum</span> <span class='ocrx_word' id='word_1_508' title='bbox 2099 1389 2125 1418; x_wconf 90' lang='lat' dir='ltr'>in</span> 
     </span>
     <span class='ocr_line' id='line_1_71' title="bbox 1277 1436 2236 1484; baseline -0.001 -19"><span class='ocrx_word' id='word_1_509' title='bbox 1277 1436 1418 1465; x_wconf 85' lang='lat' dir='ltr'>desertum</span> <span class='ocrx_word' id='word_1_510' title='bbox 1448 1436 1594 1473; x_wconf 80' lang='lat' dir='ltr'>Religionis</span> <span class='ocrx_word' id='word_1_511' title='bbox 1618 1436 1764 1464; x_wconf 88' lang='lat' dir='ltr'>Minorum.</span> <span class='ocrx_word' id='word_1_512' title='bbox 1787 1452 1825 1456; x_wconf 91' lang='lat'>—</span> <span class='ocrx_word' id='word_1_513' title='bbox 1845 1436 1885 1465; x_wconf 89' lang='lat' dir='ltr'>De</span> <span class='ocrx_word' id='word_1_514' title='bbox 1905 1439 2022 1473; x_wconf 80' lang='lat' dir='ltr'>quarto,</span> <span class='ocrx_word' id='word_1_515' title='bbox 2045 1437 2124 1473; x_wconf 85' lang='lat' dir='ltr'>primi</span> <span class='ocrx_word' id='word_1_516' title='bbox 2139 1440 2236 1484; x_wconf 52' lang='lat' dir='ltr'>ffissssfffflfi</span> 
     </span>
     <span class='ocr_line' id='line_1_72' title="bbox 1278 1482 2127 1512; baseline -0.001 0"><span class='ocrx_word' id='word_1_517' title='bbox 1278 1484 1506 1512; x_wconf 81' lang='lat' dir='ltr'>Machahaeorum</span> <span class='ocrx_word' id='word_1_518' title='bbox 1529 1483 1634 1512; x_wconf 81' lang='lat' dir='ltr'>decimo</span> <span class='ocrx_word' id='word_1_519' title='bbox 1647 1483 1673 1511; x_wconf 77' lang='lat'>⁰:</span> <span class='ocrx_word' id='word_1_520' title='bbox 1697 1483 1865 1512; x_wconf 71' lang='lat' dir='ltr'>Alexander</span> <span class='ocrx_word' id='word_1_521' title='bbox 1885 1483 1967 1512; x_wconf 78' lang='lat' dir='ltr'>misit</span> <span class='ocrx_word' id='word_1_522' title='bbox 1989 1482 2127 1512; x_wconf 81' lang='lat' dir='ltr'>Ionalbae</span> 
     </span>
     <span class='ocr_line' id='line_1_73' title="bbox 1274 1534 2127 1569; baseline 0 -10"><span class='ocrx_word' id='word_1_523' title='bbox 1274 1540 1448 1568; x_wconf 72' lang='lat' dir='ltr'>piu-puram</span> <span class='ocrx_word' id='word_1_524' title='bbox 1469 1535 1494 1560; x_wconf 81' lang='lat' dir='ltr'>el</span> <span class='ocrx_word' id='word_1_525' title='bbox 1524 1538 1664 1559; x_wconf 75' lang='lat' dir='ltr'>coronam</span> <span class='ocrx_word' id='word_1_526' title='bbox 1696 1539 1838 1565; x_wconf 76' lang='lat' dir='ltr'>auream,</span> <span class='ocrx_word' id='word_1_527' title='bbox 1862 1535 1894 1559; x_wconf 71' lang='lat' dir='ltr'>ui</span> <span class='ocrx_word' id='word_1_528' title='bbox 1918 1539 1993 1569; x_wconf 83' lang='lat' dir='ltr'>quae</span> <span class='ocrx_word' id='word_1_529' title='bbox 2025 1534 2127 1559; x_wconf 79' lang='lat' dir='ltr'>nostra</span> 
     </span>
     <span class='ocr_line' id='line_1_74' title="bbox 1276 1577 2127 1615; baseline 0 -9"><span class='ocrx_word' id='word_1_530' title='bbox 1276 1582 1346 1607; x_wconf 77' lang='lat' dir='ltr'>sant</span> <span class='ocrx_word' id='word_1_531' title='bbox 1366 1579 1481 1612; x_wconf 75' lang='lat' dir='ltr'>sentiat,</span> <span class='ocrx_word' id='word_1_532' title='bbox 1505 1578 1608 1615; x_wconf 85' lang='lat' dir='ltr'>inquit,</span> <span class='ocrx_word' id='word_1_533' title='bbox 1631 1578 1790 1606; x_wconf 80' lang='lat' dir='ltr'>nobiseum.</span> <span class='ocrx_word' id='word_1_534' title='bbox 1806 1577 1970 1612; x_wconf 79' lang='lat' dir='ltr'>Alexander,</span> <span class='ocrx_word' id='word_1_535' title='bbox 1985 1577 2127 1606; x_wconf 74' lang='lat' dir='ltr'>allevians</span> 
     </span>
     <span class='ocr_line' id='line_1_75' title="bbox 1278 1624 2125 1662; baseline -0.001 -8"><span class='ocrx_word' id='word_1_536' title='bbox 1278 1625 1425 1659; x_wconf 77' lang='lat' dir='ltr'>tenebras,</span> <span class='ocrx_word' id='word_1_537' title='bbox 1458 1626 1600 1659; x_wconf 79' lang='lat' dir='ltr'>Christus3</span> <span class='ocrx_word' id='word_1_538' title='bbox 1629 1625 1725 1659; x_wconf 77' lang='lat' dir='ltr'>misit,</span> <span class='ocrx_word' id='word_1_539' title='bbox 1755 1624 1914 1659; x_wconf 82' lang='lat' dir='ltr'>Francisco,</span> <span class='ocrx_word' id='word_1_540' title='bbox 1933 1633 2125 1662; x_wconf 71' lang='lat' dir='ltr'>purpuram,</span> 
     </span>
     <span class='ocr_line' id='line_1_76' title="bbox 1278 1671 2125 1709; baseline -0.001 -8"><span class='ocrx_word' id='word_1_541' title='bbox 1278 1672 1411 1709; x_wconf 84' lang='lat' dir='ltr'>passionis</span> <span class='ocrx_word' id='word_1_542' title='bbox 1433 1680 1499 1701; x_wconf 86' lang='lat' dir='ltr'>suae</span> <span class='ocrx_word' id='word_1_543' title='bbox 1521 1672 1735 1709; x_wconf 76' lang='lat' dir='ltr'>iiisigiiia,(l11m</span> <span class='ocrx_word' id='word_1_544' title='bbox 1750 1671 1801 1700; x_wconf 87' lang='lat' dir='ltr'>sihi</span> <span class='ocrx_word' id='word_1_545' title='bbox 1824 1671 1963 1708; x_wconf 87' lang='lat' dir='ltr'>impressit</span> <span class='ocrx_word' id='word_1_546' title='bbox 1978 1671 2125 1700; x_wconf 87' lang='lat' dir='ltr'>vulnerum</span> 
     </span>
     <span class='ocr_line' id='line_1_77' title="bbox 1277 1717 2125 1756; baseline 0 -9"><span class='ocrx_word' id='word_1_547' title='bbox 1277 1727 1392 1747; x_wconf 83' lang='lat' dir='ltr'>suorum</span> <span class='ocrx_word' id='word_1_548' title='bbox 1415 1719 1551 1756; x_wconf 80' lang='lat' dir='ltr'>stigmata.</span> <span class='ocrx_word' id='word_1_549' title='bbox 1584 1718 1659 1747; x_wconf 88' lang='lat' dir='ltr'>Unde</span> <span class='ocrx_word' id='word_1_550' title='bbox 1691 1719 1743 1747; x_wconf 84' lang='lat' dir='ltr'>hoc</span> <span class='ocrx_word' id='word_1_551' title='bbox 1774 1717 1954 1755; x_wconf 86' lang='lat' dir='ltr'>apostolicum</span> <span class='ocrx_word' id='word_1_552' title='bbox 1984 1718 2054 1747; x_wconf 89' lang='lat' dir='ltr'>bene</span> <span class='ocrx_word' id='word_1_553' title='bbox 2075 1718 2125 1747; x_wconf 88' lang='lat' dir='ltr'>sibi</span> 
     </span>
     <span class='ocr_line' id='line_1_78' title="bbox 1277 1765 2126 1803; baseline 0 -9"><span class='ocrx_word' id='word_1_554' title='bbox 1277 1767 1422 1803; x_wconf 82' lang='lat' dir='ltr'>competit:</span> <span class='ocrx_word' id='word_1_555' title='bbox 1445 1766 1592 1803; x_wconf 72' lang='lat' dir='ltr'>Sligymala</span> <span class='ocrx_word' id='word_1_556' title='bbox 1616 1765 1734 1794; x_wconf 85' lang='lat' dir='ltr'>Domini</span> <span class='ocrx_word' id='word_1_557' title='bbox 1764 1766 1830 1794; x_wconf 88' lang='lat' dir='ltr'>Iesu</span> <span class='ocrx_word' id='word_1_558' title='bbox 1862 1765 1894 1794; x_wconf 84' lang='lat' dir='ltr'>in</span> <span class='ocrx_word' id='word_1_559' title='bbox 1925 1774 2045 1802; x_wconf 83' lang='lat' dir='ltr'>corpore</span> <span class='ocrx_word' id='word_1_560' title='bbox 2066 1774 2126 1794; x_wconf 87' lang='lat' dir='ltr'>meo</span> 
     </span>
     <span class='ocr_line' id='line_1_79' title="bbox 1274 1813 2126 1851; baseline -0.001 -9"><span class='ocrx_word' id='word_1_561' title='bbox 1274 1818 1368 1851; x_wconf 76' lang='lat' dir='ltr'>porco.</span> <span class='ocrx_word' id='word_1_562' title='bbox 1392 1831 1429 1834; x_wconf 85' lang='lat'>—</span> <span class='ocrx_word' id='word_1_563' title='bbox 1451 1814 1493 1842; x_wconf 81' lang='lat' dir='ltr'>Sic</span> <span class='ocrx_word' id='word_1_564' title='bbox 1515 1821 1581 1850; x_wconf 82' lang='lat' dir='ltr'>ergo</span> <span class='ocrx_word' id='word_1_565' title='bbox 1603 1813 1654 1842; x_wconf 90' lang='lat' dir='ltr'>iste</span> <span class='ocrx_word' id='word_1_566' title='bbox 1686 1813 1792 1842; x_wconf 87' lang='lat' dir='ltr'>amicus</span> <span class='ocrx_word' id='word_1_567' title='bbox 1823 1813 1924 1842; x_wconf 89' lang='lat' dir='ltr'>Christi</span> <span class='ocrx_word' id='word_1_568' title='bbox 1957 1813 2009 1842; x_wconf 83' lang='lat' dir='ltr'>fuit</span> <span class='ocrx_word' id='word_1_569' title='bbox 2033 1813 2126 1850; x_wconf 72' lang='lat' dir='ltr'>fidelis</span> 
     </span>
     <span class='ocr_line' id='line_1_80' title="bbox 1277 1859 2125 1898; baseline -0.001 -9"><span class='ocrx_word' id='word_1_570' title='bbox 1277 1861 1304 1889; x_wconf 91' lang='lat' dir='ltr'>in</span> <span class='ocrx_word' id='word_1_571' title='bbox 1326 1861 1489 1895; x_wconf 88' lang='lat' dir='ltr'>commisso,</span> <span class='ocrx_word' id='word_1_572' title='bbox 1512 1861 1666 1889; x_wconf 75' lang='lat' dir='ltr'>unanimis</span> <span class='ocrx_word' id='word_1_573' title='bbox 1688 1860 1715 1888; x_wconf 91' lang='lat' dir='ltr'>in</span> <span class='ocrx_word' id='word_1_574' title='bbox 1737 1861 1895 1897; x_wconf 87' lang='lat' dir='ltr'>proposito,</span> <span class='ocrx_word' id='word_1_575' title='bbox 1916 1859 2084 1898; x_wconf 81' lang='lat' dir='ltr'>familiaris</span> <span class='ocrx_word' id='word_1_576' title='bbox 2099 1860 2125 1888; x_wconf 90' lang='lat' dir='ltr'>in</span> 
     </span>
     <span class='ocr_line' id='line_1_81' title="bbox 1277 1906 1900 1945; baseline -0.003 -8"><span class='ocrx_word' id='word_1_577' title='bbox 1277 1908 1472 1942; x_wconf 81' lang='lat' dir='ltr'>contubernio,</span> <span class='ocrx_word' id='word_1_578' title='bbox 1496 1906 1657 1945; x_wconf 81' lang='lat' dir='ltr'>conformis</span> <span class='ocrx_word' id='word_1_579' title='bbox 1679 1907 1706 1935; x_wconf 92' lang='lat' dir='ltr'>in</span> <span class='ocrx_word' id='word_1_580' title='bbox 1728 1911 1900 1936; x_wconf 87' lang='lat' dir='ltr'>ornamento.</span> 
     </span>
    </p>

    <p class='ocr_par' dir='ltr' id='par_1_50' title="bbox 1275 1955 2233 2556">
     <span class='ocr_line' id='line_1_82' title="bbox 1357 1955 2233 2000; baseline -0.001 -17"><span class='ocrx_word' id='word_1_581' title='bbox 1357 1956 1384 1983; x_wconf 95' lang='lat' dir='ltr'>ll.</span> <span class='ocrx_word' id='word_1_582' title='bbox 1408 1955 1463 1983; x_wconf 86' lang='lat' dir='ltr'>Tali</span> <span class='ocrx_word' id='word_1_583' title='bbox 1486 1963 1552 1992; x_wconf 85' lang='lat' dir='ltr'>ergo</span> <span class='ocrx_word' id='word_1_584' title='bbox 1581 1955 1698 1983; x_wconf 89' lang='lat' dir='ltr'>dicitur:</span> <span class='ocrx_word' id='word_1_585' title='bbox 1732 1955 1876 1983; x_wconf 74' lang='lat' dir='ltr'>Ascende:</span> <span class='ocrx_word' id='word_1_586' title='bbox 1903 1963 1957 1991; x_wconf 79' lang='lat' dir='ltr'>per</span> <span class='ocrx_word' id='word_1_587' title='bbox 1979 1962 2037 1989; x_wconf 84' lang='lat' dir='ltr'>ine,</span> <span class='ocrx_word' id='word_1_588' title='bbox 2061 1958 2126 1991; x_wconf 74' lang='lat' dir='ltr'>post</span> <span class='ocrx_word' id='word_1_589' title='bbox 2143 1957 2233 2000; x_wconf 45' lang='lat' dir='ltr'>rrffssssitssss</span> 
     </span>
     <span class='ocr_line' id='line_1_83' title="bbox 1279 1994 2233 2039; baseline -0.001 -8"><span class='ocrx_word' id='word_1_590' title='bbox 1279 2011 1337 2037; x_wconf 84' lang='lat' dir='ltr'>me,</span> <span class='ocrx_word' id='word_1_591' title='bbox 1360 2002 1400 2031; x_wconf 72' lang='lat' dir='ltr'>ad</span> <span class='ocrx_word' id='word_1_592' title='bbox 1420 2010 1479 2037; x_wconf 83' lang='lat' dir='ltr'>me,</span> <span class='ocrx_word' id='word_1_593' title='bbox 1499 2006 1621 2039; x_wconf 77' lang='lat' dir='ltr'>propter</span> <span class='ocrx_word' id='word_1_594' title='bbox 1641 2010 1700 2030; x_wconf 82' lang='lat' dir='ltr'>nie:</span> <span class='ocrx_word' id='word_1_595' title='bbox 1723 2009 1773 2039; x_wconf 89' lang='lat' dir='ltr'>per</span> <span class='ocrx_word' id='word_1_596' title='bbox 1795 2009 1853 2036; x_wconf 87' lang='lat' dir='ltr'>me,</span> <span class='ocrx_word' id='word_1_597' title='bbox 1877 2002 1920 2039; x_wconf 87' lang='lat' dir='ltr'>pie</span> <span class='ocrx_word' id='word_1_598' title='bbox 1941 2001 2123 2030; x_wconf 85' lang='lat' dir='ltr'>invocandum</span> <span class='ocrx_word' id='word_1_599' title='bbox 2168 1994 2233 2024; x_wconf 53' lang='lat' dir='ltr'>&#39;vius</span> 
     </span>
     <span class='ocr_line' id='line_1_84' title="bbox 1278 2048 2126 2087; baseline -0.002 -8"><span class='ocrx_word' id='word_1_600' title='bbox 1278 2058 1326 2087; x_wconf 90' lang='lat' dir='ltr'>per</span> <span class='ocrx_word' id='word_1_601' title='bbox 1348 2050 1516 2084; x_wconf 55' lang='lat' dir='ltr'>orationenn</span> <span class='ocrx_word' id='word_1_602' title='bbox 1540 2052 1600 2086; x_wconf 90' lang='lat' dir='ltr'>post</span> <span class='ocrx_word' id='word_1_603' title='bbox 1631 2057 1690 2083; x_wconf 88' lang='lat' dir='ltr'>me,</span> <span class='ocrx_word' id='word_1_604' title='bbox 1723 2056 1856 2086; x_wconf 80' lang='lat' dir='ltr'>expresse</span> <span class='ocrx_word' id='word_1_605' title='bbox 1887 2048 2050 2077; x_wconf 83' lang='lat' dir='ltr'>imitandum</span> <span class='ocrx_word' id='word_1_606' title='bbox 2078 2056 2126 2085; x_wconf 86' lang='lat' dir='ltr'>per</span> 
     </span>
     <span class='ocr_line' id='line_1_85' title="bbox 1278 2095 2126 2133; baseline -0.001 -8"><span class='ocrx_word' id='word_1_607' title='bbox 1278 2097 1528 2131; x_wconf 59' lang='lat' dir='ltr'>conversationem</span> <span class='ocrx_word' id='word_1_608' title='bbox 1551 2096 1584 2125; x_wconf 86' lang='lat' dir='ltr'>ad</span> <span class='ocrx_word' id='word_1_609' title='bbox 1606 2104 1658 2129; x_wconf 88' lang='lat' dir='ltr'>me,</span> <span class='ocrx_word' id='word_1_610' title='bbox 1683 2096 1823 2133; x_wconf 85' lang='lat' dir='ltr'>praeclare</span> <span class='ocrx_word' id='word_1_611' title='bbox 1855 2095 2053 2133; x_wconf 82' lang='lat' dir='ltr'>speculandum</span> <span class='ocrx_word' id='word_1_612' title='bbox 2077 2103 2126 2132; x_wconf 84' lang='lat' dir='ltr'>per</span> 
     </span>
     <span class='ocr_line' id='line_1_86' title="bbox 1277 2142 2126 2180; baseline -0.001 -8"><span class='ocrx_word' id='word_1_613' title='bbox 1277 2143 1552 2180; x_wconf 86' lang='lat' dir='ltr'>contemplationem;</span> <span class='ocrx_word' id='word_1_614' title='bbox 1576 2147 1689 2180; x_wconf 88' lang='lat' dir='ltr'>propter</span> <span class='ocrx_word' id='word_1_615' title='bbox 1722 2151 1780 2177; x_wconf 87' lang='lat' dir='ltr'>me,</span> <span class='ocrx_word' id='word_1_616' title='bbox 1803 2143 1922 2171; x_wconf 82' lang='lat' dir='ltr'>finaliter</span> <span class='ocrx_word' id='word_1_617' title='bbox 1944 2142 2126 2179; x_wconf 86' lang='lat' dir='ltr'>comprehen-</span> 
     </span>
     <span class='ocr_line' id='line_1_87' title="bbox 1277 2190 2223 2236; baseline -0.001 -17"><span class='ocrx_word' id='word_1_618' title='bbox 1277 2191 1396 2219; x_wconf 90' lang='lat' dir='ltr'>dendum</span> <span class='ocrx_word' id='word_1_619' title='bbox 1420 2198 1469 2227; x_wconf 88' lang='lat' dir='ltr'>per</span> <span class='ocrx_word' id='word_1_620' title='bbox 1490 2191 1726 2227; x_wconf 81' lang='lat' dir='ltr'>glorificationem.</span> <span class='ocrx_word' id='word_1_621' title='bbox 1743 2206 1780 2210; x_wconf 90' lang='lat'>—</span> <span class='ocrx_word' id='word_1_622' title='bbox 1803 2190 1841 2219; x_wconf 92' lang='lat' dir='ltr'>De</span> <span class='ocrx_word' id='word_1_623' title='bbox 1863 2190 1952 2227; x_wconf 90' lang='lat' dir='ltr'>primo</span> <span class='ocrx_word' id='word_1_624' title='bbox 1974 2190 2124 2227; x_wconf 76' lang='lat' dir='ltr'>figuratum</span> <span class='ocrx_word' id='word_1_625' title='bbox 2139 2193 2223 2236; x_wconf 54' lang='lat' dir='ltr'>Aseegfg</span> 
     </span>
     <span class='ocr_line' id='line_1_88' title="bbox 1277 2237 2126 2271; baseline -0.001 -5"><span class='ocrx_word' id='word_1_626' title='bbox 1277 2241 1318 2266; x_wconf 90' lang='lat' dir='ltr'>est</span> <span class='ocrx_word' id='word_1_627' title='bbox 1340 2238 1365 2266; x_wconf 93' lang='lat' dir='ltr'>in</span> <span class='ocrx_word' id='word_1_628' title='bbox 1388 2237 1484 2266; x_wconf 82' lang='lat' dir='ltr'>Genesi</span> <span class='ocrx_word' id='word_1_629' title='bbox 1499 2238 1530 2271; x_wconf 76' lang='lat'>¹⁰,</span> <span class='ocrx_word' id='word_1_630' title='bbox 1546 2237 1592 2265; x_wconf 92' lang='lat' dir='ltr'>uhi</span> <span class='ocrx_word' id='word_1_631' title='bbox 1612 2237 1696 2265; x_wconf 83' lang='lat' dir='ltr'>Iacob</span> <span class='ocrx_word' id='word_1_632' title='bbox 1710 2237 1783 2265; x_wconf 73' lang='lat' dir='ltr'>vidit</span> <span class='ocrx_word' id='word_1_633' title='bbox 1804 2237 1931 2271; x_wconf 82' lang='lat' dir='ltr'>scalam,</span> <span class='ocrx_word' id='word_1_634' title='bbox 1948 2237 2034 2265; x_wconf 87' lang='lat' dir='ltr'>cuius</span> <span class='ocrx_word' id='word_1_635' title='bbox 2050 2244 2126 2265; x_wconf 90' lang='lat' dir='ltr'>sum-</span> 
     </span>
     <span class='ocr_line' id='line_1_89' title="bbox 1278 2284 2126 2321; baseline -0.001 -8"><span class='ocrx_word' id='word_1_636' title='bbox 1278 2285 1358 2313; x_wconf 85' lang='lat' dir='ltr'>mitas</span> <span class='ocrx_word' id='word_1_637' title='bbox 1379 2284 1471 2312; x_wconf 84' lang='lat' dir='ltr'>caelos</span> <span class='ocrx_word' id='word_1_638' title='bbox 1504 2284 1655 2321; x_wconf 71' lang='lat' dir='ltr'>lanyebal,</span> <span class='ocrx_word' id='word_1_639' title='bbox 1685 2287 1711 2312; x_wconf 88' lang='lat' dir='ltr'>et</span> <span class='ocrx_word' id='word_1_640' title='bbox 1741 2284 1865 2321; x_wconf 72' lang='lat' dir='ltr'>Anqclos</span> <span class='ocrx_word' id='word_1_641' title='bbox 1896 2284 2080 2312; x_wconf 75' lang='lat' dir='ltr'>ascendentes</span> <span class='ocrx_word' id='word_1_642' title='bbox 2100 2288 2126 2312; x_wconf 77' lang='lat' dir='ltr'>et</span> 
     </span>
     <span class='ocr_line' id='line_1_90' title="bbox 1277 2331 2126 2360; baseline 0 -1"><span class='ocrx_word' id='word_1_643' title='bbox 1277 2331 1483 2360; x_wconf 75' lang='lat' dir='ltr'>descendentes.</span> <span class='ocrx_word' id='word_1_644' title='bbox 1506 2331 1633 2360; x_wconf 88' lang='lat' dir='ltr'>Christus</span> <span class='ocrx_word' id='word_1_645' title='bbox 1662 2334 1703 2360; x_wconf 90' lang='lat' dir='ltr'>est</span> <span class='ocrx_word' id='word_1_646' title='bbox 1733 2331 1816 2359; x_wconf 85' lang='lat' dir='ltr'>scala</span> <span class='ocrx_word' id='word_1_647' title='bbox 1846 2331 1999 2359; x_wconf 85' lang='lat' dir='ltr'>secundum</span> <span class='ocrx_word' id='word_1_648' title='bbox 2030 2331 2126 2359; x_wconf 83' lang='lat' dir='ltr'>huma-</span> 
     </span>
     <span class='ocr_line' id='line_1_91' title="bbox 1277 2378 2126 2416; baseline -0.001 -9"><span class='ocrx_word' id='word_1_649' title='bbox 1277 2379 1389 2407; x_wconf 86' lang='lat' dir='ltr'>nitatem</span> <span class='ocrx_word' id='word_1_650' title='bbox 1423 2383 1534 2407; x_wconf 80' lang='lat' dir='ltr'>lerram</span> <span class='ocrx_word' id='word_1_651' title='bbox 1563 2383 1701 2416; x_wconf 47' lang='lat' dir='ltr'>langen&amp;</span> <span class='ocrx_word' id='word_1_652' title='bbox 1730 2378 1883 2407; x_wconf 89' lang='lat' dir='ltr'>secundum</span> <span class='ocrx_word' id='word_1_653' title='bbox 1916 2378 2048 2407; x_wconf 76' lang='lat' dir='ltr'>Deitatenl</span> <span class='ocrx_word' id='word_1_654' title='bbox 2080 2386 2126 2407; x_wconf 90' lang='lat' dir='ltr'>su-</span> 
     </span>
     <span class='ocr_line' id='line_1_92' title="bbox 1277 2425 2125 2462; baseline -0.001 -8"><span class='ocrx_word' id='word_1_655' title='bbox 1277 2434 1326 2462; x_wconf 85' lang='lat' dir='ltr'>per</span> <span class='ocrx_word' id='word_1_656' title='bbox 1347 2426 1436 2454; x_wconf 85' lang='lat' dir='ltr'>caelos</span> <span class='ocrx_word' id='word_1_657' title='bbox 1457 2426 1590 2454; x_wconf 89' lang='lat' dir='ltr'>eminens.</span> <span class='ocrx_word' id='word_1_658' title='bbox 1614 2425 1663 2454; x_wconf 90' lang='lat' dir='ltr'>Per</span> <span class='ocrx_word' id='word_1_659' title='bbox 1686 2426 1755 2454; x_wconf 84' lang='lat' dir='ltr'>hanc</span> <span class='ocrx_word' id='word_1_660' title='bbox 1778 2425 1822 2453; x_wconf 88' lang='lat' dir='ltr'>hic</span> <span class='ocrx_word' id='word_1_661' title='bbox 1847 2425 1963 2454; x_wconf 88' lang='lat' dir='ltr'>Sanctus</span> <span class='ocrx_word' id='word_1_662' title='bbox 1989 2425 2125 2457; x_wconf 82' lang='lat' dir='ltr'>ascendit;</span> 
     </span>
     <span class='ocr_line' id='line_1_93' title="bbox 1276 2472 2126 2510; baseline 0 -10"><span class='ocrx_word' id='word_1_663' title='bbox 1276 2472 1452 2501; x_wconf 87' lang='lat' dir='ltr'>Canticorum</span> <span class='ocrx_word' id='word_1_664' title='bbox 1486 2472 1583 2501; x_wconf 88' lang='lat' dir='ltr'>tertio:</span> <span class='ocrx_word' id='word_1_665' title='bbox 1619 2473 1700 2508; x_wconf 83' lang='lat' dir='ltr'>Quae</span> <span class='ocrx_word' id='word_1_666' title='bbox 1730 2476 1771 2501; x_wconf 75' lang='lat' dir='ltr'>est</span> <span class='ocrx_word' id='word_1_667' title='bbox 1803 2473 1859 2500; x_wconf 80' lang='lat' dir='ltr'>isla</span> <span class='ocrx_word' id='word_1_668' title='bbox 1890 2480 1965 2510; x_wconf 84' lang='lat' dir='ltr'>quae</span> <span class='ocrx_word' id='word_1_669' title='bbox 1996 2472 2126 2501; x_wconf 75' lang='lat' dir='ltr'>ascendit</span> 
     </span>
     <span class='ocr_line' id='line_1_94' title="bbox 1275 2518 2126 2556; baseline 0 -9"><span class='ocrx_word' id='word_1_670' title='bbox 1275 2528 1327 2556; x_wconf 83' lang='lat' dir='ltr'>per</span> <span class='ocrx_word' id='word_1_671' title='bbox 1348 2519 1514 2547; x_wconf 72' lang='lat' dir='ltr'>desertum?</span> <span class='ocrx_word' id='word_1_672' title='bbox 1536 2519 1734 2556; x_wconf 52' lang='lat' dir='ltr'>poenitentiam</span> <span class='ocrx_word' id='word_1_673' title='bbox 1756 2519 1831 2548; x_wconf 79' lang='lat' dir='ltr'>sicat</span> <span class='ocrx_word' id='word_1_674' title='bbox 1853 2518 1972 2556; x_wconf 63' lang='lat' dir='ltr'>virgula</span> <span class='ocrx_word' id='word_1_675' title='bbox 1993 2518 2073 2556; x_wconf 83' lang='lat' dir='ltr'>fumi</span> <span class='ocrx_word' id='word_1_676' title='bbox 2092 2527 2126 2547; x_wconf 69' lang='lat' dir='ltr'>ea·</span> 
     </span>
    </p>
   </div>
   <div class='ocr_carea' id='block_1_8' title="bbox 994 2610 1511 2615">
    <p class='ocr_par' dir='ltr' id='par_1_51' title="bbox 994 2610 1511 2615">
     <span class='ocr_line' id='line_1_95' title="bbox 994 2610 1511 2615; baseline 0 0"><span class='ocrx_word' id='word_1_677' title='bbox 994 2610 1511 2615; x_wconf 95' lang='lat' dir='ltr'> </span> 
     </span>
    </p>
   </div>
   <div class='ocr_carea' id='block_1_9' title="bbox 370 2674 1219 3017">
    <p class='ocr_par' dir='ltr' id='par_1_52' title="bbox 370 2674 1219 2940">
     <span class='ocr_line' id='line_1_96' title="bbox 434 2674 1219 2703; baseline -0.003 -5"><span class='ocrx_word' id='word_1_678' title='bbox 434 2675 441 2688; x_wconf 92' lang='lat'>¹</span> <span class='ocrx_word' id='word_1_679' title='bbox 460 2676 490 2698; x_wconf 82' lang='lat' dir='ltr'>Ex</span> <span class='ocrx_word' id='word_1_680' title='bbox 508 2676 560 2698; x_wconf 88' lang='lat' dir='ltr'>cod.</span> <span class='ocrx_word' id='word_1_681' title='bbox 578 2675 686 2697; x_wconf 83' lang='lat' dir='ltr'>Treceusi</span> <span class='ocrx_word' id='word_1_682' title='bbox 704 2681 728 2697; x_wconf 91' lang='lat' dir='ltr'>n.</span> <span class='ocrx_word' id='word_1_683' title='bbox 745 2674 828 2696; x_wconf 69' lang='grc'><strong>16464,</strong></span> <span class='ocrx_word' id='word_1_684' title='bbox 848 2675 885 2697; x_wconf 81' lang='lat' dir='ltr'>tol.</span> <span class='ocrx_word' id='word_1_685' title='bbox 903 2674 933 2696; x_wconf 87' lang='grc'>67</span> <span class='ocrx_word' id='word_1_686' title='bbox 951 2681 981 2702; x_wconf 70' lang='grc' dir='ltr'>ν.,</span> <span class='ocrx_word' id='word_1_687' title='bbox 998 2674 1037 2703; x_wconf 88' lang='lat' dir='ltr'>qui</span> <span class='ocrx_word' id='word_1_688' title='bbox 1051 2675 1135 2697; x_wconf 88' lang='lat' dir='ltr'>multos</span> <span class='ocrx_word' id='word_1_689' title='bbox 1147 2674 1219 2696; x_wconf 83' lang='lat' dir='ltr'>nostri</span> 
     </span>
     <span class='ocr_line' id='line_1_97' title="bbox 372 2713 1219 2743; baseline -0.002 -6"><span class='ocrx_word' id='word_1_690' title='bbox 372 2715 475 2737; x_wconf 81' lang='lat' dir='ltr'>Doctoris</span> <span class='ocrx_word' id='word_1_691' title='bbox 492 2721 611 2737; x_wconf 85' lang='lat' dir='ltr'>sermones</span> <span class='ocrx_word' id='word_1_692' title='bbox 628 2714 710 2741; x_wconf 84' lang='lat' dir='ltr'>habet,</span> <span class='ocrx_word' id='word_1_693' title='bbox 727 2714 786 2736; x_wconf 86' lang='lat' dir='ltr'>inter</span> <span class='ocrx_word' id='word_1_694' title='bbox 803 2720 863 2743; x_wconf 84' lang='lat' dir='ltr'>quos</span> <span class='ocrx_word' id='word_1_695' title='bbox 880 2713 948 2736; x_wconf 86' lang='lat' dir='ltr'>etiam</span> <span class='ocrx_word' id='word_1_696' title='bbox 967 2714 1003 2736; x_wconf 88' lang='lat' dir='ltr'>hic</span> <span class='ocrx_word' id='word_1_697' title='bbox 1020 2713 1138 2736; x_wconf 83' lang='lat' dir='ltr'>sententiis</span> <span class='ocrx_word' id='word_1_698' title='bbox 1156 2716 1178 2735; x_wconf 89' lang='lat' dir='ltr'>et</span> <span class='ocrx_word' id='word_1_699' title='bbox 1189 2714 1219 2736; x_wconf 92' lang='lat' dir='ltr'>lo-</span> 
     </span>
     <span class='ocr_line' id='line_1_98' title="bbox 370 2753 1219 2784; baseline -0.002 -7"><span class='ocrx_word' id='word_1_700' title='bbox 370 2755 456 2784; x_wconf 87' lang='lat' dir='ltr'>quendi</span> <span class='ocrx_word' id='word_1_701' title='bbox 474 2754 577 2777; x_wconf 84' lang='lat' dir='ltr'>formulis</span> <span class='ocrx_word' id='word_1_702' title='bbox 594 2754 693 2776; x_wconf 84' lang='lat' dir='ltr'>eundem</span> <span class='ocrx_word' id='word_1_703' title='bbox 712 2753 811 2776; x_wconf 85' lang='lat' dir='ltr'>insinuat</span> <span class='ocrx_word' id='word_1_704' title='bbox 827 2755 955 2775; x_wconf 82' lang='lat' dir='ltr'>auctorem.</span> <span class='ocrx_word' id='word_1_705' title='bbox 970 2765 999 2769; x_wconf 77' lang='lat'><em>—</em></span> <span class='ocrx_word' id='word_1_706' title='bbox 1012 2753 1032 2775; x_wconf 89' lang='lat' dir='ltr'>ln</span> <span class='ocrx_word' id='word_1_707' title='bbox 1051 2753 1219 2781; x_wconf 76' lang='lat' dir='ltr'>supplemento</span> 
     </span>
     <span class='ocr_line' id='line_1_99' title="bbox 371 2792 1219 2822; baseline -0.002 -6"><span class='ocrx_word' id='word_1_708' title='bbox 371 2794 454 2816; x_wconf 87' lang='lat' dir='ltr'>Bonelli</span> <span class='ocrx_word' id='word_1_709' title='bbox 473 2794 504 2816; x_wconf 91' lang='grc'><strong>111.</strong></span> <span class='ocrx_word' id='word_1_710' title='bbox 523 2794 566 2816; x_wconf 84' lang='lat' dir='ltr'>col.</span> <span class='ocrx_word' id='word_1_711' title='bbox 584 2794 629 2815; x_wconf 82' lang='lat'>688</span> <span class='ocrx_word' id='word_1_712' title='bbox 647 2799 712 2822; x_wconf 85' lang='lat' dir='ltr'>seqq.</span> <span class='ocrx_word' id='word_1_713' title='bbox 729 2793 776 2815; x_wconf 88' lang='lat' dir='ltr'>duo</span> <span class='ocrx_word' id='word_1_714' title='bbox 794 2798 836 2820; x_wconf 87' lang='lat' dir='ltr'>pro</span> <span class='ocrx_word' id='word_1_715' title='bbox 854 2792 936 2815; x_wconf 86' lang='lat' dir='ltr'>eadem</span> <span class='ocrx_word' id='word_1_716' title='bbox 954 2792 1099 2815; x_wconf 86' lang='lat' dir='ltr'>translatione</span> <span class='ocrx_word' id='word_1_717' title='bbox 1119 2792 1154 2814; x_wconf 87' lang='lat' dir='ltr'>alii</span> <span class='ocrx_word' id='word_1_718' title='bbox 1172 2798 1219 2815; x_wconf 86' lang='lat' dir='ltr'>ser-</span> 
     </span>
     <span class='ocr_line' id='line_1_100' title="bbox 371 2831 1219 2861; baseline -0.001 -6"><span class='ocrx_word' id='word_1_719' title='bbox 371 2839 451 2855; x_wconf 88' lang='lat' dir='ltr'>mones</span> <span class='ocrx_word' id='word_1_720' title='bbox 464 2833 569 2861; x_wconf 87' lang='lat' dir='ltr'>impressi</span> <span class='ocrx_word' id='word_1_721' title='bbox 582 2835 647 2861; x_wconf 78' lang='lat' dir='ltr'>sunt,</span> <span class='ocrx_word' id='word_1_722' title='bbox 665 2832 705 2861; x_wconf 85' lang='lat' dir='ltr'>qui</span> <span class='ocrx_word' id='word_1_723' title='bbox 721 2834 775 2855; x_wconf 88' lang='lat' dir='ltr'>sunt</span> <span class='ocrx_word' id='word_1_724' title='bbox 791 2832 859 2854; x_wconf 83' lang='lat' dir='ltr'>etiam</span> <span class='ocrx_word' id='word_1_725' title='bbox 877 2832 898 2854; x_wconf 91' lang='lat' dir='ltr'>in</span> <span class='ocrx_word' id='word_1_726' title='bbox 916 2832 953 2854; x_wconf 88' lang='lat' dir='ltr'>ed.</span> <span class='ocrx_word' id='word_1_727' title='bbox 965 2831 1017 2854; x_wconf 81' lang='lat' dir='ltr'>anni</span> <span class='ocrx_word' id='word_1_728' title='bbox 1036 2831 1104 2860; x_wconf 81' lang='lat' dir='ltr'>l502,</span> <span class='ocrx_word' id='word_1_729' title='bbox 1116 2831 1158 2854; x_wconf 90' lang='lat' dir='ltr'>sed</span> <span class='ocrx_word' id='word_1_730' title='bbox 1170 2838 1219 2860; x_wconf 88' lang='lat' dir='ltr'>per-</span> 
     </span>
     <span class='ocr_line' id='line_1_101' title="bbox 371 2870 1219 2900; baseline -0.001 -6"><span class='ocrx_word' id='word_1_731' title='bbox 371 2872 443 2894; x_wconf 85' lang='lat' dir='ltr'>tinent</span> <span class='ocrx_word' id='word_1_732' title='bbox 460 2872 489 2895; x_wconf 87' lang='lat' dir='ltr'>ad</span> <span class='ocrx_word' id='word_1_733' title='bbox 507 2871 643 2894; x_wconf 81' lang='lat' dir='ltr'>Guihertum</span> <span class='ocrx_word' id='word_1_734' title='bbox 660 2871 690 2894; x_wconf 86' lang='lat' dir='ltr'>de</span> <span class='ocrx_word' id='word_1_735' title='bbox 708 2872 814 2894; x_wconf 84' lang='lat' dir='ltr'>Tornaeo</span> <span class='ocrx_word' id='word_1_736' title='bbox 833 2870 898 2900; x_wconf 92' lang='lat' dir='ltr'>(Ord.</span> <span class='ocrx_word' id='word_1_737' title='bbox 910 2871 951 2893; x_wconf 85' lang='lat' dir='ltr'>FF.</span> <span class='ocrx_word' id='word_1_738' title='bbox 963 2870 1038 2900; x_wconf 82' lang='lat' dir='ltr'>Min.);</span> <span class='ocrx_word' id='word_1_739' title='bbox 1056 2871 1086 2893; x_wconf 89' lang='lat' dir='ltr'>de</span> <span class='ocrx_word' id='word_1_740' title='bbox 1101 2877 1149 2899; x_wconf 84' lang='lat' dir='ltr'>quo</span> <span class='ocrx_word' id='word_1_741' title='bbox 1165 2877 1219 2893; x_wconf 87' lang='lat' dir='ltr'>con-</span> 
     </span>
     <span class='ocr_line' id='line_1_102' title="bbox 372 2909 1052 2940; baseline -0.001 -7"><span class='ocrx_word' id='word_1_742' title='bbox 372 2912 457 2933; x_wconf 84' lang='lat' dir='ltr'>seratur</span> <span class='ocrx_word' id='word_1_743' title='bbox 475 2912 550 2939; x_wconf 79' lang='lat' dir='ltr'>Leeoy</span> <span class='ocrx_word' id='word_1_744' title='bbox 569 2911 608 2940; x_wconf 88' lang='lat' dir='ltr'>(La</span> <span class='ocrx_word' id='word_1_745' title='bbox 626 2911 703 2933; x_wconf 82' lang='lat' dir='ltr'>chaire</span> <span class='ocrx_word' id='word_1_746' title='bbox 720 2911 841 2940; x_wconf 66' lang='lat' dir='ltr'>Franqaise</span> <span class='ocrx_word' id='word_1_747' title='bbox 857 2913 899 2933; x_wconf 91' lang='lat' dir='ltr'>etc.</span> <span class='ocrx_word' id='word_1_748' title='bbox 917 2916 971 2938; x_wconf 75' lang='lat' dir='ltr'>pag.</span> <span class='ocrx_word' id='word_1_749' title='bbox 991 2909 1052 2939; x_wconf 69' lang='lat'>469).</span> 
     </span>
    </p>

    <p class='ocr_par' dir='ltr' id='par_1_53' title="bbox 434 2949 583 2972">
     <span class='ocr_line' id='line_1_103' title="bbox 434 2949 583 2972; baseline 0 0"><span class='ocrx_word' id='word_1_750' title='bbox 434 2949 444 2962; x_wconf 75' lang='lat'><strong>²</strong></span> <span class='ocrx_word' id='word_1_751' title='bbox 462 2951 527 2972; x_wconf 87' lang='lat' dir='ltr'>Vers.</span> <span class='ocrx_word' id='word_1_752' title='bbox 548 2951 583 2972; x_wconf 91' lang='lat' dir='ltr'>l0.</span> 
     </span>
    </p>

    <p class='ocr_par' dir='ltr' id='par_1_54' title="bbox 435 2988 724 3017">
     <span class='ocr_line' id='line_1_104' title="bbox 435 2988 724 3017; baseline 0 -6"><span class='ocrx_word' id='word_1_753' title='bbox 435 2988 444 3001; x_wconf 78' lang='lat'>³</span> <span class='ocrx_word' id='word_1_754' title='bbox 461 2989 543 3011; x_wconf 84' lang='lat' dir='ltr'>Psalm.</span> <span class='ocrx_word' id='word_1_755' title='bbox 562 2990 618 3016; x_wconf 79' lang='grc'><strong>112,</strong></span> <span class='ocrx_word' id='word_1_756' title='bbox 636 2990 657 3011; x_wconf 88' lang='grc'>6.</span> <span class='ocrx_word' id='word_1_757' title='bbox 675 2995 724 3017; x_wconf 86' lang='lat' dir='ltr'>seq.</span> 
     </span>
    </p>
   </div>
   <div class='ocr_carea' id='block_1_10' title="bbox 1245 521 1251 3010">
    <p class='ocr_par' dir='ltr' id='par_1_55' title="bbox 1245 521 1251 3010">
     <span class='ocr_line' id='line_1_105' title="bbox 1245 521 1251 3010; baseline 0 0"><span class='ocrx_word' id='word_1_758' title='bbox 1245 521 1251 3010; x_wconf 95' lang='lat' dir='ltr'> </span> 
     </span>
    </p>
   </div>
   <div class='ocr_carea' id='block_1_11' title="bbox 1275 2673 2125 3017">
    <p class='ocr_par' dir='ltr' id='par_1_56' title="bbox 1276 2673 2124 2742">
     <span class='ocr_line' id='line_1_106' title="bbox 1338 2673 2124 2703; baseline 0 -7"><span class='ocrx_word' id='word_1_759' title='bbox 1338 2674 1348 2686; x_wconf 67' lang='lat'>²¹</span> <span class='ocrx_word' id='word_1_760' title='bbox 1367 2674 1431 2697; x_wconf 88' lang='lat' dir='ltr'>Vers.</span> <span class='ocrx_word' id='word_1_761' title='bbox 1450 2674 1492 2701; x_wconf 79' lang='lat'>27;</span> <span class='ocrx_word' id='word_1_762' title='bbox 1510 2676 1638 2703; x_wconf 85' lang='lat' dir='ltr'>sequuntur</span> <span class='ocrx_word' id='word_1_763' title='bbox 1656 2673 1722 2696; x_wconf 78' lang='lat' dir='ltr'>Eecli.</span> <span class='ocrx_word' id='word_1_764' title='bbox 1740 2674 1761 2700; x_wconf 82' lang='grc'>6,</span> <span class='ocrx_word' id='word_1_765' title='bbox 1783 2674 1816 2696; x_wconf 84' lang='grc'>15.</span> <span class='ocrx_word' id='word_1_766' title='bbox 1834 2675 1856 2696; x_wconf 84' lang='lat' dir='ltr'>et</span> <span class='ocrx_word' id='word_1_767' title='bbox 1873 2674 2029 2702; x_wconf 80' lang='lat' dir='ltr'>Greg01·‚‚lx.</span> <span class='ocrx_word' id='word_1_768' title='bbox 2048 2673 2124 2696; x_wconf 83' lang='lat' dir='ltr'>Moral-</span> 
     </span>
     <span class='ocr_line' id='line_1_107' title="bbox 1276 2713 1662 2742; baseline -0.003 -6"><span class='ocrx_word' id='word_1_769' title='bbox 1276 2720 1295 2736; x_wconf 77' lang='lat' dir='ltr'>c.</span> <span class='ocrx_word' id='word_1_770' title='bbox 1314 2713 1351 2736; x_wconf 74' lang='lat'>34.</span> <span class='ocrx_word' id='word_1_771' title='bbox 1368 2720 1390 2736; x_wconf 90' lang='lat' dir='ltr'>n.</span> <span class='ocrx_word' id='word_1_772' title='bbox 1408 2714 1446 2740; x_wconf 80' lang='lat'>53,</span> <span class='ocrx_word' id='word_1_773' title='bbox 1464 2713 1545 2742; x_wconf 83' lang='lat' dir='ltr'>paucis</span> <span class='ocrx_word' id='word_1_774' title='bbox 1563 2713 1662 2735; x_wconf 81' lang='lat' dir='ltr'>mutatis.</span> 
     </span>
    </p>

    <p class='ocr_par' dir='ltr' id='par_1_57' title="bbox 1340 2752 1769 2775">
     <span class='ocr_line' id='line_1_108' title="bbox 1340 2752 1769 2775; baseline -0.002 0"><span class='ocrx_word' id='word_1_775' title='bbox 1340 2752 1349 2765; x_wconf 86' lang='lat'>⁵</span> <span class='ocrx_word' id='word_1_776' title='bbox 1366 2754 1445 2775; x_wconf 77' lang='lat' dir='ltr'>Postea</span> <span class='ocrx_word' id='word_1_777' title='bbox 1464 2753 1484 2775; x_wconf 87' lang='lat' dir='ltr'>in</span> <span class='ocrx_word' id='word_1_778' title='bbox 1502 2752 1582 2775; x_wconf 89' lang='lat' dir='ltr'>codice</span> <span class='ocrx_word' id='word_1_779' title='bbox 1599 2752 1665 2774; x_wconf 82' lang='lat' dir='ltr'>adest</span> <span class='ocrx_word' id='word_1_780' title='bbox 1681 2752 1769 2774; x_wconf 81' lang='lat' dir='ltr'>lacuna.</span> 
     </span>
    </p>

    <p class='ocr_par' dir='ltr' id='par_1_58' title="bbox 1276 2790 2125 2858">
     <span class='ocr_line' id='line_1_109' title="bbox 1338 2790 2125 2820; baseline -0.003 -6"><span class='ocrx_word' id='word_1_781' title='bbox 1338 2790 1348 2803; x_wconf 64' lang='grc' dir='ltr'><strong><em>ὃ</em></strong></span> <span class='ocrx_word' id='word_1_782' title='bbox 1366 2792 1430 2814; x_wconf 86' lang='lat' dir='ltr'>Vers.</span> <span class='ocrx_word' id='word_1_783' title='bbox 1450 2791 1491 2820; x_wconf 59' lang='grc'>111;</span> <span class='ocrx_word' id='word_1_784' title='bbox 1509 2793 1637 2820; x_wconf 84' lang='lat' dir='ltr'>sequuntur</span> <span class='ocrx_word' id='word_1_785' title='bbox 1657 2792 1690 2813; x_wconf 76' lang='lat' dir='ltr'>l’s.</span> <span class='ocrx_word' id='word_1_786' title='bbox 1709 2790 1751 2817; x_wconf 79' lang='lat'>65,</span> <span class='ocrx_word' id='word_1_787' title='bbox 1771 2791 1812 2816; x_wconf 78' lang='lat' dir='ltr'>l2;</span> <span class='ocrx_word' id='word_1_788' title='bbox 1829 2791 1897 2813; x_wconf 85' lang='lat' dir='ltr'>Prov.</span> <span class='ocrx_word' id='word_1_789' title='bbox 1916 2790 2000 2817; x_wconf 79' lang='grc'><strong>17,·17.</strong></span> <span class='ocrx_word' id='word_1_790' title='bbox 2018 2793 2040 2812; x_wconf 88' lang='lat' dir='ltr'>et</span> <span class='ocrx_word' id='word_1_791' title='bbox 2057 2790 2125 2812; x_wconf 84' lang='lat' dir='ltr'>Eecli.</span> 
     </span>
     <span class='ocr_line' id='line_1_110' title="bbox 1276 2830 1375 2858; baseline -0.01 -5"><span class='ocrx_word' id='word_1_792' title='bbox 1276 2830 1317 2858; x_wconf 74' lang='grc'>34,</span> <span class='ocrx_word' id='word_1_793' title='bbox 1337 2831 1375 2853; x_wconf 88' lang='lat'>30.</span> 
     </span>
    </p>

    <p class='ocr_par' dir='ltr' id='par_1_59' title="bbox 1275 2869 2125 2938">
     <span class='ocr_line' id='line_1_111' title="bbox 1338 2869 2125 2899; baseline -0.001 -7"><span class='ocrx_word' id='word_1_794' title='bbox 1338 2869 1347 2882; x_wconf 80' lang='lat'>&#39;¹</span> <span class='ocrx_word' id='word_1_795' title='bbox 1366 2870 1432 2892; x_wconf 84' lang='lat' dir='ltr'>Vers.</span> <span class='ocrx_word' id='word_1_796' title='bbox 1449 2871 1490 2899; x_wconf 76' lang='lat'>-29;</span> <span class='ocrx_word' id='word_1_797' title='bbox 1507 2872 1637 2898; x_wconf 87' lang='lat' dir='ltr'>sequuntur</span> <span class='ocrx_word' id='word_1_798' title='bbox 1655 2869 1724 2892; x_wconf 87' lang='lat' dir='ltr'>Exod.</span> <span class='ocrx_word' id='word_1_799' title='bbox 1750 2869 1792 2896; x_wconf 81' lang='lat'>33,</span> <span class='ocrx_word' id='word_1_800' title='bbox 1823 2869 1856 2891; x_wconf 89' lang='lat' dir='ltr'>ll.</span> <span class='ocrx_word' id='word_1_801' title='bbox 1881 2871 1903 2891; x_wconf 79' lang='lat' dir='ltr'>et</span> <span class='ocrx_word' id='word_1_802' title='bbox 1928 2869 1981 2891; x_wconf 88' lang='lat' dir='ltr'>dein</span> <span class='ocrx_word' id='word_1_803' title='bbox 2003 2869 2125 2897; x_wconf 84' lang='lat' dir='ltr'>respicitur</span> 
     </span>
     <span class='ocr_line' id='line_1_112' title="bbox 1275 2907 2123 2938; baseline -0.002 -6"><span class='ocrx_word' id='word_1_804' title='bbox 1275 2915 1296 2932; x_wconf 90' lang='lat' dir='ltr'>c.</span> <span class='ocrx_word' id='word_1_805' title='bbox 1317 2910 1343 2936; x_wconf 78' lang='lat'>2,</span> <span class='ocrx_word' id='word_1_806' title='bbox 1361 2909 1382 2931; x_wconf 79' lang='lat'>5.</span> <span class='ocrx_word' id='word_1_807' title='bbox 1400 2915 1466 2938; x_wconf 86' lang='lat' dir='ltr'>seqq.</span> <span class='ocrx_word' id='word_1_808' title='bbox 1782 2907 1791 2920; x_wconf 79' lang='lat'>⁸</span> <span class='ocrx_word' id='word_1_809' title='bbox 1808 2908 1937 2936; x_wconf 82' lang='lat' dir='ltr'>Respieitur</span> <span class='ocrx_word' id='word_1_810' title='bbox 1955 2908 2025 2930; x_wconf 83' lang='lat' dir='ltr'>Exod.</span> <span class='ocrx_word' id='word_1_811' title='bbox 2043 2908 2069 2936; x_wconf 84' lang='lat'>3,</span> <span class='ocrx_word' id='word_1_812' title='bbox 2088 2908 2123 2930; x_wconf 89' lang='lat' dir='ltr'>-l0.</span> 
     </span>
    </p>

    <p class='ocr_par' dir='ltr' id='par_1_60' title="bbox 1339 2946 1831 2977">
     <span class='ocr_line' id='line_1_113' title="bbox 1339 2946 1831 2977; baseline -0.002 -6"><span class='ocrx_word' id='word_1_813' title='bbox 1339 2946 1348 2960; x_wconf 78' lang='lat'>⁹</span> <span class='ocrx_word' id='word_1_814' title='bbox 1367 2948 1431 2971; x_wconf 88' lang='lat' dir='ltr'>Vers.</span> <span class='ocrx_word' id='word_1_815' title='bbox 1452 2949 1488 2971; x_wconf 82' lang='grc'>18.</span> <span class='ocrx_word' id='word_1_816' title='bbox 1506 2949 1549 2977; x_wconf 78' lang='lat'>20;</span> <span class='ocrx_word' id='word_1_817' title='bbox 1566 2948 1670 2977; x_wconf 87' lang='lat' dir='ltr'>sequitur</span> <span class='ocrx_word' id='word_1_818' title='bbox 1688 2948 1736 2970; x_wconf 86' lang='lat' dir='ltr'>Gal.</span> <span class='ocrx_word' id='word_1_819' title='bbox 1754 2948 1776 2975; x_wconf 87' lang='lat'>6,</span> <span class='ocrx_word' id='word_1_820' title='bbox 1797 2948 1831 2970; x_wconf 85' lang='grc'>17.</span> 
     </span>
    </p>

    <p class='ocr_par' dir='ltr' id='par_1_61' title="bbox 1339 2987 1842 3017">
     <span class='ocr_line' id='line_1_114' title="bbox 1339 2987 1842 3017; baseline -0.002 -7"><span class='ocrx_word' id='word_1_821' title='bbox 1339 2987 1359 3000; x_wconf 84' lang='lat'>¹⁰</span> <span class='ocrx_word' id='word_1_822' title='bbox 1376 2987 1432 3016; x_wconf 86' lang='lat' dir='ltr'>Cap.</span> <span class='ocrx_word' id='word_1_823' title='bbox 1452 2989 1493 3017; x_wconf 72' lang='lat'>28,</span> <span class='ocrx_word' id='word_1_824' title='bbox 1513 2989 1554 3017; x_wconf 73' lang='lat'>⁴23</span> <span class='ocrx_word' id='word_1_825' title='bbox 1571 2988 1676 3017; x_wconf 84' lang='lat' dir='ltr'>sequitur</span> <span class='ocrx_word' id='word_1_826' title='bbox 1693 2987 1758 3010; x_wconf 82' lang='lat' dir='ltr'>Cant.</span> <span class='ocrx_word' id='word_1_827' title='bbox 1775 2987 1801 3016; x_wconf 83' lang='lat'>3,</span> <span class='ocrx_word' id='word_1_828' title='bbox 1820 2988 1842 3009; x_wconf 86' lang='lat'>6.</span> 
     </span>
    </p>
   </div>
  </div>
 </body>
</html>
