2243 3348
676 172 834 200 DOMINICA
856 173 884 201 lt.
907 173 989 202 POST
1011 174 1139 203 PASCHA.
1162 175 1271 203 SERMO
1294 176 1323 204 V.

126 251 243 288 pietatis.
267 251 298 279 Et
319 251 386 279 haec
407 249 463 278 duo
483 249 509 278 in
525 249 649 286 quolibet
662 249 721 278 ovis
735 250 850 278 ductore
872 250 972 279 debent

128 305 203 331 esse,
225 300 252 325 et
274 304 323 333 per
344 297 415 325 hanc
436 295 573 332 duplicem
595 295 666 323 viam
692 295 774 324 debet
794 296 910 332 quilibet
931 296 972 324 in-

127 343 223 373 cedere
245 346 271 372 et
297 343 417 371 maxime
448 342 485 370 illi
518 341 565 378 qui
597 341 701 369 intente
728 341 829 370 debent
856 341 973 370 domini-

128 390 167 419 cis
188 390 309 427 vestigiis
330 389 498 422 adhaerere,
519 389 553 417 de
584 388 687 425 quibus
708 388 735 416 in
765 388 884 416 Psalmo:
916 389 974 424 Qui

126 437 205 474 repis
232 436 339 469 Israel,
369 435 496 469 intende,
518 435 570 473 qui
590 435 709 463 deducis
730 434 807 462 velut
828 443 906 462 ovem
928 435 973 463 Io-

126 482 203 520 seph.
227 500 262 503 -
285 483 405 516 Modus,
434 490 490 519 qno
515 481 639 515 deducit,
667 481 835 510 describitur
867 481 973 509 loannis

128 530 271 559 decimo&
296 529 366 558 Cum
386 529 530 566 proprias
561 536 626 556 oues
657 528 801 561 emiserit,
824 531 891 556 ante
922 535 973 555 eas

125 576 217 610 vadit,
238 579 263 604 et
284 584 348 604 oves
369 575 451 603 illum
472 578 652 613 sequuntur,
675 574 746 612 quia
766 574 864 602 sciunt
878 582 972 602 vocem

126 622 196 651 eius.
221 622 355 650 Alienum
378 630 436 649 non
457 625 636 659 sequuntur,
658 621 730 659 quia
750 629 809 649 non
830 623 974 648 noverunt

126 677 222 697 vocem
243 669 426 701 alienorum;
447 668 494 697 ubi
516 668 684 697 describitur
717 667 838 704 perfecta
869 666 974 695 iustitia

128 715 155 744 in
176 715 300 744 faciendo
321 715 424 744 bonum
447 718 474 744 et
495 714 656 743 declinando
678 714 813 742 malum?

10 792 12 799 ,
206 762 307 790 Similis
328 765 370 791 est
390 762 471 791 etiam
503 761 547 790 ovi
575 761 778 798 perducendae
799 761 832 789 ad
854 760 974 789 mansio-

11 820 111 840 renuenda.
125 817 188 838 nem
221 809 337 846 quietis,
369 808 521 837 secundum
553 808 619 836 illud
652 808 801 836 Ezechielis
833 807 973 844 trigesimo

127 856 265 893 quarto³:
291 856 348 893 Epo
367 864 491 892 pascam
514 864 578 883 oves
599 863 680 883 meas
701 858 726 883 et
740 863 791 892 epo
815 863 864 883 eas
886 863 974 882 accu-

129 902 199 931 bare
218 902 343 940 faciam,
366 902 436 931 dicit
459 902 602 930 Dominus
636 902 720 930 Deus.
744 902 810 936 Ubi,
832 909 912 938 rogo,
934 900 973 929 fa-

126 950 180 978 ciet
199 950 354 979 accubare?
370 949 450 978 Certe
470 949 498 977 111
514 949 671 983 Ierusalem,
687 957 758 986 quae
773 949 973 985 interpretatur

127 996 201 1025 visio
221 997 315 1034 pacis,
338 996 389 1025 hoc
421 999 462 1024 est
491 996 517 1024 in
550 996 646 1032 requie
672 995 919 1032 contemplationis.
943 994 974 1023 Et

127 1043 229 1080 optime
250 1043 339 1080 iungit
360 1043 411 1071 ista
432 1042 503 1076 duo,
518 1042 658 1070 visionem
673 1045 700 1071 et
713 1050 832 1079 paceni,
854 1041 920 1078 quia
935 1041 972 1069 illi

127 1090 176 1118 soli
198 1089 286 1118 idonei
309 1093 374 1118 sunt
394 1090 427 1118 ad
449 1089 718 1125 contemplationem,
734 1089 780 1126 qui
805 1088 906 1117 habent
927 1096 974 1125 pa-

127 1144 202 1171 cem,
224 1144 296 1173 quae
317 1140 358 1165 est
388 1137 505 1165 thronus
533 1136 685 1165 Salomonis
696 1136 716 1163 4.
739 1136 810 1164 Hanc
842 1143 895 1164 non
925 1136 971 1164 ha-

127 1184 193 1212 bent
213 1184 265 1212 nisi
286 1184 366 1212 mites
388 1186 415 1212 et
436 1184 571 1217 humiles,
593 1183 640 1220 qui
663 1187 727 1211 sunt
747 1191 821 1216 oves,
843 1182 891 1219 qui
910 1185 975 1211 sunt

127 1230 249 1259 maxime
269 1230 391 1267 dispositi
418 1230 452 1259 ad
483 1231 598 1267 gratiam
627 1230 872 1266 contemplationis.
900 1229 974 1258 Unde

128 1278 228 1306 Rachel
239 1278 260 1312 ⁵,
282 1285 331 1314 per
362 1286 444 1314 quam
477 1277 637 1314 designatur
669 1276 882 1313 contemplativa
902 1276 973 1310 vita,

127 1323 329 1361 interpretatur
350 1324 450 1353 videns
469 1324 664 1361 principium,
680 1324 737 1352 sive
752 1323 852 1352 videns
868 1323 974 1356 Deum,-

127 1375 154 1400 et
175 1371 338 1409 intelligitur
360 1372 434 1405 ovis,
456 1372 521 1408 quia
543 1371 618 1400 solus
639 1371 684 1399 ille
706 1371 752 1408 qui
775 1374 817 1399 est
838 1370 973 1407 simplex,

126 1418 201 1447 mitis
232 1421 259 1447 et
287 1419 416 1453 humilis,
446 1422 535 1455 potest
566 1418 713 1446 Dominum
736 1417 837 1446 intueri
867 1417 973 1451 solum,

127 1465 201 1502 quod
222 1474 276 1494 nou
299 1469 449 1502 exspargat
470 1473 499 1494 se
520 1466 663 1499 exterius3
684 1468 798 1502 propter
820 1465 975 1502 (1001105111-

127 1513 246 1541 ticorum
270 1513 397 1549 primoss:
421 1513 454 1541 Si
473 1513 597 1550 iynoras
618 1516 651 1546 te,
672 1521 687 1540 0
709 1511 913 1549 pulcherrima
934 1512 975 1540 in-

129 1563 171 1588 ter
192 1560 345 1594 mulieres,
367 1560 501 1597 egredere
532 1563 557 1588 et
588 1559 638 1588 abi
662 1564 729 1597 post
760 1560 882 1597 vestigia
909 1568 975 1597 yre-

127 1615 200 1644 9um
221 1610 272 1635 etc.
295 1607 326 1635 Et
348 1606 408 1635 ideo
430 1606 575 1635 consilium
590 1610 641 1640 est,
656 1610 687 1635 ut
701 1607 791 1635 minet
803 1615 920 1644 yreyem
935 1607 976 1635 ad

6 1669 7 1682 l
128 1653 273 1682 interiora
294 1653 416 1687 deserti,
438 1653 510 1682 sicut
531 1653 594 1682 fecit
627 1654 746 1689 Moyses,
770 1653 853 1681 Exodi
878 1653 974 1687 tertio,

130 1701 178 1729 ubi
201 1699 267 1729 vidit
288 1701 385 1729 Deum.
419 1700 468 1728 Via
499 1703 592 1729 autem
614 1703 655 1729 est
676 1700 819 1734 Christus,
842 1700 889 1737 qui
910 1700 976 1729 dicit

130 1748 237 1776 loannis
257 1747 378 1776 decimo:
402 1748 462 1785 Epo
482 1756 550 1776 sum
582 1747 703 1780 ostium,
723 1756 777 1784 per
797 1756 842 1776 ine
862 1747 890 1775 si
910 1747 976 1785 quis

130 1795 294 1828 introierit,
316 1794 482 1823 salvabitur
503 1798 527 1822 et
549 1794 732 1831 ingredietur
760 1798 784 1822 et
812 1794 976 1832 eyredietur

129 1846 154 1870 et
180 1850 295 1879 pascua
323 1842 453 1870 inveniet.
476 1841 662 1879 anredietur
691 1842 764 1870 intra
785 1849 829 1875 se,
851 1845 875 1870 et
897 1850 975 1879 epre-

130 1889 227 1918 dietur
253 1891 335 1918 extra
360 1897 389 1918 se
420 1892 447 1917 et
475 1897 560 1925 supra
588 1897 632 1923 se,
655 1889 697 1917 vel
725 1889 921 1926 ingredietur,
943 1889 977 1917 ad

129 1936 386 1973 contemplationem
410 1936 580 1970 Divinitatis,
602 1939 628 1964 et
658 1936 822 1973 eyredietur
853 1935 885 1964 ad
912 1943 977 1964 con-

130 1983 334 2020 templationem
359 1983 559 2011 humanitatis⁷
581 1986 632 2011 etc.

468 2077 560 2105 Samio
580 2076 601 2104 V
617 2076 637 2104 8.

215 2170 359 2199 Tradebat
381 2170 528 2199 iudicanti
540 2178 569 2198 se
590 2170 696 2198 iniuste
716 2169 768 2207 qui
785 2173 906 2206 peccata
926 2178 977 2198 no-

129 2221 195 2245 stra
216 2217 277 2254 ipse
294 2217 415 2253 pertulit
430 2217 460 2245 in
483 2225 603 2254 corpore
616 2225 670 2245 suo
684 2224 774 2253 super
796 2216 925 2254 liginum,
945 2220 979 2245 ut

127 2265 255 2301 peccatis
276 2264 387 2293 mortui
406 2264 535 2293 iustitiae
555 2264 692 2292 vivamus
707 2264 726 2292 ⁹.

5 2344 6 2348 Ἰ
209 2312 300 2340 Verba
327 2314 418 2340 sumta
446 2315 511 2340 sunt
538 2311 572 2340 de
592 2311 712 2348 Epistola
737 2311 808 2340 Petri
835 2311 976 2340 hodierna.

12 2366 116 2386 umanum.
131 2359 159 2387 ln
181 2359 339 2396 praeteritis
363 2359 461 2387 diebus
489 2359 544 2396 egit
563 2362 652 2387 mater
674 2358 793 2387 Ecclesia
820 2358 922 2387 festum
943 2359 977 2387 de

130 2406 219 2442 pretio
240 2409 350 2434 nostrae
372 2405 569 2442 redemptionis
592 2408 620 2434 et
639 2405 739 2442 gaudio
760 2405 861 2434 Christi
882 2413 978 2434 resur—

131 2452 269 2481 rectionis.
285 2452 335 2481 Sed
351 2455 441 2486 certe,
463 2452 544 2481 hodie
559 2452 638 2480 multi
653 2452 800 2480 Christiani
823 2451 976 2486 iudaizaut,

1812 187 1867 216 303

1028 250 1132 279 faciunt
1154 255 1185 279 ut
1207 252 1305 280 ludaei.
1327 254 1403 282 Sicut
1417 256 1488 284 enim
1512 257 1600 285 ludaei
1621 258 1760 288 Christum
1783 262 1870 290 Domi-

1029 297 1090 325 nica
1110 297 1137 325 in
1167 298 1258 327 Hamis
1279 299 1434 329 Palmarum
1456 310 1518 330 cum
1546 304 1645 339 gaudio
1673 311 1868 342 susceperunt,

1029 342 1193 372 clamantes:
1216 345 1401 380 Benedictus,
1416 348 1468 384 qui
1487 350 1561 377 uenit
1577 350 1599 366 ¹0
1620 354 1681 384 etc,
1699 355 1726 380 et
1748 357 1807 388 post
1827 354 1870 383 die

1029 388 1143 417 Veneris
1165 390 1254 426 ipsum
1277 391 1361 427 virgis
1382 393 1588 429 laceraverunt,
1611 398 1696 425 multa
1723 400 1871 435 opprobria

1029 435 1162 464 dixerunt
1184 440 1210 464 et
1236 437 1345 466 tandem
1373 439 1462 475 ipsum
1489 442 1705 477 crucifixerunt3
1729 445 1765 473 ita
1792 446 1870 474 multi

1029 481 1176 510 Christiani
1198 483 1241 511 die
1264 484 1380 513 Paschae
1395 486 1534 515 Christum
1554 496 1615 516 cum
1632 490 1730 526 gaudio
1745 499 1872 528 suscepe-

1030 531 1097 556 runt
1118 531 1144 556 et
1165 533 1227 565 post
1242 530 1356 565 Pascha,
1373 540 1486 561 rursum
1507 534 1540 561 ad
1556 538 1665 571 peccata
1686 544 1736 565 sua
1755 538 1872 567 redeun-

1031 577 1087 608 tes,
1109 578 1244 611 quantuni
1268 576 1294 604 in
1316 586 1344 606 se
1365 582 1422 613 est,
1450 580 1547 616 ipsum
1570 581 1669 610 iterum
1685 584 1869 621 crucifigunt.

1030 620 1092 649 Ideo
1114 622 1258 657 Apostolus
1279 623 1305 651 in
1322 624 1413 652 verbis
1428 626 1575 661 propositis
1597 628 1702 657 reducit
1723 630 1801 658 nobis
1815 638 1871 659 me-

1032 667 1146 695 moriam
1168 667 1320 697 dominicae
1348 671 1481 706 passionis
1509 672 1534 700 in
1562 673 1695 710 principio
1723 675 1871 712 Epistolae,

1030 720 1093 740 cum
1116 712 1196 741 dicit:
1214 713 1349 743 Clu-istus
1360 724 1470 752 passus
1484 722 1525 746 est
1536 727 1591 755 pro
1606 720 1687 748 nobis
1700 722 1722 737 ¹¹
1737 725 1787 750 etc.
1804 723 1873 750 Sunt

1030 766 1096 795 ergo
1118 759 1203 788 verba
1224 760 1289 795 ista,
1311 763 1464 791 secundum
1486 772 1598 793 cursum
1622 766 1705 795 huius
1727 769 1872 804 temporis,

1030 805 1182 835 dominicae
1204 807 1337 843 passionis
1358 812 1385 837 et
1406 810 1539 845 gloriosae
1566 813 1784 842 resurrectionis.
1807 815 1873 843 Nam

1031 852 1067 880 ita
1089 852 1189 881 festum
1211 853 1244 882 de
1265 854 1366 883 Christi
1389 857 1591 886 resurrectione
1617 859 1668 887 hoc
1696 863 1818 896 tempore
1846 862 1871 889 in

1031 899 1150 928 Ecclesia
1171 900 1337 936 celebratur,
1360 905 1391 930 ut
1412 904 1544 932 memoria
1565 912 1630 933 suae
1652 906 1783 941 passionis
1804 915 1873 936 sem—

1031 954 1080 983 per
1094 947 1121 975 in
1143 947 1273 976 cordibus
1288 949 1390 977 nostris
1405 950 1548 978 habeatur.
1565 951 1625 979 Duo
1640 960 1705 989 ergo
1725 956 1874 990 tanguntur

1030 993 1058 1021 in
1081 993 1173 1021 verbis
1190 993 1264 1022 istis:
1280 995 1386 1031 primo,
1402 996 1544 1034 iniquitas
1559 997 1660 1032 Pilati,
1676 998 1782 1027 iudicis
1796 999 1874 1028 Chri-

1031 1045 1105 1069 stum
1127 1041 1229 1070 iniuste
1256 1041 1418 1076 iudicantis,
1440 1051 1503 1071 cum
1524 1044 1604 1072 dicit:
1633 1045 1776 1074 Tradebat
1798 1047 1874 1075 iudi-

1031 1087 1128 1121 canti,
1150 1087 1254 1116 scilicet
1284 1088 1382 1123 Pilato,
1404 1098 1433 1117 se
1459 1090 1581 1124 iniuste,·
1606 1092 1726 1120 secundo
1750 1093 1872 1130 tangitur

1031 1134 1175 1163 immensa
1197 1134 1360 1172 benipnitas
1383 1135 1493 1165 Christi
1518 1138 1658 1174 patientis:
1680 1139 1731 1176 qui
1756 1145 1874 1176 peccata

1030 1185 1134 1210 nostra
1155 1184 1206 1210 etc.

1111 1229 1128 1256 l.
1150 1228 1228 1257 Circa
1249 1229 1370 1265 primum
1390 1230 1570 1266 intelligimus
1585 1231 1677 1260 Pilati
1690 1232 1874 1262 iniustitiam.

1031 1275 1134 1304 Pilatus
1155 1276 1201 1304 1110
1223 1279 1362 1312 tempore,
1385 1284 1440 1313 quo
1455 1277 1582 1306 Christus
1603 1286 1700 1314 passus
1720 1283 1775 1312 est,
1791 1279 1875 1308 iudex

1031 1326 1106 1356 erat,
1128 1325 1155 1351 et
1177 1322 1236 1351 ideo
1258 1323 1410 1352 secundum
1433 1324 1529 1360 Legem
1545 1325 1627 1361 Moysi
1649 1326 1723 1354 iuste
1744 1326 1877 1355 iudicare

1031 1369 1178 1403 debuit12,
1200 1369 1246 1398 sed
1270 1370 1295 1398 in
1318 1370 1447 1399 omnibus
1468 1371 1566 1407 Legem
1581 1372 1749 1408 praeterivit.
1766 1374 1793 1401 ln
1808 1374 1877 1410 Lege

1032 1417 1115 1453 Moysi
1132 1416 1154 1433 ¹³
1176 1416 1310 1453 scriptum
1327 1420 1401 1445 erat:
1418 1417 1483 1445 Non
1497 1419 1624 1456 sequeris
1643 1419 1760 1448 turbam
1775 1420 1815 1447 ad
1829 1419 1876 1457 fa—

1032 1463 1166 1492 ciendum
1182 1463 1304 1492 malum.
1321 1464 1351 1492 Et
1372 1464 1430 1500 ipse
1445 1468 1541 1493 contra
1556 1465 1607 1494 hoc
1628 1466 1765 1503 acquievit
1780 1467 1877 1496 turbae

1031 1511 1177 1539 clamanti:
1196 1510 1355 1548 Crucifiye,
1371 1511 1510 1549 cruciliye
1524 1520 1600 1540 euin.
1615 1513 1671 1541 Lex
1686 1516 1745 1541 erat
1759 1513 1875 1550 scripta:

1032 1558 1176 1586 Insoittem
1205 1562 1229 1586 et
1258 1558 1369 1586 iustum
1400 1566 1455 1586 non
1484 1559 1609 1593 occides,
1631 1560 1735 1596 etipse
1766 1564 1877 1588 econtra

1031 1605 1173 1634 Christum
1203 1605 1391 1639 innocentem,
1423 1606 1475 1643 qui
1498 1610 1649 1642 peccatam
1680 1615 1736 1635 non
1761 1606 1827 1643 fecit
1842 1608 1876 1641 ¹¹²,

1032 1651 1176 1680 interfecit,
1200 1652 1256 1680 Alia
1281 1652 1327 1680 lex
1349 1652 1452 1688 scripta
1479 1656 1553 1681 erat:
1575 1653 1717 1689 Maleficos
1741 1662 1798 1682 non
1822 1662 1878 1690 pa-

1033 1698 1115 1727 tieris
1136 1699 1247 1732 vivere,
1275 1702 1302 1727 et
1330 1699 1388 1735 ipse
1416 1703 1528 1728 econtra
1556 1700 1721 1734 Barabbam,
1744 1700 1876 1729 latronem

1033 1746 1161 1774 liberavit
1181 1749 1208 1775 et
1229 1746 1370 1774 Christum
1397 1746 1568 1775 innocentem
1591 1747 1780 1775 condemnavit
1793 1747 1822 1775 ¹⁵.
1847 1747 1877 1775 Et

1033 1793 1113 1821 sicin
1136 1793 1196 1821 eius
1218 1793 1344 1830 passione
1365 1801 1418 1821 non
1441 1796 1482 1821 est
1503 1793 1626 1822 invenire
1645 1794 1743 1822 iustam
1767 1802 1876 1822 causam

1033 1848 1083 1869 nec
1105 1841 1209 1869 iustum
1232 1840 1355 1869 animum
1371 1848 1421 1869 nec
1437 1843 1544 1869 rectum
1559 1840 1691 1869 ordinem.
1707 1858 1745 1861 —
1760 1841 1811 1869 Ista
1825 1841 1878 1869 tria

1033 1890 1188 1924 tanguntur
1208 1887 1236 1915 in
1258 1888 1364 1921 Marco,
1380 1887 1427 1915 ubi
1444 1887 1560 1924 legitur:
1577 1887 1703 1921 Pilatus,
1721 1887 1815 1915 volens
1826 1895 1877 1924 po-

1032 1934 1101 1972 pulo
1122 1933 1313 1971 satisfacere,
1342 1934 1454 1963 dimisit
1481 1934 1540 1963 illis
1568 1934 1737 1962 Barabbain
1765 1937 1791 1962 et
1818 1938 1878 1962 tra-

1034 1981 1109 2010 didit
1131 1982 1226 2009 lesum
1246 1980 1370 2019 flagellis
1384 1990 1518 2015 caesum,
1542 1985 1575 2010 ut
1588 1981 1816 2018 crucifiyeretur.
1832 1980 1879 2009 Ad-

1035 2029 1105 2062 huc,
1128 2032 1159 2057 ut
1187 2028 1279 2057 omnia
1307 2028 1521 2062 concludamus,
1547 2028 1641 2057 nullus
1668 2028 1695 2056 in
1724 2028 1792 2064 Lege
1821 2031 1878 2056 erat

1033 2075 1133 2112 dignus
1148 2075 1261 2112 duplici
1274 2083 1377 2112 poena:
1393 2076 1491 2112 flagelli
1508 2078 1535 2104 et
1556 2075 1661 2104 mortis.
1676 2074 1752 2103 Unde
1768 2074 1795 2102 in
1811 2075 1879 2110 Lege

1034 2122 1073 2151 sic
1104 2122 1238 2159 scriptum
1269 2126 1344 2151 erat:
1367 2122 1392 2151 Si
1421 2122 1520 2159 aliquis
1547 2122 1647 2159 dignus
1674 2121 1758 2150 fuerit
1779 2121 1878 2158 plagis,

1034 2169 1176 2206 vapulabit
1197 2177 1261 2198 eum
1284 2169 1419 2206 populus,
1447 2169 1490 2197 ita
1522 2171 1628 2203 tamen,
1657 2172 1689 2196 ut
1715 2168 1880 2206 quadrage-

1034 2216 1157 2244 narium
1182 2224 1338 2244 numerum
1368 2224 1424 2245 non
1454 2216 1600 2244 excedant.
1630 2215 1756 2244 Christus
1786 2217 1877 2242 autem

1034 2263 1136 2300 duplici
1163 2271 1250 2300 poena
1277 2263 1329 2292 fuit
1354 2263 1566 2292 condemnatus:
1595 2262 1693 2299 flagelli
1722 2265 1749 2290 et
1770 2261 1878 2295 mortis,

1035 2314 1131 2339 contra
1152 2310 1221 2339 illud
1235 2311 1343 2339 Nahum
1360 2310 1399 2338 ¹⁶:
1421 2309 1486 2338 Non
1501 2312 1653 2346 consurget
1668 2308 1772 2345 duplex
1788 2308 1879 2336 tribu-

1035 2357 1114 2386 latio.
1137 2358 1199 2386 Post
1226 2358 1328 2386 multas
1355 2357 1470 2385 iniurias
1498 2360 1525 2385 et
1552 2356 1658 2392 flagella
1689 2355 1880 2384 accumulave-

1035 2407 1102 2433 runt
1116 2412 1231 2441 poenam
1253 2404 1449 2441 ignominiosae
1464 2403 1575 2437 mortis,
1597 2402 1700 2431 scilicet
1714 2402 1813 2431 crucis.
1828 2402 1879 2429 To-

1035 2455 1094 2480 tum
1113 2459 1179 2488 ergo
1194 2454 1290 2480 contra
1304 2452 1401 2488 Legem
1416 2450 1475 2479 fuit.
1491 2467 1530 2471 —
1545 2450 1575 2478 Et
1590 2450 1693 2478 utinam
1710 2448 1880 2485 temporibus

196 2618 204 2630 ¹
223 2619 288 2641 Vers.
306 2618 328 2641 4.
345 2625 393 2647 seq.

196 2657 205 2670 ²
222 2658 352 2686 Respicitur
369 2658 403 2680 Ρ5.
422 2658 459 2686 36,
477 2658 513 2680 27.
830 2657 839 2670 ⁵
858 2658 923 2680 Vers.
941 2658 977 2680 15.

196 2696 205 2709 ‘¹
223 2697 267 2720 Csr.
286 2701 340 2720 tom.
358 2698 386 2720 V.
403 2697 503 2720 ltinerar.
521 2697 604 2720 inentis
621 2697 644 2719 in
662 2698 743 2725 Deum,
762 2703 780 2719 c.
800 2698 821 2720 1.
839 2704 862 2719 n.
880 2698 902 2720 5.
919 2700 941 2720 et
958 2703 978 2720 c.

134 2736 157 2759 7.
173 2743 195 2759 n.
214 2737 239 2765 '¹3
257 2737 378 2764 respicitur
395 2737 428 2759 ΙΙΙ.
445 2738 502 2765 Reg.
523 2737 556 2764 10,
575 2737 611 2759 19.

197 2775 206 2788 ⁵
223 2775 267 2799 Csr.
285 2779 340 2799 tom.
358 2776 386 2798 V.
403 2782 458 2804 pag.
476 2776 533 2803 114,
551 2779 603 2799 nota
621 2777 643 2799 3.

197 2814 207 2827 ⁶
224 2815 290 2838 VerS.
307 2816 334 2843 73
351 2818 480 2844 sequuntur
496 2815 567 2838 Exod.
584 2815 606 2842 3,
625 2816 646 2837 1,
663 2821 728 2844 seqq.
745 2817 768 2838 et
785 2816 845 2837 loan.
863 2815 899 2842 10,
917 2815 939 2837 9.

197 2853 205 2866 ⁷
223 2854 269 2877 err.
287 2857 343 2877 tom.
360 2855 387 2876 V.
406 2861 460 2883 pag.
477 2854 530 2883 570,
547 2861 570 2877 n.
589 2855 626 2877 12.
644 2858 665 2877 et
684 2855 720 2877 -13,
739 2857 762 2877 et
779 2855 879 2877 itinerar.
898 2854 981 2877 mentis

136 2893 159 2915 in
176 2894 262 2920 Deum,
280 2894 372 2922 Prolog.
387 2900 411 2916 n.
428 2894 449 2916 3.
467 2896 489 2916 et
505 2900 524 2916 c.
543 2894 565 2916 1.
582 2900 605 2916 n.
623 2895 645 2916 2.

198 2931 207 2944 Β
224 2933 254 2955 Ex
271 2932 352 2955 codice
368 2932 472 2955 biblioth.
488 2933 600 2955 National.
620 2933 691 2955 Paris.
714 2939 735 2954 11.
759 2932 843 2955 14952,
860 2932 897 2955 sol.
921 2932 980 2954 4004

135 2978 159 2994 v.
177 2978 231 2994 cum
248 2972 341 2994 nomine
358 2972 532 2995 Bonaventurae
543 2974 566 2994 et
577 2978 604 2994 ex
617 2972 724 2994 Trecensi
738 2978 759 2994 11.
772 2972 780 2993 11
788 2971 841 2994 464.
853 2971 891 2994 sol.
904 2971 933 2993 65
951 2977 981 2999 11.,

1035 2619 1057 2641 111
1075 2625 1121 2647 quo
1139 2621 1172 2640 est
1190 2618 1261 2641 multo
1278 2617 1386 2644 brevior,
1404 2618 1444 2639 cfr.
1462 2616 1580 2644 1100113011,
1597 2615 1686 2637 Notices
1703 2618 1754 2641 etc„
1771 2617 1825 2637 tom.
1846 2613 1881 2636 tv.

1036 2664 1090 2686 pag.
1108 2657 1132 2680 tt
1155 2661 1177 2679 et
1194 2657 1259 2679 Ratio
1276 2662 1351 2679 novae
1369 2656 1508 2678 collectionis
1525 2661 1579 2683 pag.
1597 2655 1650 2677 295.

1099 2695 1108 2708 ⁹
1125 2696 1195 2724 Epist.
1214 2697 1228 2718 1.
1246 2696 1305 2717 Petr.
1322 2696 1343 2722 2,
1362 2695 1400 2717 23.
1416 2700 1466 2723 seq.

1100 2733 1119 2746 ¹⁰
1137 2735 1212 2756 Malth.
1230 2734 1267 2759 21,
1284 2734 1310 2760 93
1327 2733 1381 2755 dein
1399 2732 1520 2760 respicitur
1538 2731 1606 2754 Hebr.
1624 2731 1645 2759 6,
1664 2731 1684 2752 6.

1100 2773 1118 2785 ¹¹
1137 2773 1207 2800 Epist.
1225 2773 1239 2794 1.
1258 2773 1316 2794 Petr.
1334 2773 1355 2798 2,
1374 2772 1411 2793 21.
1661 2768 1680 2781 ¹²
1697 2769 1769 2791 Levit.
1787 2769 1826 2796 19,
1848 2768 1881 2789 15.

1100 2810 1120 2824 ¹⁸
1136 2812 1208 2834 Exod.
1225 2811 1263 2837 23,
1281 2812 1306 2838 23
1324 2814 1452 2839 sequuntur
1469 2810 1524 2832 Luc.
1541 2810 1578 2835 23,
1596 2809 1633 2830 21.
1651 2812 1672 2830 et
1689 2807 1759 2830 Exod.
1777 2807 1813 2834 23,
1830 2807 1852 2828 7.

1100 2850 1120 2863 ¹⁴
1137 2841 1206 2878 Epist.
1225 2850 1238 2872 l.
1257 2850 1314 2872 Petr.
1332 2850 1353 2877 2,
1371 2850 1413 2876 22,
1431 2848 1534 2877 sequitur
1551 2847 1621 2869 Exod.
1638 2847 1681 2873 22,
1701 2847 1736 2868 18.

1101 2888 1121 2902 ¹⁶
1137 2889 1267 2917 Respicitur
1288 2888 1365 2911 Matth.
1386 2887 1423 2915 27,
1441 2887 1483 2914 263
1504 2888 1632 2915 sequuntur
1654 2885 1721 2907 Marc.
1740 2884 1783 2912 «¹5,
1804 2884 1837 2906 15.
1860 2886 1881 2905 et

1039 2930 1104 2952 Dent.
1121 2929 1158 2955 25,
1177 2929 1197 2950 3.

1101 2968 1120 2983 ¹⁶
1137 2967 1192 2996 Cap.
1212 2968 1233 2994 l,
1250 2968 1277 2993 9;
1294 2966 1398 2995 sequitur
1414 2966 1458 2988 lac.
1475 2965 1500 2992 2,
1519 2965 1555 2986 113.

1892 961 1968 980 Divisio.

1892 1240 1938 1258 Pars
1950 1240 1964 1258 I.

1899 1380 1969 1399 Pilatus
1982 1381 2019 1404 egit

1893 1405 1956 1422 contra
1969 1405 2020 1427 leges

1893 1431 1964 1446 omncs.

1894 1847 2016 1866 eoum-matur

1902 1871 2006 1894 Scriptura.

1896 2431 1964 2449 Contra
1977 2430 2025 2448 iudi-

1896 2459 1927 2473 ces
1937 2454 2023 2472 iniustos.
