2243 3348
222 580 335 599 Notandum.

212 1044 259 1062 Pars
271 1042 284 1060 Ι.
295 1042 340 1060 Gra-

213 1067 247 1085 dus
260 1066 270 1084 5
282 1066 302 1083 in
314 1069 343 1083 re-

229 1088 329 1107 stam-anda

224 1112 329 1131 hierarchia

236 1135 319 1154 caelesti.

238 1787 283 1806 Para
295 1787 317 1805 11.

214 1811 266 1832 Item,
278 1811 289 1829 5
301 1815 342 1833 gra-

215 1834 249 1852 dus
262 1834 281 1852 in
289 1838 343 1852 reno-

218 1857 279 1875 vanda
292 1857 341 1875 hier-

215 1880 279 1899 archia
289 1880 347 1899 eccle-

241 1903 322 1922 siastica.

351 169 407 198 320

353 246 411 282 Qui
431 244 567 281 aedificat
588 244 619 272 in
641 242 718 271 eaelo
733 240 946 271 ascensionem,-
961 235 1123 268 secundum,
1139 233 1191 261 ihi:

352 296 376 321 et
397 291 575 329 fasciculum
595 297 685 317 sunm
705 295 793 322 super
815 290 925 313 terram
946 281 1092 320 famlavit.
1118 279 1193 308 Sicut

352 339 425 368 enim
446 346 475 367 se
496 338 577 366 habet
599 337 696 364 hortus
719 331 834 370 paradisi
856 330 890 358 ad
909 327 1140 364 comparationem
1155 324 1192 352 fa—

353 385 457 418 sciculi,
472 384 510 412 sic
525 391 553 411 se
569 382 651 410 habet
665 379 795 417 gaudium
811 377 885 406 illius
900 374 1034 404 Ecclesiae
1048 373 1080 401 ad
1097 373 1192 405 ista1n;

354 432 468 467 ideoque
490 430 628 466 signanter
649 426 763 455 dicitnr:
789 424 846 459 Qui
866 421 1000 458 aedificat
1021 423 1086 452 etc„
1112 418 1192 455 quia,

354 477 422 505 sieut
446 475 544 503 Christi
567 472 733 502 resurrectio
755 474 795 499 est
820 476 902 498 causa
930 470 1040 495 nostrae
1068 471 1193 493 resurre-

354 522 464 555 ctionis,
487 521 524 549 sic
546 520 605 548 eius
625 517 747 546 ascensio
769 519 808 544 est
829 522 912 544 eausa
932 516 959 542 et
983 511 1125 548 exemplar
1146 518 1194 538 no-

354 571 425 596 strae
447 565 619 595 ascensionis.
653 564 709 600 lpse
740 562 812 590 enim
841 564 880 589 est
909 559 990 587 scala
1011 557 1193 593 continyens,

354 613 438 641 immo
454 615 599 648 penetrans
613 609 705 638 caelos
720 616 769 645 per
784 607 900 636 sublime
915 603 1078 637 Divinitatis,
1094 605 1120 630 et
1134 609 1195 630 con-

354 660 460 695 tingens
484 660 583 685 terram
598 664 647 693 per
664 656 759 683 limum
775 657 884 682 nostrae
899 651 998 680 carnis.
1016 651 1042 678 ln
1058 650 1109 677 hac
1124 648 1195 677 scala

354 705 551 741 disponuntur
562 710 657 731 omnes
671 701 851 730 ascensiones
864 701 873 716 1
888 697 1045 735 spirituales
1060 699 1086 724 et
1101 701 1196 723 omnes

355 751 534 788 perfectiones
555 753 581 778 et
602 748 813 786 glorificationes
834 750 861 775 et
881 745 952 773 dona
973 743 1077 781 gratiae
1098 746 1125 771 et
1139 742 1196 778 glo-

355 798 419 826 riae.
442 797 516 825 Unde
539 797 565 824 in
588 796 638 824 hac
659 795 732 824 scala
759 794 890 822 dicuntur
913 790 1016 828 Anyeli
1043 788 1197 817 ascendere

355 848 380 872 et
393 844 561 872 descendere
575 851 669 880 supra
685 842 792 870 Filium
805 839 941 872 hominis,
954 837 1060 866 loannis
1072 836 1161 872 primo
1173 835 1197 868 2;

355 894 383 919 et
404 891 470 919 haec
491 893 532 918 est
553 890 703 926 significata
724 888 835 916 Genesis
862 885 993 923 vigesimo
1016 887 1128 916 octat-0,
1149 881 1197 910 uhi

356 937 434 966 Iacob
454 937 487 965 ad
509 936 639 965 visionem
661 936 720 964 eius
740 935 862 963 elevatus
884 932 942 961 fuit.

435 984 451 1011 l.
466 982 638 1019 Aedificaoit
649 985 740 1010 autem
754 980 950 1010 ascensionem
964 986 1050 1006 suain
1064 976 1198 1005 Dominus

357 1030 430 1059 lesus
452 1037 588 1066 supernae
609 1028 727 1057 civitatis
749 1026 930 1056 restaurando
950 1025 1093 1057 decorem,
1115 1025 1142 1051 et
1157 1030 1198 1051 se-

357 1077 477 1106 cuudum
499 1077 551 1104 hoc
572 1079 637 1104 sunt
658 1075 781 1112 quinque
802 1073 904 1111 gradus
925 1072 952 1100 in
975 1072 1026 1100 hac
1051 1070 1132 1099 scala.
1156 1069 1201 1111 Et·-

357 1124 428 1152 enim
459 1123 629 1152 ascendendo
660 1129 796 1159 supernae
829 1120 975 1149 Ierusalem
997 1116 1133 1155 patefecit
1155 1117 1198 1145 in-

356 1179 507 1208 9›·essum,·
522 1170 657 1198 lilicliaeae
672 1168 791 1197 secundo
803 1168 826 1195 ³:
844 1167 991 1200 Ascendet,
1000 1165 1134 1202 pandens
1145 1164 1199 1192 uer

358 1223 422 1246 ante
443 1226 501 1251 eos,
524 1217 551 1245 in
573 1217 646 1245 illam
669 1216 792 1253 requiem
808 1218 857 1243 etc.
873 1231 911 1234 —
926 1214 1066 1250 Supernae
1082 1210 1199 1240 matris4

358 1264 563 1301 redintegravit
584 1271 759 1295 numerum;
781 1261 813 1290 ad
836 1260 967 1297 Ephesios
995 1261 1110 1296 quarto:
1137 1257 1200 1293 Ipse

357 1314 396 1338 est
417 1315 441 1338 et
462 1310 513 1348 qui
533 1310 662 1338 ascendit
682 1317 771 1345 super
793 1316 889 1336 omnes
911 1306 1020 1339 caelos,
1044 1309 1075 1333 nt
1102 1303 1200 1340 imple—

358 1362 399 1385 ret
421 1358 528 1385 onmia.
552 1373 588 1377 —
610 1356 750 1392 Superuae
772 1354 889 1383 civit-atis
911 1352 1111 1382 accumulavit
1124 1350 1200 1379 sola-

358 1403 448 1436 tium,·
470 1404 606 1431 Psalmus:
630 1402 767 1430 Ascendit
790 1402 865 1429 Deus
888 1401 917 1428 in
946 1399 1035 1427 iubilo
1056 1402 1080 1426 et
1102 1397 1201 1426 Domi-

358 1458 413 1477 nus
435 1450 465 1477 in
487 1458 551 1477 voce
573 1448 665 1477 tubae.
688 1464 724 1468 —
746 1448 887 1484 Supernae
909 1445 1086 1475 beatitudinis
1115 1443 1200 1473 subli-

357 1496 440 1524 mavit
461 1499 488 1524 et
508 1495 646 1524 stabilivit
668 1494 842 1531 imperiunz;
859 1493 981 1521 Psalmus
993 1492 1018 1519 5:
1036 1492 1135 1528 Reyna
1150 1494 1202 1518 ter-

358 1550 425 1575 rae,
445 1546 559 1570 cantate
582 1542 637 1570 Deo
658 1544 723 1574 etc„
745 1541 797 1578 qut
821 1540 950 1569 aseendit
978 1547 1067 1575 super
1089 1537 1201 1566 eaelum

357 1588 430 1617 caeli
450 1589 489 1617 ad
510 1589 654 1617 orientem.
677 1605 714 1609 ——
736 1589 876 1624 supernae
901 1586 1037 1615 felicitatis
1057 1584 1202 1613 derivavit

358 1634 521 1672 influxmm
542 1635 575 1663 ad
598 1635 727 1671 Ephesios
741 1637 856 1671 quarto:
873 1632 1036 1661 Aseendens
1051 1632 1082 1660 in
1097 1631 1200 1664 altum,

358 1682 504 1719 captivam
522 1683 607 1711 duacit
622 1682 828 1719 captivitatem,
844 1681 921 1709 dedit
934 1680 1012 1708 dona
1026 1678 1200 1707 horninibus.

436 1729 464 1757 ΙΙ.
486 1730 624 1758 Humanae
645 1729 814 1758 infirmitatis
828 1727 985 1757 renovando
999 1727 1144 1760 virtutem,
1165 1733 1201 1753 ex

358 1784 413 1813 quo
429 1776 583 1813 sequitur...
596 1776 606 1792 ⁶
628 1776 779 1805 secundum
795 1775 861 1803 illud
877 1774 958 1811 primi
974 1775 1077 1811 Regum
1096 1773 1202 1801 decimo

359 1823 496 1859 quarto⁷:
519 1823 656 1851 Ascendit
686 1821 843 1856 jonathas,
872 1821 1010 1850 manibus
1037 1824 1062 1849 et
1082 1819 1202 1857 pedibus

359 1874 492 1906 reptans,
514 1874 540 1898 et
559 1870 690 1907 armiyer
711 1870 787 1903 eius,
809 1869 835 1897 id
857 1871 898 1897 est
912 1869 1033 1897 humana
1047 1867 1202 1901 infirmitas,

357 1920 422 1953 post
452 1925 531 1951 eum,
551 1925 601 1954 per
632 1917 756 1953 quinque
787 1916 901 1953 gradus,
934 1915 1036 1943 scilicet
1068 1922 1116 1951 per
1148 1914 1203 1942 sin—

361 1964 501 1992 ceritatem
523 1963 720 1996 innocentiae,·
742 1963 882 1991 Psalmus:
913 1962 985 1998 Quis
1013 1961 1144 1990 ascendet
1172 1961 1204 1989 in

360 2015 483 2039 montem
505 2010 623 2039 Domini
643 2013 693 2039 etc.
716 2010 856 2038 Innocens
878 2008 1014 2037 inanibus
1042 2012 1068 2036 et
1094 2007 1203 2036 mundo

361 2058 454 2086 corde.
476 2074 514 2078 ——
537 2058 585 2086 Per
607 2057 778 2086 sanctitatem
799 2056 978 2093 pudicitiae;
1007 2055 1090 2084 Isaiae
1118 2054 1204 2083 unde-

361 2104 447 2132 cimo:
470 2104 536 2132 Flos
557 2104 591 2132 de
618 2104 718 2132 radice
738 2103 800 2131 eius
828 2103 966 2131 ascendet.
988 2119 1026 2122 —
1047 2102 1097 2130 Per
1118 2101 1202 2130 subli-

362 2150 483 2179 mitatem
505 2150 709 2187 confidentiae;
730 2149 842 2178 Genesis
860 2148 1071 2185 quadragesimo
1085 2147 1203 2176 sextoss:

363 2197 463 2225 Iuncto
477 2196 578 2234 Ioseplt
593 2205 686 2225 curru
701 2205 765 2230 suo,
781 2196 911 2224 ascendit
925 2195 1039 2224 obviant
1047 2195 1132 2232 patri
1141 2203 1203 2223 suo.

363 2259 398 2263 —
421 2243 470 2271 Per
491 2243 653 2271 suavitatem
676 2242 896 2275 benevolentiae;
917 2242 1093 2270 Canticorum
1108 2240 1203 2269 tertio:

363 2291 524 2319 Ascensum
543 2298 729 2327 purpureum
758 2290 854 2318 inedia
881 2289 1005 2317 caritate
1036 2287 1204 2317 constravit.

363 2352 399 2358 —
420 2337 471 2366 Per
492 2337 665 2366 stabilitatem
682 2336 933 2374 perseverantia&
948 2335 1125 2365 Ecclesiastici
1142 2343 1207 2372 qua-

363 2383 517 2420 dragesimo
538 2387 633 2412 sexto:
657 2383 739 2412 Dedit
760 2383 904 2412 Dominus
928 2383 987 2420 ipsi
1011 2382 1094 2411 Caleb
1122 2381 1207 2419 forti—

365 2430 491 2458 tudinem
513 2433 574 2464 etc.,
596 2434 629 2458 ut
649 2431 813 2459 ascenderet
835 2430 866 2458 in
886 2430 1027 2458 excelsum
1051 2433 1146 2458 terrae
1167 2428 1206 2457 lo-

364 2484 439 2504 cum.
460 2492 496 2497 ——
518 2476 548 2504 Hi
569 2477 693 2513 quinque
713 2476 815 2513 gradus
837 2479 901 2505 sunt
922 2480 1018 2505 contra
1042 2483 1122 2504 omne
1150 2483 1207 2503 ma-

1014 157 1185 187 SERMONES
1206 155 1248 184 DE
1270 153 1433 183 TEMPORE.

1248 232 1314 260 lum.
1338 230 1484 258 Sinceritas
1513 228 1682 257 innocentiae
1713 227 1821 255 ordinat
1852 226 1885 255 ad
1917 226 2091 263 proximum,

1249 277 1378 306 sanctitas
1400 275 1545 312 pudicitiae
1566 274 1600 302 ad
1621 282 1649 302 se
1670 274 1772 310 ipsum,
1788 273 1941 302 sublimitas
1956 273 2094 302 confiden-

1250 324 1302 352 tiae
1323 323 1357 351 ad
1379 323 1482 355 Deum,
1504 321 1625 350 suavitas
1652 320 1858 349 benevolentiae
1882 320 1915 349 ad
1944 328 2024 348 omne
2046 320 2093 348 ho-

1251 377 1332 402 num,
1355 368 1489 397 stabilitas
1509 367 1730 404 perseverantiae
1752 369 1847 395 contra
1871 374 1952 395 omne
1981 366 2092 394 malum.

1329 416 1368 443 lll.
1385 414 1539 443 Diabolicae
1553 414 1723 442 crudelitatis
1738 413 1901 442 refrenando
1913 412 2094 449 tyrannidem,

1251 462 1401 491 secundnm
1415 461 1481 490 illud
1495 461 1577 490 lsaiae
1592 460 1763 497 sexagesimo
1775 460 1887 489 tertia-³:
1904 460 1975 495 Quis
1990 462 2029 488 est
2043 459 2095 488 iste

1251 509 1301 546 qnz‘
1324 508 1398 537 venit
1418 508 1452 536 de
1475 507 1585 535 Edoni?
1606 508 1676 544 Epo,
1692 507 1744 545 qui
1755 510 1960 544 propuynator
1974 515 2039 535 sum
2055 505 2096 534 ad

1250 555 1436 583 sulcandum.
1459 554 1598 591 Confregit
1619 557 1710 582 autem
1733 553 1860 582 Christus
1881 553 2019 581 diabolum
2046 560 2095 589 per

1252 601 1449 635 humilitatem,
1472 601 1505 629 de
1526 609 1581 637 qua
1602 600 1665 629 fecit
1687 600 1765 629 nohis
1786 600 1885 629 scalam
1901 600 1934 628 ad
1948 599 2096 628 ascenden-

1252 647 1317 676 dum
1341 655 1390 684 per
1412 647 1536 684 quinque
1557 646 1669 683 gradus.
1693 646 1796 674 Etenim
1820 646 1977 674 informavit
2005 646 2031 674 in
2053 645 2097 673 in-

1252 694 1423 722 carnatione
1454 693 1487 722 ad
1520 693 1704 722 humilitatem
1741 692 2016 725 condescendentiae,
2048 700 2097 729 per

1253 748 1336 777 quam
1359 740 1530 769 conculcavit
1551 740 1650 768 diaboli
1672 739 1859 776 arrogantias;
1889 740 2028 768 Psalmus:
2052 740 2098 767 In-

1254 787 1374 816 clinavit
1395 788 1488 816 caelos
1509 791 1535 816 et
1554 787 1698 815 deseendit
1719 791 1744 814 et
1765 787 1893 814 ascendit
1920 795 2008 823 super
2032 785 2099 815 Gne-

1254 833 1351 862 rubim
1374 838 1399 862 et
1421 834 1534 862 volavit.
1558 850 1595 853 —
1618 834 1644 861 ln
1671 833 1868 870 baptizatione
1896 832 1930 861 ad
1958 833 2099 861 humilita-

1255 883 1309 909 tem
1333 880 1469 917 perfectae
1491 880 1620 914 iustitiae‚
1643 887 1691 916 per
1713 888 1796 916 quam
1815 879 1987 908 conculcavit
2000 878 2099 908 diaboli

1255 928 1385 962 astutias3
1409 928 1514 956 loannis
1537 927 1631 961 tertio,
1654 927 1700 955 uhi
1723 926 1778 963 agit
1799 926 1832 955 de
1854 926 2004 963 baptismo;
2019 926 2098 954 dicit:

1258 975 1291 1003 Et
1312 982 1393 1003 nemo
1414 974 1544 1003 aseendit
1565 975 1595 1002 in
1617 973 1744 1007 caelum,
1766 973 1826 1001 nisi
1845 973 1897 1011 qui
1910 973 2054 1001 descendit
2067 973 2101 1001 de

1256 1020 1351 1054 caelo,
1373 1020 1469 1049 Filius
1491 1019 1632 1054 hominis,
1654 1019 1706 1057 qui
1726 1023 1767 1048 est
1787 1020 1818 1047 in
1839 1019 1925 1047 caelo.
1948 1035 1985 1039 -
2000 1019 2028 1047 lu
2043 1022 2101 1047 ten-

1257 1067 1363 1096 tatione
1383 1067 1416 1095 ad
1439 1067 1621 1095 humilitatem
1644 1067 1776 1100 cautelae,
1800 1074 1847 1103 per
1869 1074 1951 1103 quam
1971 1065 2102 1095 enudavit

1256 1113 1354 1142 diaboli
1378 1113 1593 1147 fraudulentias;
1616 1113 1697 1150 primi
1714 1114 1816 1150 Regum
1832 1113 1938 1142 decimo
1952 1112 2100 1150 quartoffl:

1258 1160 1393 1189 Ascendit
1417 1159 1569 1194 lofnacltas,
1591 1160 1729 1189 manibus
1750 1164 1774 1188 el
1792 1160 1915 1197 pedibus
1929 1164 2063 1197 reptans,
2077 1163 2102 1188 et

1257 1208 1389 1245 armiyer
1411 1208 1473 1236 eius
1492 1212 1558 1245 post
1578 1216 1652 1235 eum.
1675 1224 1713 1228 —-
1728 1208 1754 1235 ln
1771 1207 1987 1235 conversatione
2001 1207 2035 1235 ad
2049 1207 2102 1236 hu-

1258 1255 1398 1284 militatem
1420 1255 1589 1291 disciplinae,
1605 1262 1653 1291 per
1668 1263 1751 1291 quam
1768 1255 1898 1291 effugavit
1911 1254 2010 1283 diaboli
2027 1255 2103 1283 blan-

1257 1302 1352 1335 ditias;
1378 1302 1504 1336 Habacuc
1533 1302 1629 1330 tertio:
1653 1302 1843 1338 Inyrecliatur
1861 1301 1986 1338 putredo
2007 1301 2038 1330 in
2059 1309 2104 1329 os-

1256 1349 1338 1377 sibus
1359 1349 1429 1377 meis
1451 1353 1512 1383 etc„
1535 1352 1566 1377 ut
1587 1348 1746 1377 ascendam
1770 1349 1810 1377 ad
1835 1348 1977 1386 populum
2006 1348 2104 1377 accin-

1257 1400 1335 1424 ctum
1357 1399 1499 1424 nostrum.
1523 1412 1560 1415 ——
1583 1396 1610 1423 ln
1630 1395 1766 1432 passione
1788 1395 1821 1423 ad
1852 1395 2033 1424 humilitatem
2065 1397 2104 1424 to-

1259 1443 1404 1476 lerantiae,
1437 1450 1593 1479 perquam
1625 1442 1759 1478 confregit
1790 1442 1891 1470 diaboli
1924 1445 2103 1479 potestatem;

1260 1490 1396 1518 Psalmus:
1421 1490 1478 1525 Qui
1498 1489 1629 1518 aseendit
1659 1497 1747 1526 super
1776 1497 1929 1523 oceasum,
1964 1489 2105 1517 Dominus

1258 1545 1361 1565 nomen
1377 1537 1420 1565 illi
1425 1547 1434 1570 ‚·
1449 1537 1625 1565 Canticorum
1641 1537 1757 1573 septimo
1769 1537 1808 1564 11;
1821 1536 1986 1564 Ascendam
2000 1535 2032 1564 in
2043 1535 2106 1572 pal-

1258 1592 1338 1612 mam
1360 1588 1386 1612 et
1407 1582 1626 1620 apprehendam
1648 1582 1782 1620 fmtctum
1804 1583 1875 1611 eius.

1594 1685 1685 1713 Sentio
1707 1685 1728 1713 V
1741 1685 1772 1712 ¹2.

1329 1780 1408 1809 Item,
1429 1786 1508 1804 sermo
1527 1779 1614 1803 fratris
1632 1779 1823 1804 Bonaventurae
1842 1780 1867 1803 in
1893 1778 2022 1804 Conveniat
2040 1778 2107 1803 Nar-

1259 1822 1370 1848 bouensi.

1341 1912 1483 1940 Dominus
1506 1912 1536 1940 in
1557 1912 1634 1941 eaelo
1653 1912 1775 1949 paravit
1796 1912 1889 1940 sedem
1910 1920 2008 1946 suam,
2023 1914 2048 1940 et
2062 1920 2107 1940 re-

1259 1967 1350 1996 ynunz
1373 1959 1468 1995 ipsius
1489 1958 1624 1987 omnibus
1644 1958 1855 1992 dominabitur,
1879 1958 2046 1987 Psalmus¹⁸.

1341 2006 1367 2034 ln
1390 2006 1482 2034 verhis
1515 2005 1557 2034 his
1588 2005 1709 2041 explicat
1740 2013 1817 2034 sacer
1847 2005 1932 2034 David
1965 2005 2106 2034 materiam

1261 2053 1414 2089 praesentis
1434 2052 1623 2081 solemnitatis.
1646 2052 1697 2080 Sed
1718 2052 1784 2089 quia
1811 2052 1934 2081 ascensio
1961 2052 2026 2081 dicit
2049 2060 2108 2081 mo-

1261 2102 1334 2133 tum,
1356 2102 1383 2128 et
1405 2102 1495 2127 motus
1517 2099 1684 2133 terminum,
1706 2099 1766 2128 ideo
1787 2099 1918 2128 describit
1938 2107 1997 2128 eam
2017 2099 2107 2136 quoad

1262 2146 1411 2175 terminum
1433 2145 1626 2180 excellentem,
1649 2146 1702 2174 ibi:
1724 2146 1759 2174 In
1781 2146 1875 2180 caelo;
1896 2146 1986 2183 quoad
2013 2145 2108 2175 termi-

1262 2201 1328 2222 num
1342 2196 1570 2230 permanentem,
1587 2193 1639 2221 ihi:
1653 2193 1775 2230 paravit
1789 2193 1882 2221 sedem
1897 2201 2003 2226 suarm
2017 2192 2108 2230 quoad

1263 2240 1411 2269 terminum
1434 2239 1591 2277 efficacem,
1613 2239 1665 2268 ibi:
1688 2243 1713 2268 et
1726 2248 1849 2277 reanum
1865 2239 1959 2277 ipsius
1974 2239 2108 2268 omnibus

1263 2286 1471 2315 dominabitur.

1345 2334 1486 2362 Dominus
1506 2342 1572 2371 ergo
1594 2334 1625 2362 in
1646 2333 1724 2362 eaelo
1744 2337 1795 2363 etc.
1813 2334 1862 2362 Per
1877 2333 1989 2362 caelum
2003 2336 2107 2367 autem,

1263 2380 1336 2417 quod
1359 2380 1470 2417 quidem
1491 2383 1532 2409 est
1554 2381 1671 2409 sublime
1686 2380 1758 2409 sicut
1771 2380 1905 2409 sublimis
1918 2380 2008 2414 situs,
2029 2380 2109 2408 intel-

1264 2427 1358 2464 ligitur
1373 2427 1473 2456 Christi
1495 2427 1674 2456 excellentiae
1695 2427 1825 2461 altitud0;
1841 2426 2053 2456 Proverbiorum
2069 2426 2109 2455 vi-

1265 2474 1368 2511 gesimo
1382 2475 1480 2511 quinto
1492 2475 1528 2503 14:
1554 2474 1671 2503 Caelum
1690 2482 1811 2503 sursum
1827 2478 1853 2503 et
1867 2478 1947 2502 terra
1961 2474 2108 2507 deorsum,

428 2671 435 2684 1
453 2671 581 2699 Respicitur
598 2672 633 2694 Ps.
652 2672 692 2699 83,
710 2672 732 2694 6.

427 2710 435 2723 ²
454 2711 519 2733 Vers.
536 2710 573 2732 5⁴.
591 2713 614 2733 et
629 2710 682 2733 dein
700 2711 821 2738 respicitur
837 2711 893 2733 Gen.
911 2711 952 2738 28,
970 2712 1007 2734 112.
1025 2718 1074 2740 seq.

427 2748 436 2761 ³
453 2749 520 2772 Vers.
537 2749 572 2771 13.

426 2788 436 2801 ⁴¹
452 2789 582 2817 Respicitur
599 2789 646 2811 Gal.
665 2789 690 2816 9,
708 2789 750 2811 26:
768 2788 813 2812 Illa
830 2790 909 2812 autem
931 2795 991 2819 qnae
1011 2795 1111 2813 sursum
1127 2791 1161 2813 est
1177 2790 1208 2813 Ie-

365 2827 470 2851 rusalem
487 2827 561 2851 libera
578 2829 618 2855 est,
637 2834 697 2857 quae
712 2829 746 2851 est
762 2829 838 2851 malet·
855 2830 946 2851 nostra.
964 2841 994 2845 —
1006 2829 1138 2858 Sequuntur
1150 2830 1207 2857 Eph.

365 2867 447 2893 4‚=10.
463 2869 485 2889 et
502 2867 536 2889 Ps.
555 2866 595 2895 46,
613 2867 634 2889 6.

428 2905 436 2917 ⁵
453 2906 534 2928 Psalm.
553 2906 594 2933 67,
610 2906 648 2928 33.
665 2912 726 2934 seq.;
743 2906 846 2935 sequitur
863 2907 920 2934 Eph.
939 2906 964 2933 4,
981 2907 1002 2929 8.

427 2943 437 2956 ⁶
454 2945 494 2967 Hic
511 2945 597 2973 aliquid
615 2945 726 2968 excidisse
742 2945 842 2968 videtur.

1328 2671 1336 2684 ⁷
1354 2673 1419 2695 Vers.
1440 2673 1478 2699 13,
1495 2677 1623 2701 sequuntur
1640 2673 1675 2695 ΡΞ.
1692 2673 1732 2700 23,
1750 2672 1772 2694 3.
1789 2678 1838 2700 seq.
1855 2674 1877 2694 et
1894 2671 1942 2694 lsai.
1961 2672 2001 2700 it,
2021 2672 2042 2694 t.

1327 2710 1336 2723 ⁸
1355 2711 1419 2734 Vers.
1437 2712 1478 2740 293
1494 2716 1623 2741 sequuntur
1639 2711 1703 2734 Cant.
1722 2712 1748 2739 3,
1770 2711 1802 2733 10.
1820 2714 1842 2734 et
1857 2711 1924 2733 Eccli.
1942 2711 1983 2739 46,
2002 2711 2039 2733 Μ.

1327 2749 1337 2763 ⁹
1354 2751 1420 2773 Vers.
1441 2752 1464 2778 l;
1482 2754 1610 2780 sequuntur
1627 2752 1661 2774 Ps.
1681 2752 1721 2778 17,
1743 2752 1777 2773 10.
1794 2757 1842 2780 seq.
1859 2754 1881 2773 et
1899 2751 1958 2773 ioan.
1976 2751 2001 2778 3,
2021 2751 2057 2773 43,

1327 2788 1346 2802 ¹⁰
1365 2790 1429 2812 Vers.
1448 2791 1488 2818 vl3;
1506 2793 1634 2819 sequuntur
1651 2790 1759 2813 Habacuc
1776 2790 1802 2819 3,
1821 2791 1856 2812 16.
1874 2793 1896 2812 et
1913 2790 1948 2812 Ps.
1968 2790 2010 2818 67,
2027 2790 2049 2813 5.

1327 2828 1345 2841 11
1364 2829 1429 2852 Vers.
1448 2830 1470 2851 8.

1327 2866 1346 2880 ¹²
1364 2868 1394 2891 Ex
1412 2868 1429 2890 Α
1448 2869 1484 2891 rol.
1505 2868 1546 2891 ²24
1565 2875 1587 2891 v.
1605 2871 1628 2891 et
1645 2869 1660 2891 Β
1678 2869 1716 2891 tol.
1734 2868 1777 2896 50,
1799 2868 1840 2891 sed
1866 2869 1902 2891 hic
1927 2874 1981 2891 cum
2003 2867 2108 2891 rubrica:

1264 2907 1333 2937 lust-a
1350 2908 1458 2930 octavam
1475 2907 1631 2936 ascensionis,
1650 2907 1686 2931 vel
1703 2907 1727 2930 in
1744 2907 1796 2937 ipsa
1813 2906 1945 2931 Dominica.

1328 2945 1347 2958 ¹³
1364 2946 1447 2968 Psalm.
1465 2947 1522 2974 102,
1541 2947 1577 2969 49.
1967 2945 1987 2958 11
2007 2946 2069 2969 Vers.
2088 2946 2110 2969 3.

2111 488 2218 532 sitnia
2234 491 2239 511 ³

2125 2148 2202 2167 Divisio.
