2243 3348
345 212 398 241 198

341 298 373 319 eo
394 289 468 326 quod
490 288 610 325 perfecte
631 287 767 316 dulcorat
788 288 915 322 gustum,
937 283 1057 320 perfecte
1072 282 1146 310 ditat
1160 285 1187 310 et

341 336 466 365 honorat
497 334 641 372 proprium
673 333 828 362 subiectum
860 334 887 359 et
918 330 1038 366 perfecte
1070 328 1187 357 delcetat

341 390 440 411 Visum.

420 428 510 457 Primo
526 427 571 455 illa
584 433 689 454 merces
704 424 756 453 erit
771 423 908 452 deliciosa
923 422 963 451 ad
971 420 1188 459 perfruendum

195 483 323 502 nemercede
341 478 455 512 propter
476 473 645 502 affluentiam
666 470 834 503 dulcedinis;
857 469 930 498 unde
951 468 1053 497 dicitur
1074 468 1101 496 in
1117 467 1189 496 Psal-

227 507 294 531 prima.

341 522 427 551 mo¹:
458 521 531 549 Cain
559 518 668 547 dederit
697 517 807 546 dilectis
831 516 896 545 suis
925 523 1080 548 sommam,-
1111 522 1188 547 ecce,

341 567 486 596 hereditas
509 565 636 598 Domini,
657 564 729 601 filiu
749 572 868 596 merces,
884 561 1003 600 fructus
1021 561 1139 589 ventris.
1152 576 1188 581 ——

342 614 468 642 Christus
488 615 527 640 est
548 611 667 648 fractus
690 610 811 643 uentris,
835 609 954 646 Virginis
971 608 1121 645 gloriosae,
1142 607 1189 635 da-

342 664 388 689 tus
408 660 435 687 in
458 661 620 695 perpetuam
642 656 829 685 heredita-tem
850 659 877 685 et
898 655 1055 684 mercedem
1080 654 1189 683 delicio-

342 714 400 735 sam
421 705 527 734 dilectis
548 704 618 740 filiis
639 703 686 732 Dei
709 706 770 740 post
791 703 871 731 istam
894 702 986 731 vitam.
1010 702 1062 730 Ista
1085 708 1190 729 merces

342 753 422 782 satiat
443 751 595 788 appetitum
611 751 727 784 animae,
743 749 808 787 quia
824 749 918 778 intime
933 752 960 777 et
976 756 1024 785 per
1043 747 1189 776 essentiam

342 800 365 828 ei
389 799 520 832 illabitur,
542 798 659 826 delectat
674 797 755 826 etiam
771 796 878 825 ratione
895 795 1111 828 convenientiae,
1126 793 1191 830 quia

347 857 361 871 «t
375 845 518 874 delectatio
539 847 581 873 051
602 843 788 873 convenientis
803 851 868 872 cum
889 841 1061 871 convenienti
1077 841 1191 870 coniun—

343 893 422 922 01102
439 903 471 926 »3
501 895 527 920 et
555 891 646 920 anima
674 891 742 919 nulli
775 890 874 919 melius
905 889 1033 918 convenit
1061 887 1189 924 coniungi

344 948 428 977 quam
451 939 505 974 illi,
527 939 561 967 ad
583 939 663 967 cuius
685 937 844 975 imayinem
865 940 889 965 et
910 935 1131 965 similitudinem
1153 934 1191 963 fa-

344 990 387 1016 cta
407 990 456 1015 est.

424 1033 548 1062 Secundo
570 1033 622 1061 ista
642 1039 749 1060 merces
770 1031 823 1060 erit
837 1030 955 1067 copiosa
976 1029 1016 1058 ad
1035 1029 1192 1057 ditandum

197 1089 251 1110 nem,
263 1088 286 1107 de
299 1093 327 1107 se·
344 1084 458 1118 propter
473 1079 664 1109 excellentiam
682 1077 893 1115 magnitudinis3
915 1076 989 1105 unde
1009 1076 1111 1105 dicitur
1126 1076 1191 1103 Mat-

228 1112 297 1130 cunda.

344 1128 418 1157 thaei
440 1127 576 1164 quinto³:
603 1126 731 1155 Gaudete
752 1129 776 1153 et
798 1124 947 1158 exsultate,
963 1123 1103 1161 quoniam
1117 1131 1192 1151 mer—

345 1183 389 1203 ces
405 1178 501 1203 vestra
516 1173 633 1210 copiosa
648 1176 687 1201 est
703 1172 734 1200 in
749 1171 844 1200 caelis.
862 1188 897 1191 —-
914 1170 1051 1203 Gaudete,
1068 1169 1191 1206 inquam,

344 1221 462 1250 interius
484 1221 510 1249 111
532 1220 639 1253 anima3
661 1223 686 1248 et
714 1218 870 1252 exszdtate,
899 1217 1025 1246 exterius
1051 1216 1078 1245 10
1107 1215 1192 1244 verbo

344 1272 370 1298 et
391 1268 477 1301 fact03
499 1267 595 1296 nullus
616 1267 651 1295 sit
672 1266 749 1295 10005
770 1264 973 1294 incertitudinis
1001 1263 1044 1292 vel
1070 1263 1192 1296 timoris,

344 1315 416 1353 qaia
438 1322 545 1343 merces
573 1317 669 1342 nestra
697 1312 814 1348 copiosa
835 1314 876 1339 est
903 1311 934 1339 in
962 1309 1057 1338 caelis.
1087 1309 1193 1337 Dicitur

344 1362 396 1390 ista
417 1369 524 1390 merces
545 1360 679 1397 copiosa,
702 1359 767 1396 quia
788 1358 876 1394 replet
898 1360 983 1385 totam
1005 1356 1123 1384 animam
1150 1363 1193 1383 ra-

1004 205 1176 234 SERMONES
1198 205 1241 233 DE
1262 203 1425 233 TEMPORE.

1247 281 1319 310 tione
1340 288 1407 309 suae
1428 280 1623 314 sufficientiae,
1646 282 1673 309 et
1693 280 1759 316 quia
1780 279 1889 309 excedit
1910 287 1987 308 suam
2010 287 2088 316 capa-

1245 327 1354 356 citatem
1377 326 1483 355 ratione
1504 326 1648 355 infinitatis
1669 329 1696 355 et
1720 326 1912 360 abundantiae,
1934 328 1961 354 et
1981 325 2090 362 adeptio

1245 372 1325 401 etiam
1349 371 1436 408 ipsius
1458 372 1593 401 mercedis
1614 375 1730 400 evacuat
1751 379 1861 400 omnem
1877 371 2012 401 timorem.
2029 371 2090 400 111οο

1244 419 1346 447 dicitur
1368 419 1465 453 Abrae,
1486 418 1598 447 Genesis
1619 418 1725 447 decimo
1747 418 1859 455 quinto:
1883 418 1949 447 Noli
1976 418 2090 452 timere,

1247 465 1376 498 Abram,
1409 473 1459 502 090
1485 468 1630 501 protector
1660 468 1729 493 tuus
1756 473 1822 493 sum
1851 468 1875 493 et
1903 473 2010 493 merces
2039 468 2091 493 tua

1245 520 1356 549 mayna
1375 511 1472 540 utonis.

1325 559 1417 587 Tertio
1439 559 1489 587 ista
1511 566 1617 587 merces
1638 558 1768 596 speciosa
1789 562 1830 587 est
1850 558 1890 587 ad
1919 558 2091 587 intuendum

1247 608 1360 642 propter
1381 605 1573 642 refulgentiam
1597 604 1806 642 pulcritudinis3
1828 604 1902 633 unde
1922 604 2024 633 dicitur
2046 605 2092 633 Sa-

1247 652 1365 689 pientiae
1386 652 1483 689 quinto
1498 652 1525 680 41
1548 652 1624 680 Iusti
1644 654 1740 680 autem
1756 652 1787 680 in
1799 655 1974 688 perpetuum
1987 651 2092 685 vivent,

1247 702 1271 728 ct
1292 700 1374 736 apud
1398 699 1555 727 Dominum
1576 702 1617 727 est
1636 707 1745 727 merces
1767 707 1885 732 eorum,
1911 701 1935 726 ct
1957 697 2093 735 copitatio

1249 746 1366 775 illorum
1394 746 1477 783 apud
1498 745 1692 774 Altissimum.
1715 746 1781 774 Ideo
1807 745 1948 782 accipient
1969 752 2093 782 reynum

1247 793 1359 821 decoris
1380 796 1404 820 et
1425 792 1563 820 diadema
1577 791 1682 828 speciei
1695 792 1729 820 de
1742 800 1834 820 manu
1853 791 1977 820 Domini.
1994 806 2032 811 -—
2047 791 2094 819 Sa-

1248 839 1350 877 pientia
1371 839 1444 868 enim
1465 842 1578 867 aeterna
1599 838 1679 867 iustis
1701 838 1727 866 in
1757 841 1923 875 perpetuum
1956 837 2095 874 regnanti-

1248 887 1301 916 bus
1323 888 1458 923 proponet
1478 885 1539 913 illas
1560 885 1681 913 rationes
1702 887 1828 913 aeternas
1842 884 1966 913 omnium
1982 884 2016 912 ad
2031 891 2095 913 con-

1249 933 1436 970 templandum
1459 932 1485 960 111
1508 940 1594 969 regno
1616 940 1667 960 suo
1689 934 1819 968 tanquam
1849 931 1876 959 in
1898 931 2011 968 speculo
2032 931 2094 967 pul-

1249 980 1424 1009 criformiter.
1448 979 1475 1007 ln
1498 979 1549 1007 hae
1570 978 1800 1015 contemplatione
1822 978 1879 1007 sive
1905 978 2038 1007 «visione
2053 980 2094 1007 est

1250 1030 1305 1057 tota
1326 1027 1453 1056 merces⁵
1470 1039 1496 1061 »,
1518 1033 1589 1063 quae
1605 1028 1680 1054 tanto
1694 1025 1830 1054 desiderio
1845 1024 1886 1054 sui
1903 1025 1975 1061 rapit
1990 1024 2097 1053 anilitas

1249 1075 1358 1108 beatas,
1380 1076 1412 1102 ut
1433 1073 1568 1111 capitatio
1590 1080 1691 1100 eorum
1711 1080 1824 1108 semper
1846 1072 1881 1100 sit
1902 1071 1984 1108 apud
2009 1071 2097 1100 Attis-

1248 1122 1375 1155 simanz,
1404 1120 1469 1157 quia
1497 1121 1525 1148 in
1554 1119 1685 1148 continua
1706 1118 1786 1147 laude
1812 1121 1877 1147 sunt
1904 1122 1931 1147 et
1959 1118 2096 1155 glorifica-

1251 1168 1338 1202 tione,
1368 1167 1529 1196 resolvendo
1557 1166 1585 1195 in
1612 1166 1734 1203 primum
1764 1165 1932 1202 principium
1961 1164 2096 1202 quidquid

1250 1215 1312 1243 boni
1336 1214 1446 1243 habent.
1467 1214 1542 1242 Unde
1564 1221 1644 1242 omne
1659 1213 1699 1247 id,
1714 1212 1789 1250 quod
1804 1212 1935 1241 continue
1949 1211 2097 1249 accipiunt,

1250 1262 1276 1290 in
1298 1269 1361 1290 eum
1385 1261 1540 1294 resolvunt,
1562 1260 1610 1297 qui
1632 1260 1708 1288 solus
1730 1262 1818 1296 potest
1839 1259 2011 1296 glorificare,
2032 1258 2098 1295 quia

1252 1312 1326 1336 tanto
1347 1307 1438 1335 anima
1459 1307 1502 1335 isti
1524 1306 1644 1335 mercedi
1666 1309 1707 1334 est
1722 1305 1914 1342 propinquior,
1930 1308 2035 1342 quanto
2050 1305 2096 1333 illa

1250 1362 1321 1391 quae
1343 1354 1450 1390 accipit,
1472 1361 1522 1382 suo
1537 1353 1673 1389 principio
1689 1352 1793 1381 tribuit.
1810 1353 1946 1389 Rogemus
1961 1343 2026 1388 ergo
2045 1354 2097 1381 etc.

1000 1481 1157 1510 DOMlNlCA
1180 1481 1211 1509 lN
1233 1480 1444 1509 SExilGEslMit.

709 1595 799 1623 800110
815 1594 834 1622 ⁵.

426 1691 508 1727 Quod
530 1694 627 1718 (11110111
650 1689 680 1717 in
702 1688 807 1717 bonam
836 1691 965 1721 terram,
988 1685 1019 1715 lii
1038 1689 1123 1720 sunt,
1145 1685 1197 1724 qui

345 1739 377 1767 in
398 1738 483 1767 corde
505 1737 576 1766 bono
598 1740 623 1765 et
644 1736 750 1774 optimo
770 1735 920 1764 audientes
933 1734 1054 1763 verbum
1073 1733 1196 1762 retinent

346 1789 371 1814 et
391 1784 524 1822 fructum
547 1782 676 1821 afferunt
697 1783 727 1810 in
748 1781 902 1819 patientia,
924 1782 1013 1810 Lucae
1034 1782 1130 1809 octavo
1145 1779 1164 1807 ⁷.

425 1831 580 1860 Prothema.
604 1830 649 1858 Da
670 1828 798 1866 sapienti
817 1828 1007 1861 occasionem,
1029 1830 1055 1856 ec
1069 1827 1196 1855 addetur

206 1883 328 1903 Introductio-
347 1879 373 1908 ei
392 1879 547 1916 sapientia..
571 1878 598 1906 10
620 1877 705 1906 verbo
727 1876 847 1905 secundo
863 1876 922 1904 loco
937 1874 1087 1912 proposito,
1103 1876 1196 1903 sumto

347 1926 381 1955 de
402 1925 615 1954 Proverbiorum
636 1932 718 1958 nono,
740 1923 938 1952 describuntur
955 1922 1023 1956 tria,
1045 1929 1116 1958 quae
1132 1923 1197 1949 sunt

347 1972 502 2002 necessaria
523 1972 636 2001 cuilibet
657 1970 759 1999 volenti
783 1977 937 2007 proponere
951 1968 1069 1997 verbum
1091 1968 1148 1997 Dei.
1166 1968 1197 1996 Et

348 2020 470 2057 primum
488 2022 530 2048 est
551 2018 647 2047 animi
668 2017 829 2046 liberalitas
837 2027 847 2050 ,·
873 2015 1026 2045 secundum
1048 2018 1090 2044 est
1117 2014 1197 2043 modi

350 2067 493 2099 brema&
515 2065 629 2094 tertium
651 2068 692 2093 est
709 2064 766 2092 uoti
780 2063 901 2092 utilitas.
918 2062 1094 2091 Liberalitas
1112 2061 1196 2098 igitur

350 2114 380 2142 in
392 2114 492 2142 animo
504 2115 626 2146 notatur,
638 2120 702 2140 cum
718 2111 798 2140 dicit:
813 2111 868 2144 Da,
881 2118 936 2138 non
951 2109 1038 2138 vende
1050 2109 1139 2145 pretio
1154 2108 1197 2137 vel

350 2163 498 2194 commuta,
520 2159 673 2188 secundum
696 2158 763 2186 illud
785 2157 893 2186 Domini
908 2157 935 2184 ὃς
961 2155 1064 2185 Gratis
1086 2154 1197 2192 accepi-

349 2207 412 2241 stis,
433 2206 530 2243 gratis
552 2206 626 2234 date.
652 2204 785 2233 Brevitas
813 2205 844 2233 in
865 2204 950 2233 modo
975 2205 1105 2236 notatur,
1134 2209 1197 2230 cum

350 2254 458 2283 subdit:
481 2253 671 2286 occasionem,
693 2252 758 2289 quia
773 2251 907 2289 quaedam
923 2250 1030 2279 occasio
1051 2249 1134 2278 datur
1149 2257 1198 2277 au-

349 2301 444 2334 dienti,
466 2308 529 2329 cum
544 2299 746 2328 annuntiantur
773 2310 787 2323 «
802 2299 867 2327 vitia
881 2301 909 2327 et
923 2298 1041 2326 virtutes
1056 2304 1120 2325 cum
1135 2296 1198 2324 bre-

349 2348 433 2376 vitate
454 2346 599 2380 sermonis,
621 2345 692 2384 quia
707 2345 828 2374 verbum
843 2344 1046 2373 abbreviatum
1060 2342 1129 2380 fecit
1144 2342 1198 2370 Do-

350 2395 449 2423 minus
459 2398 672 2431 superterram
685 2392 695 2409 ⁹
708 2403 733 2420 ».
752 2392 868 2421 Utilitas
883 2392 914 2420 in
925 2394 988 2419 11010
1000 2392 1122 2423 notatur,
1134 2396 1197 2417 cum

351 2442 503 2471 subinfert:
519 2445 544 2470 ct
558 2441 684 2470 addetur
699 2440 725 2469 ei
738 2439 893 2477 sapientia.
909 2439 1045 2476 Rogemus
1066 2445 1132 2474 ergo
1146 2438 1199 2465 Do-

350 2489 467 2522 minum,
489 2488 633 2521 carissimi,
648 2487 675 2515 in
698 2486 834 2524 principio
854 2486 941 2514 nostri
957 2484 1101 2518 sermonis,
1117 2486 1147 2512 ut
1162 2483 1199 2511 ita

351 2536 397 2565 det
411 2536 490 2564 nobis
508 2534 709 2564 liberalitatem
725 2534 751 2562 in
767 2533 868 2567 animo,
884 2532 1051 2560 brevitatem
1066 2531 1093 2560 in
1108 2530 1198 2565 modo,

351 2586 384 2611 ut
396 2582 504 2611 tandem
516 2582 655 2619 possimus
670 2580 800 2617 consequi
813 2579 967 2608 utilitatem
982 2579 1009 2607 in
1021 2582 1092 2607 voto.
1105 2578 1197 2607 Amen.

1333 1590 1416 1626 Quod
1437 1593 1535 1618 autem
1557 1589 1588 1617 in
1610 1593 1721 1617 terram
1743 1589 1849 1617 bonam
1870 1592 1920 1618 etc.

1331 1637 1477 1673 Quoniam,
1500 1636 1653 1665 secundum
1668 1636 1779 1665 beatum
1800 1636 1963 1673 Gregorium
1977 1636 2009 1671 ¹⁰,
2029 1647 2042 1662 «
2058 1636 2100 1665 lu-

1253 1692 1315 1713 men
1348 1684 1543 1720 intelligentiae
1575 1683 1717 1712 humilitas
1741 1684 1846 1720 aperit,
1875 1683 2006 1720 superbia
2033 1691 2100 1713 vero

1253 1731 1443 1765 abscondit»;
1473 1731 1537 1759 hinc
1565 1733 1622 1765 est,
1651 1730 1725 1767 quod
1746 1730 1880 1759 Dominus
1911 1732 2004 1759 noster
2026 1730 2101 1760 lesus

1253 1779 1389 1813 Christus,
1402 1778 1499 1813 sciens,
1514 1778 1556 1806 sic
1570 1787 1629 1806 esse
1640 1778 1783 1815 placitum
1799 1781 1865 1806 ante
1880 1778 1967 1806 Deum
1984 1778 2099 1812 Patrem,

1254 1826 1382 1863 superbis
1403 1828 1429 1854 et
1451 1825 1529 1854 elatis
1547 1825 1706 1853 hominibus
1726 1824 1760 1853 ad
1782 1824 1990 1861 reprimendum
2006 1832 2101 1862 super-

1253 1873 1325 1901 biam
1348 1873 1503 1901 intellectus
1519 1873 1545 1901 in
1561 1872 1696 1901 audiendo
1711 1875 1738 1900 et
1752 1880 1806 1900 non
1820 1872 1843 1888 ¹¹
1864 1871 2040 1909 intelligendo
2057 1879 2101 1900 re-

1253 1928 1338 1957 gnum
1361 1919 1408 1948 Dei
1431 1919 1577 1947 annuntiat
1599 1919 1626 1947 in
1641 1918 1788 1955 parabolis,
1804 1918 1851 1947 sed
1874 1918 2026 1947 humilibus
2041 1918 2101 1947 eius

1253 1967 1405 2003 discipulis,
1428 1966 1530 2003 quibus
1552 1966 1656 1994 danim
1678 1969 1814 1993 estnosse
1829 1965 2003 2002 inysterium
2017 1965 2102 2003 regyni

1257 2013 1316 2047 Dei,
1338 2021 1450 2042 5011511111
1473 2013 1521 2041 Dei
1543 2013 1570 2041 in
1594 2012 1723 2049 parabola
1744 2012 1869 2041 hodierni
1886 2012 2023 2049 Evangelii
2038 2019 2101 2049 ape-

1255 2061 1299 2095 rit,
1321 2068 1385 2089 cum
1406 2060 1472 2088 dicit
1493 2060 1520 2088 in
1542 2061 1627 2088 verbo
1649 2059 1799 2096 proposito,
1821 2059 1895 2096 quod
1917 2062 1958 2088 est
1980 2059 2042 2088 linis
2056 2067 2102 2088 ex-

1255 2107 1397 2144 positionis
1418 2107 1573 2144 praedictae
1596 2106 1757 2143 parabolae:
1782 2106 1866 2142 Quod
1879 2109 1977 2134 autem
1993 2106 2025 2134 in
2047 2109 2102 2134 tei·-

1254 2163 1323 2183 ram
1345 2154 1461 2188 bonam,
1483 2153 1514 2182 lii
1534 2158 1613 2187 sunt,
1635 2154 1687 2191 qui
1700 2154 1786 2182 corde
1807 2156 1857 2182 etc.
1876 2153 1902 2181 ln
1918 2161 1974 2190 quo
1989 2152 2101 2190 quidem

1256 2202 1341 2230 verbo
1363 2201 1440 2229 valde
1461 2201 1586 2229 ordinate
1602 2200 1776 2237 proceditur;
1792 2208 1865 2234 nam,
1881 2200 1953 2229 sicut
1969 2200 2102 2234 videmus,

1255 2249 1329 2286 quod
1353 2251 1428 2277 terra
1450 2247 1599 2276 materialis
1620 2247 1653 2275 ad
1676 2247 1743 2281 hoc,
1767 2250 1798 2275 ut
1827 2247 1983 2281 fructificet,
2012 2246 2102 2283 primo

1255 2295 1336 2324 debet
1356 2294 1526 2331 praeparari,
1548 2294 1646 2323 deinde
1668 2293 1808 2328 seminari,
1828 2297 1922 2330 postea
1943 2294 2052 2323 fructus
2066 2301 2103 2322 ex

1256 2350 1288 2371 ea
1310 2342 1381 2370 tolli:
1403 2342 1441 2370 sic
1464 2341 1491 2369 in
1514 2341 1598 2370 verbo
1620 2340 1761 2377 proposito
1777 2341 1866 2377 primo
1881 2342 1993 2369 notatur
2015 2340 2102 2369 nostri

1256 2389 1353 2417 cordis
1374 2388 1469 2417 debita
1489 2388 1701 2425 praeparatio,·
1723 2387 1853 2422 secundo,
1877 2387 1961 2416 divini
1983 2387 2104 2416 seminis

1255 2436 1345 2473 firma
1360 2435 1521 2472 susc-epam
1544 2435 1640 2469 tertio,
1663 2434 1765 2471 recepti
1780 2434 1901 2463 seminis
1916 2438 2103 2471 temporanea

1255 2482 1455 2520 fructificatio.
1480 2482 1569 2510 Primo
1591 2490 1657 2519 ergo
1671 2485 1784 2510 notatur
1805 2481 1892 2510 nostri
1908 2481 1998 2510 cordis
2012 2481 2104 2510 debita

1253 2529 1459 2567 praeparatio,
1481 2537 1545 2558 cum
1560 2529 1640 2558 dicit:
1664 2529 1747 2565 Quod
1768 2532 1866 2557 autem
1881 2528 1912 2557 in
1934 2532 2045 2557 terram
2061 2528 2104 2557 bo-

1256 2585 1344 2609 nam;
1366 2576 1417 2605 ista
1437 2576 1545 2605 bonitas
1566 2579 1657 2605 terrae
1679 2576 1747 2604 nihil
1769 2575 1843 2604 aliud
1865 2579 1906 2604 est
1927 2583 2011 2612 quam
2033 2575 2104 2604 hona

418 2725 423 2739 ¹
441 2725 524 2747 Psalm.
543 2724 596 2751 1126,
614 2724 635 2745 2.
653 2729 701 2752 seq.

415 2763 424 2776 2
442 2764 500 2786 Vide
513 2770 582 2792 supra
596 2769 650 2791 pag.
666 2762 716 2790 173,
729 2764 807 2784 uotam
821 2762 858 2784 10.
870 2774 900 2778 -
912 2761 999 2784 Deinde
1012 2761 1133 2789 respicitur
1145 2760 1200 2782 Gen.

357 2804 374 2830 1,
393 2804 430 2825 -26,

416 2842 425 2855 ³
443 2843 508 2865 Yers.
531 2843 568 2869 123
586 2841 692 2870 sequitur
709 2841 765 2863 Gen.
789 2840 821 2867 15,
844 2841 861 2862 1.

416 2882 425 2894 ³
443 2882 508 2904 ΥΘΓΞ,
532 2882 565 2904 16.
582 2888 631 2910 seq.

417 2920 426 2933 ὅ
443 2921 549 2949 August.y
566 2920 667 2948 Exposit.
684 2920 706 2942 in
725 2920 759 2942 Ρ5,
778 2920 815 2947 90,
834 2919 870 2941 13.

417 2959 426 2972 ⁰
443 2960 545 2982 Habetur
563 2960 585 2982 in
598 2960 708 2982 Vaticana
725 2962 747 2982 et
764 2959 780 2982 C
791 2959 859 2981 DEF
876 2961 898 2981 et
914 2960 1030 2981 contracte
1048 2958 1069 2980 in
1087 2957 1139 2979 cod.
1156 2957 1202 2979 Tu-

356 3000 413 3022 dert.
430 3006 453 3022 n.
475 2999 523 3022 104.
542 3000 578 3022 l‘ol.
601 3000 641 3021 109
658 3005 677 3021 r.

1321 2718 1329 2731 ⁷
1348 2720 1413 2742 Vei-s.
1432 2720 1469 2741 15.
1487 2731 1516 2735 —
1534 2719 1654 2741 l’rothema
1672 2724 1699 2741 ex
1715 2717 1732 2741 C
1750 2717 1848 2740 habetur
1867 2717 1933 2739 Prov.
1952 2717 1973 2744 9,
1992 2717 2013 2739 9.

1321 2758 1329 2771 Β
1348 2759 1422 2781 111οι111.
1443 2759 1478 2786 lo,
1497 2759 1518 2780 8.

1321 2796 1330 2809 ⁰
1347 2797 1392 2820 Cfr.
1411 2798 1499 2825 Regula
1520 2797 1560 2819 FF.
1578 2796 1703 2825 Minorum,
1721 2802 1740 2818 c.
1758 2796 1784 2822 9,
1802 2795 1841 2817 nbi
1859 2795 1980 2822 respicitur
1998 2795 2065 2816 Rom.
2082 2794 2104 2821 9,

1258 2838 1299 2866 28;
1316 2837 1427 2865 Vulgata:
1450 2836 1552 2859 Verbum
1569 2835 1701 2859 breviatum
1718 2834 1787 2864 satriet
1804 2834 1920 2857 Dominus
1938 2839 1979 2856 010.

1322 2875 1340 2888 ¹⁰
1359 2876 1419 2898 Libr.
1437 2876 1511 2897 XXV.
1528 2876 1604 2897 ltloi‘al.
1623 2881 1642 2898 c.
1661 2875 1696 2897 la.
1715 2880 1736 2897 n.
1755 2874 1790 2896 30.
1811 2874 1867 2896 Dein
1890 2873 2010 2901 respicitur
2028 2873 2104 2895 lllatth.

1263 2917 1301 2943 11,
1319 2916 1357 2938 ⁴26.

1322 2953 1340 2966 ¹¹
1361 2953 1463 2976 Verbum
1481 2960 1527 2977 non
1546 2953 1680 2976 addidimus
1691 2959 1717 2975 ex
1729 2953 1757 2980 F;
1774 2952 1826 2974 cod.
1839 2952 1856 2974 D
1872 2951 1939 2979 legit:
1957 2951 1981 2973 in
1999 2956 2024 2973 eo
2042 2949 2105 2979 quod

1259 2993 1388 3017 audiebant
1403 2995 1426 3016 ct
1441 2999 1490 3016 non
1507 2992 1674 3022 inlelliyebont.
1690 3004 1721 3008 —
1739 2991 1847 3020 Sequitur
1863 2991 1932 3013 Marc.
1950 2990 1970 3017 t,
1992 2990 2026 3012 11.

2105 566 2156 588 Item,
2167 566 2190 586 do
2197 567 2222 588 1011

2214 557 2237 690 (3

2117 1640 2189 1659 Sermo.

2121 2295 2198 2315 Divisio.
