2243 3348
21 423 57 471 iuno
68 442 134 461 libera-

22 471 60 486 ione
71 470 83 484 a
92 469 134 489 pec-

28 957 95 978 uaestio
107 957 135 976 in-

27 982 78 1001 idens
90 981 135 1000 Gre-

26 1051 134 1076 Responsio.

16 1759 20 1772 1
26 1756 52 1775 De
59 1756 133 1784 ¹confes-

49 1785 106 1799 aione.

21 2273 64 2292 Pan
71 2273 100 2292 111.
111 2273 137 2292 De

17 2297 102 2315 mandatis
111 2297 137 2316 di·

19 2320 65 2343 riuis,
79 2323 100 2339 ut
115 2326 137 2340 ea

17 2343 105 2363 faciamus.

642 170 685 198 DE
707 170 834 198 SANCTO
855 169 966 199 MARCO
989 170 1220 199 EVANGELISTA.
1242 170 1352 199 SERMO
1374 171 1402 198 ll.

149 247 211 285 plus
222 255 305 284 quam
318 250 429 276 centum
443 248 517 277 mille
525 255 621 277 ——nec
632 252 701 277 sunl
711 249 815 277 attrita
826 248 994 277 vestimenta

150 297 245 323 vestra
266 302 317 322 uec
338 294 531 323 calceamenta
546 295 573 329 ¹,
595 298 622 323 et
643 295 709 323 satis
730 295 764 323 ad
795 295 993 324 comedendum

150 340 324 374 habuerunt;
346 348 396 369 nec
417 341 508 369 adhuc
529 341 599 370 bene
620 341 769 370 credebant
783 342 809 370 in
833 342 929 376 Deum,
945 349 995 370 nec

150 387 330 416 subveniebat
345 387 384 415 eis
395 387 406 404 ²
421 387 455 415 de
469 387 614 416 eductione
628 387 662 416 de
676 388 810 416 servitute
824 388 944 425 Aegypti.
956 404 995 408 —

151 434 200 462 Per
227 435 390 471 Aeqyptum
412 433 584 470 significatur
613 437 701 463 status
730 435 849 471 peccati,
877 434 911 463 de
939 442 995 471 quo

150 480 248 510 eduxit
261 488 311 508 nos
327 480 459 509 Dominus
481 480 533 509 ista
551 481 694 510 benedicta
709 481 858 518 praeterita
872 481 995 517 Quadra-

150 535 227 565 gena.
243 527 376 555 Dominus
391 526 530 561 concedat,
546 527 619 564 quod
636 535 689 556 non
712 527 859 556 redeamus
872 528 906 556 ad
921 528 994 556 illam

150 574 328 608 servitutem;
350 573 397 602 sed
418 574 584 602 exeaecavit
605 574 708 602 multos
735 574 851 603 malitia
879 583 995 608 eorum,

150 629 184 650 ne
198 623 361 658 cognoscant
376 620 525 649 bonitatem
538 620 588 648 sibi
604 620 703 649 factam
718 629 734 649 a
748 621 874 655 Domino,
885 621 996 658 quando

150 668 248 697 eduxit
268 675 314 696 eos
333 667 367 696 de
388 668 523 704 Aegypto,
545 667 588 695 vel
611 667 731 696 tenebris
761 668 872 704 peccati.
901 668 996 696 Pecca-

151 718 210 744 tum
230 715 332 743 dicitur
347 714 473 748 tenebra,
489 715 555 751 quia
570 714 599 743 fit
622 714 648 742 in
665 715 800 748 tenebris:
815 715 842 742 in
860 715 957 743 Ioanne
969 715 996 743 ³:

153 762 254 791 Omnis
273 762 364 795 enim,
386 761 438 800 qui
457 761 533 790 male
554 761 625 798 opit,
647 761 706 789 odit
729 761 838 794 lucem,·
853 766 878 789 et
891 761 996 790 dilexe-

102 828 104 834 1
151 812 222 838 rum
243 807 372 837 homiues
393 808 490 845 mctyz's
511 808 644 836 tenebras
669 816 759 846 quam
782 808 891 841 luceru
912 812 997 836 eraut

150 856 226 884 enim
248 864 349 884 eorum
370 855 451 883 mala
473 863 570 892 opera.
594 855 679 883 Etiam
703 854 798 891 pueri,
821 854 931 891 qnando
954 863 998 883 vo-

151 903 212 931 lunt
232 910 359 939 peccare,
381 902 497 931 trahunt
519 909 548 930 se
568 902 594 930 in
619 901 752 935 tenebris,
768 901 813 929 tali
830 901 996 935 ratiuncula,

152 950 223 979 sicut
233 949 344 984 habent,
356 952 474 978 utentes.
487 965 524 969 —
536 949 695 985 Quaesitum
711 948 764 977 fuit
777 956 793 976 a
807 948 887 977 beato
898 948 998 985 Grego-

151 997 194 1025 rio
204 997 225 1031 4,
247 1000 343 1025 utrum
364 1003 435 1033 puer
456 995 528 1024 infra
549 999 653 1032 septem
675 1003 761 1024 annos
776 995 861 1032 possit
883 1003 998 1032 peccare

151 1043 312 1072 mortaliter.
330 1060 366 1064 —
382 1042 537 1080 Respondit,
552 1042 626 1079 quod
641 1043 689 1076 sic,
705 1042 725 1071 si
747 1042 850 1070 malitia
870 1042 998 1079 suppleat

151 1093 283 1124 aetatem3
306 1090 370 1127 quia
392 1098 445 1118 non
468 1089 554 1127 possit
575 1090 613 1118 sic
634 1097 749 1126 peccare
764 1089 933 1123 mortaliter,
950 1097 998 1118 ne-

151 1138 223 1171 sci0;
243 1137 317 1166 unde
339 1137 424 1165 refert
444 1136 595 1173 Gregorius
625 1136 658 1165 de
681 1136 800 1173 quodam
822 1144 927 1173 puero,
949 1136 996 1173 qui

151 1187 332 1214 consueverat
353 1183 516 1212 maledicere
537 1184 571 1212 de
593 1184 648 1212 Deo
663 1187 690 1212 et
705 1183 898 1220 blasphemare
913 1191 998 1220 super

150 1239 223 1269 genu
243 1231 330 1268 patris
351 1231 393 1259 sui
416 1231 458 1259 vel
474 1231 586 1265 matris,
601 1231 712 1267 quando
727 1230 762 1259 ihi
779 1238 842 1259 eum
859 1231 997 1264 tenebant,

150 1282 177 1308 et
198 1278 277 1313 alibi,
299 1286 348 1307 nec
370 1286 434 1306 eum
456 1278 641 1314 castigabant;
657 1277 704 1306 sed
719 1278 765 1306 ille
779 1280 820 1306 est
835 1277 913 1306 valde
928 1277 998 1306 bene

151 1326 314 1363 castigatus,
337 1333 420 1362 quem
442 1325 516 1353 Deus
537 1325 660 1361 castigat.
692 1325 815 1361 Quadam
844 1324 916 1353 enim
938 1324 997 1358 die,

150 1373 215 1402 dum
238 1376 315 1410 pater
337 1375 444 1401 teneret
465 1380 529 1401 eum
557 1380 642 1409 super
663 1380 737 1409 genu
768 1379 868 1405 suum,
897 1372 998 1408 incepit

151 1420 355 1457 blasphemare,
377 1428 428 1449 nec
450 1423 533 1457 puto,
549 1419 623 1456 quod
639 1420 753 1448 haberet
768 1419 859 1448 adhuc
874 1419 998 1456 quinque

150 1475 237 1496 annos
258 1467 387 1504 perfecte.
410 1467 441 1495 Et
461 1467 553 1495 statim
576 1467 669 1503 rapuit
689 1474 752 1495 eum
768 1466 894 1494 diabolus
915 1468 942 1495 et
956 1473 997 1494 56-

151 1522 214 1543 eum
237 1514 364 1551 portavit.
388 1514 458 1543 Bene
482 1521 577 1542 verum
601 1517 657 1547 est,
680 1513 752 1550 quod
775 1516 841 1541 sunt
861 1513 945 1550 aliqui
961 1513 999 1541 ita

151 1560 305 1597 simplices,
327 1561 400 1597 quod
416 1569 469 1589 non
485 1560 617 1589 auderem
632 1560 737 1594 dicere,
753 1560 834 1589 etiam
851 1563 997 1596 postquam

151 1611 216 1637 sunt
236 1608 331 1645 viginti
353 1616 504 1642 annorum,
520 1608 617 1645 (quod)
638 1610 750 1644 peccent
772 1608 938 1641 mortaliter;
961 1607 999 1635 ita

151 1657 217 1684 sunt
230 1655 362 1684 brutales.
376 1655 437 1683 ldeo
452 1655 478 1683 in
495 1655 709 1683 Deuteronomio
719 1655 746 1682 ⁵:
762 1654 927 1682 Memineris
941 1654 1000 1682 diez·

151 1702 324 1740 egressionis
346 1707 413 1731 tuoe
437 1703 471 1731 de
494 1704 622 1740 Aegypto
644 1701 779 1730 ommibus
801 1701 902 1730 diebus
923 1701 999 1730 vitae

153 1753 229 1784 tuae,
245 1758 294 1786 per
308 1749 504 1778 confessionem
528 1749 652 1786 turpium
675 1752 864 1786 peccatorum,
880 1752 907 1777 et
928 1757 999 1786 quae

152 1798 191 1826 sic
212 1797 304 1833 (bene)
326 1796 416 1826 facere
440 1799 468 1825 et
491 1797 582 1825 dicere
604 1799 645 1825 est
666 1796 879 1829 inaestimabile;
902 1796 1000 1832 pulcra

152 1844 285 1873 confessio
307 1844 341 1872 sit
363 1844 509 1878 honnita⁶‚
531 1851 673 1880 nunquam
695 1843 799 1880 placuit
819 1843 894 1871 mihi.
910 1843 998 1880 Aliqui

152 1891 190 1919 ita
210 1890 322 1919 student
344 1891 433 1919 facere
454 1898 532 1919 suam
559 1890 755 1919 confessionem
783 1890 924 1926 pulcram;
948 1890 999 1918 hoc

155 1946 208 1966 non
231 1940 273 1966 est
303 1938 423 1971 bonum;
444 1938 580 1971 secundo,
603 1937 669 1974 quia
698 1937 774 1966 ducit
805 1936 838 1965 ad
871 1937 999 1966 tenebras

153 1985 268 2020 inferni:
290 1985 415 2022 projicite
436 1994 501 2013 eum
524 1985 552 2013 in
578 1984 709 2013 tenebras
724 1985 880 2013 exteriores
892 1984 901 2001 ⁷
917 1987 943 2013 et
958 1984 998 2012 in-

153 2032 239 2060 fimas.
262 2032 322 2061 ldeo
344 2033 567 2069 cito-surgamus
588 2041 604 2061 a
632 2035 759 2069 peccato;
781 2039 835 2059 non
864 2032 936 2060 enim
958 2033 999 2060 est

153 2079 189 2107 ita
210 2079 263 2107 vile
285 2079 383 2108 cadere
405 2079 431 2107 in
454 2079 561 2113 lutum,
583 2079 655 2107 sicut
677 2079 713 2107 ibi
745 2078 792 2107 din
818 2082 892 2107 stare
913 2081 940 2107 et
961 2077 998 2105 ia-

153 2134 223 2155 cere.
249 2126 432 2155 Abz'iez‘amus
453 2135 521 2164 erqo
543 2135 633 2164 opera
654 2126 839 2155 tenebrarum
856 2125 999 2154 6111011111-

152 2182 221 2202 mur
242 2182 331 2202 arma
353 2174 434 2202 lueis.

232 2221 271 2249 lll.
293 2221 417 2249 Tertium
439 2224 480 2249 est
495 2221 555 2249 eius
571 2220 724 2254 mandata,
740 2224 771 2249 ut
785 2220 932 2253 faciamns;
951 2219 999 2247 ali-

154 2270 196 2296 ter
210 2268 305 2296 nullus
319 2268 372 2296 erit
387 2268 487 2296 salvus.
503 2267 578 2296 Unde
593 2267 730 2304 quaesivit
744 2267 789 2295 ille
809 2275 825 2295 a
846 2267 961 2295 Domino
972 2266 998 2294 ⁸:

154 2315 308 2352 Magister,
330 2323 378 2343 vos
393 2315 557 2351 praedicatis
572 2315 690 2342 multum
712 2314 832 2347 bonnm,
854 2316 881 2342 et
902 2313 999 2347 credo,

154 2362 226 2399 quod
249 2362 368 2390 multum
401 2365 467 2390 sunt
487 2362 558 2390 bona
580 2365 606 2390 et
628 2369 693 2390 vera
720 2369 791 2397 quae
813 2369 861 2389 vos
893 2361 1000 2397 praedi-

153 2409 236 2443 catis,
258 2409 304 2437 sed
326 2409 397 2446 quid
418 2408 554 2446 faciendo
578 2408 668 2436 vitam
700 2412 850 2435 aeternam
871 2407 1001 2436 habebo?

153 2455 210 2484 Non
232 2455 303 2484 dixit
324 2456 346 2484 ei
362 2455 511 2484 Dominus:
528 2455 600 2483 Vade
622 2455 714 2483 nudus
735 2454 833 2491 pedes,
849 2454 890 2482 vel
910 2454 1002 2482 ieiuna

154 2503 181 2531 in
212 2510 282 2539 pane
303 2505 330 2531 et
351 2510 432 2539 aqua,
455 2502 541 2538 (sed):
565 2502 656 2530 Serva
687 2501 841 2529 mandata.
871 2500 920 2529 Sed
952 2500 1000 2537 qui

155 2553 246 2586 posset
265 2550 356 2579 facere
378 2550 505 2582 consilia,
528 2549 627 2577 melius
649 2552 736 2582 esset,
759 2552 790 2576 ut
812 2548 878 2576 nihil
899 2548 1001 2576 habere

1842 172 1897 200 527

1050 248 1122 277 sicut
1143 248 1276 285 Religiosi.
1292 264 1329 269 —
1345 248 1440 277 Audivi
1462 249 1536 286 loqui
1552 249 1586 278 de
1599 249 1719 286 quodam
1739 249 1845 278 ribaldo
1862 249 1896 278 de
1913 257 2026 304 55⁶3&ss

1051 295 1149 324 Gravia
1164 295 1190 329 ⁹,
1212 296 1258 332 qui
1287 303 1396 332 semper
1418 298 1566 324 consuetus
1591 299 1666 331 erat,
1687 296 1822 333 quidquid
1844 296 1896 325 sibi

1051 342 1229 379 contingeret,
1242 342 1283 371 vel
1298 342 1332 371 de
1347 342 1465 371 bibendo
1476 343 1518 371 vel
1532 343 1585 371 alio
1600 343 1720 371 retinere
1732 350 1819 371 unum
1834 342 1897 371 obo-

1051 388 1108 417 lum
1123 388 1157 417 ad
1179 389 1335 417 habendum
1352 389 1454 417 lectum
1471 397 1554 418 suum
1572 389 1606 418 ad
1620 389 1732 418 domum
1753 389 1896 418 cuiusdam

1052 435 1154 472 probae
1174 436 1314 470 mulieris,
1336 436 1363 464 in
1385 444 1441 472 qua
1461 436 1550 465 iacere
1569 439 1758 465 consueverat.
1774 436 1897 473 Quadam

1052 486 1130 511 nocte
1151 482 1203 511 fuit
1225 486 1350 511 moratus
1371 482 1464 517 nimis,
1486 483 1523 511 ita
1551 483 1625 520 quod
1655 486 1742 512 totum
1764 483 1816 512 fuit
1841 484 1898 520 ple-

1052 537 1135 563 num;
1157 532 1184 558 et
1204 530 1309 558 dictum
1330 529 1383 558 fuit
1403 530 1443 564 ei,
1459 530 1570 567 quando
1591 530 1678 559 venit:
1694 531 1735 559 Tu
1750 538 1803 558 non
1820 534 1897 567 potes

1052 575 1098 604 hic
1119 583 1193 610 esse;
1216 576 1326 605 tandem
1349 579 1454 605 tantum
1483 576 1559 611 fecit,
1582 576 1654 614 quod
1677 577 1748 606 dixit
1769 577 1896 612 domina,

1052 622 1124 659 quod
1147 623 1168 651 51
1192 623 1273 651 ν61161
1303 623 1411 652 solvere
1442 631 1530 651 unum
1561 623 1721 657 denarium,
1743 624 1817 661 quod
1839 624 1897 661 ipsa

1052 669 1154 697 iaceret
1168 677 1230 697 cum
1246 677 1297 697 sua
1310 669 1423 703 ancilla,
1439 673 1467 698 et
1481 670 1537 706 ipse
1553 670 1667 698 haberet
1690 670 1789 698 lectum
1805 678 1896 699 suum.

1053 716 1144 749 Dixit,
1166 715 1239 752 quod
1264 724 1318 744 non
1351 716 1469 744 habebat
1500 716 1550 745 nisi
1583 724 1669 744 unum
1701 717 1829 751 obolum,
1851 717 1898 746 sed

1053 762 1126 799 quod
1143 770 1191 799 per
1206 762 1286 791 fidem
1308 771 1387 791 suam
1410 763 1436 791 in
1458 763 1578 791 crastino
1599 763 1726 792 redderet
1747 763 1797 792 sibi
1813 764 1898 793 alium

1053 809 1174 837 obolum.
1207 809 1299 837 Noluit
1319 809 1342 837 ei
1372 809 1494 838 credere.
1527 810 1604 838 Tunc
1635 810 1716 838 rediit
1744 813 1771 838 et
1795 811 1899 839 invenit

1053 863 1140 883 unum
1163 855 1284 889 dolium,
1306 856 1333 883 111
1355 863 1410 892 0110
1430 856 1552 883 intravit.
1576 856 1607 883 Et
1628 856 1673 884 illa
1694 859 1773 884 nocte
1799 860 1899 886 ventus

1053 902 1106 930 fuit
1126 902 1214 936 fortis,
1236 902 1274 930 ita
1295 902 1369 938 quod
1389 901 1489 930 domus
1510 902 1649 938 praedicta
1674 902 1726 931 fuit
1750 911 1898 938 concussa,

1053 951 1081 977 et
1101 956 1209 982 omnes,
1231 948 1277 985 qui
1300 948 1336 977 ibi
1359 951 1451 982 erant,
1474 949 1585 977 mortui.
1609 949 1741 978 Dominus
1763 950 1898 985 ribaldus,

1054 995 1165 1032 quando
1185 995 1273 1023 exivit
1293 995 1327 1023 de
1347 995 1420 1023 dolio
1441 1002 1492 1023 suo
1519 998 1546 1024 et
1577 995 1682 1024 audivit
1710 996 1792 1030 illud,
1813 996 1898 1025 dixit:

1056 1042 1169 1070 Domine
1190 1042 1279 1075 Deus,
1301 1041 1444 1070 benedicta
1475 1042 1510 1070 sit
1538 1045 1704 1079 paupertas!
1727 1043 1752 1071 Si
1781 1051 1830 1080 ego
1851 1043 1900 1071 ha-

1054 1089 1176 1118 buissem
1198 1097 1286 1117 unum
1308 1089 1419 1117 obolum
1442 1090 1520 1126 plus,
1542 1098 1625 1126 quam
1647 1090 1730 1118 hahui
1754 1098 1828 1124 sero,
1850 1098 1900 1127 ego

1055 1136 1135 1165 modo
1156 1144 1218 1165 cum
1241 1137 1301 1165 aliis
1322 1144 1410 1165 essem
1433 1139 1569 1165 mortuus.
1587 1153 1622 1157 —
1638 1137 1675 1165 Ad
1691 1138 1752 1173 plus
1775 1142 1900 1171 tenemur

1054 1191 1104 1212 nos
1127 1184 1250 1220 Religiosi
1273 1192 1357 1220 quam
1378 1183 1439 1217 alii,
1461 1184 1526 1220 quia
1548 1192 1601 1212 non
1623 1184 1756 1213 dehemus
1781 1184 1900 1219 habere,

1054 1238 1104 1259 1166
1126 1230 1192 1259 velle
1213 1230 1324 1259 habere.
1347 1230 1395 1258 Cui
1418 1233 1499 1267 putas
1520 1230 1579 1259 fieri
1604 1230 1707 1264 maius,
1723 1231 1765 1259 vel
1785 1231 1899 1268 pauperi

1054 1286 1136 1312 sano,
1158 1278 1200 1306 vel
1222 1277 1332 1306 1111111110
1353 1280 1456 1314 aegro?

1134 1325 1175 1353 lV.
1198 1325 1318 1361 Quarto,
1340 1325 1400 1353 61115
1421 1324 1552 1361 exempla
1573 1324 1607 1353 ad
1626 1333 1675 1353 nos
1689 1325 1711 1353 ei
1729 1324 1901 1353 conforman-
1914 1331 1960 1350 Pars
1972 1331 2004 1359 iis.
2020 1332 2047 1359 oe

1054 1373 1120 1401 dum
1143 1372 1169 1400 in
1192 1371 1356 1400 ltmm'litate
1376 1374 1404 1400 et
1422 1375 1604 1409 pacherlate.
1621 1388 1658 1392 —
1675 1372 1842 1409 Paupertas
1861 1375 1902 1401 est
1916 1356 2047 1421 Θῖῗξὲιᾶὃυιῗμ

1054 1419 1175 1456 duplex:
1198 1418 1376 1455 temporalis,
1398 1426 1482 1455 quae,
1504 1418 1553 1447 etsi
1577 1418 1693 1447 libenter
1713 1422 1823 1455 caperet
1844 1427 1901 1448 me·
1919 1425 2042 1468 ‘effigi-1:323

1055 1466 1123 1499 lius,
1139 1466 1160 1494 si
1183 1465 1313 1499 haberet,
1335 1468 1425 1493 tamen
1449 1465 1574 1494 securior
1595 1468 1637 1494 est
1657 1465 1774 1499 divitiis:
1794 1466 1845 1494 alia
1860 1469 1901 1495 est

1055 1515 1204 1550 paupertas
1224 1512 1402 1549 spiritualis,
1425 1514 1456 1540 ut
1481 1512 1528 1549 qui
1550 1512 1694 1540 dimittunt
1724 1513 1816 1541 omnia
1837 1521 1901 1549 pro-

1056 1563 1116 1597 pter
1138 1560 1295 1594 Christum;
1311 1563 1338 1588 et
1353 1560 1421 1588 haec
1436 1563 1477 1588 est
1491 1559 1601 1593 melior,
1623 1559 1669 1588 sed
1685 1563 1805 1596 utraque
1820 1560 1899 1588 bona.

1055 1608 1189 1636 Dominus
1210 1615 1263 1635 non
1291 1607 1343 1635 fuit
1374 1610 1456 1635 natus
1485 1607 1511 1635 in
1544 1606 1651 1643 palatio.
1675 1607 1828 1635 Invenietis
1857 1607 1902 1635 in-

1054 1654 1164 1691 famem
1179 1655 1202 1671 ¹⁰
1220 1654 1331 1691 parmis
1353 1654 1514 1682 involutum
1537 1657 1562 1681 et
1584 1653 1711 1690 positum
1733 1654 1764 1681 in
1783 1662 1901 1690 praese—

1053 1702 1103 1739 pio
1124 1705 1174 1730 etc.
1197 1701 1274 1729 Dixit
1294 1701 1421 1738 quidam,
1445 1701 1539 1729 videns
1561 1700 1707 1734 miracula,
1724 1708 1795 1737 quae
1810 1701 1901 1729 Domi-

1055 1756 1108 1777 nus
1130 1748 1259 1777 faciebat:
1283 1748 1396 1786 8600ον
1418 1752 1458 1782 te,
1474 1756 1654 1786 quocumque
1675 1747 1755 1781 ieris,
1770 1748 1900 1784 cogitans,

1055 1795 1145 1833 quod,
1167 1796 1188 1824 si
1212 1799 1303 1832 posset
1324 1795 1362 1824 sic
1383 1795 1488 1829 facere,
1511 1798 1621 1831 caperet
1646 1794 1708 1823 inde
1733 1795 1832 1823 honam
1855 1803 1902 1831 pe-

1056 1843 1174 1871 cuniam.
1197 1842 1248 1871 Sed
1278 1842 1411 1871 Dominus
1432 1842 1455 1870 ei
1488 1842 1575 1870 dixit:
1604 1842 1705 1879 Vulpes
1725 1841 1826 1879 foueas
1848 1841 1900 1870 Ita-

1056 1890 1118 1918 bent
1139 1894 1164 1918 et
1184 1889 1315 1918 volueres
1336 1889 1409 1918 caeli
1430 1889 1530 1923 nidos,
1553 1889 1648 1918 Filius
1663 1893 1759 1918 autem
1776 1888 1902 1917 liomz'm's

1054 1946 1113 1965 11011
1128 1936 1221 1971 habet,
1237 1936 1288 1964 ubi
1301 1941 1390 1973 eaput
1404 1936 1529 1965 reclinet.
1542 1936 1617 1965 Unde
1632 1936 1773 1965 benedicta
1788 1936 1903 1964 Domina

1056 1992 1106 2014 sua
1128 1984 1190 2012 fecit
1205 1983 1227 2011 ei
1244 1991 1326 2011 unam
1349 1983 1480 2012 tunicam.
1499 1984 1528 2011 Et
1546 1983 1611 2012 dicit
1626 1983 1762 2020 (quidam)
1777 1984 1902 2017 Sanctus,

1055 2031 1129 2069 quod
1151 2039 1204 2059 non
1228 2031 1325 2059 habuit
1345 2031 1396 2059 nisi
1419 2031 1509 2059 colum
1525 2031 1558 2059 ad
1578 2030 1787 2059 sustentandum
1803 2030 1901 2066 Regem

1056 2079 1138 2112 caeli,
1161 2082 1252 2106 terrae
1273 2081 1300 2106 et
1322 2077 1430 2106 inferni.
1453 2078 1551 2106 Sancta
1572 2078 1669 2106 Maria!
1686 2080 1762 2106 estne
1777 2077 1829 2105 hoc
1844 2076 1902 2105 sine

1056 2125 1204 2162 mysterio,
1225 2124 1299 2162 quod
1322 2125 1378 2153 Rex
1401 2124 1466 2153 caeli
1490 2127 1516 2153 et
1538 2128 1629 2153 terrae
1658 2125 1709 2152 hoc
1738 2124 1775 2151 ita
1797 2123 1902 2152 vellet?

1056 2172 1152 2200 Postea
1172 2171 1224 2200 fuit
1246 2179 1397 2208 suspensus
1419 2174 1493 2200 totus
1514 2171 1606 2200 nudus
1623 2171 1649 2199 in
1669 2179 1759 2199 cruce.
1776 2170 1826 2199 Sed
1847 2178 1903 2198 una

1056 2219 1090 2248 (16
1111 2219 1291 2252 dominabus,
1314 2226 1385 2255 quae
1406 2221 1485 2247 erant
1506 2218 1558 2252 ibi,
1581 2218 1696 2255 proiecit
1726 2225 1807 2246 suum
1830 2216 1903 2253 eapi-

1057 2267 1177 2303 tegium;
1210 2274 1263 2294 non
1296 2266 1408 2299 habuit,
1431 2265 1482 2293 ubi
1512 2269 1602 2302 caput
1623 2268 1713 2301 posset
1739 2264 1899 2298 reclinare,

1058 2321 1107 2342 nec
1140 2313 1222 2350 pedes
1254 2313 1382 2349 apodiare
1400 2314 1421 2329 ¹¹
1454 2320 1503 2341 nec
1534 2320 1640 2341 manus.
1674 2311 1749 2339 Dixit
1783 2311 1902 2339 Pilatus:

1060 2361 1142 2396 Quod
1169 2359 1277 2396 scripsi
1303 2360 1427 2396 serz'psz',
1453 2360 1543 2396 ipsum
1574 2358 1849 2395 reprehendentibus.
1873 2358 1904 2386 Et

1057 2415 1155 2435 verum
1187 2406 1311 2443 scripsit,
1340 2406 1411 2435 sicut
1433 2406 1551 2442 Spiritus
1571 2409 1683 2434 sanctus
1704 2413 1766 2433 eum
1789 2405 1905 2433 faciebat

1058 2454 1187 2483 scribere.
1210 2470 1249 2473 —-
1270 2453 1394 2481 Secundo
1415 2455 1528 2481 notatur
1549 2460 1599 2481 sua
1630 2451 1781 2480 humilitas
1813 2452 1839 2479 in
1860 2451 1904 2480 die
1921 2459 2049 2502 gssffiufflii.

1058 2509 1174 2533 coenae,
1203 2500 1312 2537 quando
1345 2500 1415 2528 lavit
1447 2500 1544 2536 (pedes
1575 2499 1812 2536 discipulorum).
1845 2499 1902 2527 Non

1058 2547 1181 2584 placebat
1204 2547 1282 2575 Petro
1305 2550 1356 2575 616.
1380 2546 1413 2575 δι’
1438 2555 1496 2574 nou
1528 2546 1624 2574 lavero
1647 2550 1686 2579 le,
1710 2554 1765 2574 11011
1788 2545 1903 2574 habebis

218 2738 224 2750 ¹
245 2739 310 2761 Dent.
333 2739 374 2766 29,
400 2738 427 2765 53
445 2738 548 2766 sequitui·
567 2738 620 2766 Sap.
644 2739 670 2765 22,
688 2738 724 2759 21.
747 2750 778 2754 —
801 2738 876 2765 Supra
899 2740 950 2760 ante
972 2737 1003 2760 ibi

155 2779 224 2800 eram
240 2778 291 2800 cod.
310 2777 379 2799 habet
395 2778 471 2799 adhuc
489 2777 587 2799 verbum
602 2776 729 2806 panoliou:
739 2777 773 2799 De
789 2783 886 2799 numero
904 2777 1001 2799 filiorum

157 2816 223 2838 lsrael
241 2817 295 2839 vide
312 2817 382 2839 Levit.
401 2822 421 2838 c.
434 2817 454 2838 vl.
467 2819 489 2838 et
501 2814 527 2844 ⁷2,
545 2822 570 2838 ex
588 2815 675 2844 quibus
692 2818 760 2844 patet,
778 2822 900 2838 numerum
919 2816 955 2838 hic
972 2815 1002 2837 in-

157 2855 257 2878 dicatum
276 2861 326 2877 esse
344 2855 420 2877 minus
437 2858 533 2877 rectum.

219 2893 227 2904 ²
245 2895 275 2916 Ex
293 2894 378 2916 Gallico
396 2894 414 2916 il
430 2900 466 2916 me
483 2893 598 2917 souvient.

219 2932 227 2945 ³
246 2933 301 2961 Cap.
321 2934 341 2961 3,
360 2934 396 2955 20.
416 2934 452 2955 19,

218 2972 227 2984 4
244 2972 306 2995 Libr.
326 2973 363 2995 lV.
381 2972 468 3000 Dialog.
486 2979 506 2995 c.
525 2973 559 2995 18.
817 2972 825 2984 ⁵
843 2972 900 3001 Cap.
920 2972 960 2999 16,
978 2973 1001 2995 3.

1122 2736 1131 2749 ὃ
1149 2737 1207 2758 Vide
1225 2743 1293 2764 supra
1312 2742 1366 2764 pag.
1384 2736 1440 2763 525,
1458 2738 1535 2758 notam
1553 2735 1574 2757 4„

1123 2775 1131 2788 ⁷
1150 2776 1279 2804 Respicitur
1296 2776 1373 2797 lilatlh.
1391 2776 1428 2802 22,
1451 2776 1486 2802 ¹33
1504 2775 1609 2803 seqnitur
1626 2776 1691 2797 Rom.
1714 2775 1747 2802 13,
1770 2776 1802 2797 12.

1123 2814 1132 2827 Β
1150 2816 1204 2837 Luc.
1225 2816 1258 2843 10,
1277 2815 1318 2842 25,
1335 2815 1439 2843 seqnitur
1456 2815 1532 2836 Mattli.
1554 2815 1592 2840 19,
1615 2814 1649 2836 17.

1122 2853 1131 2866 ‘³
1149 2854 1281 2876 Secundum
1301 2854 1334 2875 Du
1352 2853 1429 2881 Gange
1447 2856 1481 2875 est
1498 2859 1584 2881 areola,
1604 2853 1689 2876 Gallice
1707 2853 1816 2877 Graoier.

1123 2892 1142 2905 ¹⁰
1160 2894 1214 2915 Luc.
1231 2894 1258 2920 2,
1277 2893 1315 2919 l2;
1333 2893 1437 2921 sequitur
1456 2893 1530 2914 Manli.
1549 2893 1570 2920 8,
1589 2893 1624 2914 119.
1642 2898 1690 2921 seq.

1123 2932 1141 2945 1¹
1160 2933 1193 2955 Du
1212 2932 1302 2960 Gange,
1319 2931 1460 2954 Glossarium
1484 2934 1539 2954 ete:
1561 2931 1692 2961 Apodc‘ure‚
1717 2932 1793 2960 inniti,
1812 2932 1903 2959 fulcire,

1059 2972 1179 2994 sustinere.
1197 2983 1227 2988 —
1245 2972 1376 2999 Sequuntur
1394 2971 1453 2993 ioan.
1475 2971 1508 2999 19,
1526 2971 1563 2992 22.
1580 2973 1602 2993 et
1619 2977 1638 2993 c.
1657 2971 1693 2998 43,
1712 2971 1732 2993 5.
1751 2977 1816 3000 seqq.
