2243 3348
20 399 74 419 uiutus
83 401 120 415 mo-

20 427 36 451 ,³¹³
48 421 120 441 111131311-

32 480 80 500 Exem
84 478 111 502 pla
114 491 118 496 .

4 1123 5 1148 i
33 1122 117 1151 specialis

2 1155 5 1198 ς’
12 1147 117 1190 ittam·

5 1723 68 1742 sextus
79 1728 117 1742 mo-

7 1752 29 1774 ι1111
42 1747 117 1766 dilatan-

7 1771 115 1818 [Exemplum.

24 2154 116 2173 monitum.

23 2240 120 2259 Documen-

0 2264 31 2282 tum
39 2263 119 2283 inciden-

0 2289 22 2305 ter
27 2287 119 2307 traditum.

852 138 911 165 ΑΗΒ
932 137 1163 167 CONCIONANDI.

135 233 170 237 -
188 218 266 243 Item:
289 216 371 241 Petite
389 217 412 240 et
431 216 560 246 accipietis
572 214 597 245 ¹‚·
616 215 698 246 qualis
722 214 807 239 autem
831 214 903 239 debet
928 222 981 240 esse

135 261 235 293 petitio,
258 260 362 285 notatur
385 260 412 283 iu
430 259 589 290 Apocalypsi,
609 258 650 283 ubi
670 258 774 287 dicitur,
801 258 865 289 quod
889 258 982 289 viginti

135 305 247 336 quatuor
265 303 377 328 seniores
395 301 539 326 ceciderunt
556 302 585 326 iri
602 300 682 331 facies
700 308 761 325 suas
780 301 826 325 etc.

204 346 247 370 42.
267 345 374 375 Quintus
393 344 479 369 modus
498 344 620 368 dilatandi
637 344 676 368 est
688 351 732 374 per
750 350 779 367 ea
795 350 857 374 quae
870 343 981 368 eiusdem

135 390 196 415 sumt
214 388 366 420 cognitionis
377 386 396 418 ²,
409 394 472 418 quae
490 386 585 412 scilicet
602 386 754 411 conveniunt
766 386 792 410 in
805 385 905 416 radice,
923 386 982 410 licet

134 433 243 463 aliquam
263 430 433 455 diversitatem
462 429 579 454 habeant.
605 429 689 454 Posito
714 429 793 460 igitur
812 428 980 459 superlativo,

135 474 292 500 discurratur
310 473 341 498 ad
360 473 495 504 positivum
515 473 540 497 et
558 472 771 503 comparativum;
792 471 861 496 verbi
879 471 980 502 gratia:

134 517 273 548 Acciriyere
289 516 378 548 yladio
408 517 450 540 tuo
473 522 551 546 super
578 514 661 544 femur
679 516 760 545 tuum,
775 514 951 545 potentissime
962 513 980 538 ⁸.

134 561 200 586 Bene
218 559 291 584 dicit:
308 559 502 590 potentissime:
520 558 619 589 quidam
647 558 813 589 accinguntur
831 557 914 588 gladio
935 564 981 588 po-

135 603 227 632 tenter,
254 602 283 626 ut
310 601 451 632 coniugati3
474 601 573 632 quidam
594 600 743 631 potentius,
762 599 792 624 ut
810 598 980 629 contineiites;

134 645 233 677 quidam
250 644 437 676 potentissime,
457 644 486 668 ut
504 644 622 675 virgines.
642 657 676 661 —-
694 643 772 667 Item:
800 642 979 673 Inebriamirii,

133 688 262 713 carissimi
273 688 290 711 ’1.
310 675 414 716 Quidam
434 687 498 711 enim
518 686 578 710 sunt
597 686 664 716 cari,
678 685 777 716 quidam
790 685 916 715 cariores,
930 685 981 715 qui-

134 731 190 756 dam
209 730 346 755 carissimi.
369 728 432 754 Gari
451 729 521 758 sunt,
536 729 577 760 qui
592 729 617 753 in
628 728 733 753 caritate
753 728 824 757 sunt,
843 728 918 752 etiam
938 728 981 752 im-

134 773 250 805 perfecti;
269 773 382 797 cariores
410 772 483 801 sunt,
503 773 545 803 qui
572 772 635 796 dura
655 779 699 802 pro
728 771 828 796 Christo
857 771 980 796 sustinere

134 816 240 848 possunt
264 816 290 840 et
308 815 447 845 sustinent,
466 815 525 840 licet
544 822 599 840 cum
619 814 746 843 molestia;
776 814 919 845 carissimi,
939 814 981 845 qui

133 859 216 885 rident
233 859 300 883 inter
319 859 466 889 opprobria,
487 858 551 882 sicut
570 858 661 882 ebrius.
677 871 710 875 -—
722 857 802 882 Item:
815 856 901 886 Aufer
913 857 981 881 rubi-

131 903 217 934 ⁸ciuem
236 902 265 926 de
284 903 405 933 argento,
431 902 455 926 et
472 901 614 932 egredietur
640 908 685 925 vas
700 899 898 931 purissimum⁵.
912 900 980 925 Vasa

128 952 202 977 pura
221 945 281 969 sunt
304 945 360 969 laici
380 952 395 969 a
414 944 521 975 peccatis
549 944 648 973 mundi;
663 943 777 974 puriora
796 944 879 968 clerici
897 943 980 968 divino

133 987 218 1013 Officio
237 987 385 1018 mancipati;
400 987 547 1018 purissima
566 986 627 1011 sunt
649 986 768 1017 praelati,
787 987 829 1017 qui
846 993 905 1017 prae
924 986 980 1010 aliis

133 1030 223 1055 debent
242 1037 294 1055 esse
313 1030 398 1054 mundi
418 1030 443 1054 et
460 1029 506 1054 loti
517 1028 535 1053 ⁴³.

203 1073 242 1098 Ad
261 1073 327 1098 hunc
346 1073 444 1098 modum
464 1072 574 1103 pertinet
592 1073 637 1097 illa
655 1072 784 1101 dilatatio,
805 1080 867 1103 quae
885 1072 915 1097 fit
933 1072 981 1097 dis-

133 1117 254 1142 currendo
273 1124 317 1147 per
336 1117 418 1141 varias
439 1113 591 1151 [verborum]
612 1116 821 1146 compositionem
834 1115 903 1140 verbi
921 1123 980 1147 gra-

133 1160 182 1189 tia,
203 1160 223 1184 si
242 1159 318 1184 fuerit
331 1159 428 1184 thema:
447 1159 566 1191 Quaerite
579 1158 672 1188 faciem
685 1159 739 1183 eius
751 1166 850 1189 semper
861 1157 870 1170 ⁷
878 1167 886 1188 ,·
900 1158 981 1183 osten-

133 1203 212 1232 ditur,
232 1203 340 1234 qualiter
363 1203 484 1227 Dominus
504 1202 640 1233 quaeritur
665 1202 689 1226 et
716 1202 861 1232 requiritur
886 1202 911 1226 et
941 1201 980 1226 irt-

134 1246 249 1278 quiritur
278 1246 303 1270 et
334 1246 480 1277 ezquiritur
507 1246 532 1269 et
559 1245 659 1270 tandem
690 1245 794 1270 feliciter
823 1245 977 1276 aequiritur.

136 1289 276 1321 Quaeritur
294 1289 319 1313 in
339 1288 477 1319 baptism03
497 1288 640 1319 requiritur
664 1288 690 1312 in
709 1288 876 1318 poenitentia3
896 1288 979 1319 iuqui-

132 1332 203 1356 ritur
221 1331 363 1356 meditando
381 1332 407 1355 in
420 1331 474 1362 lege
488 1331 571 1355 divina
579 1340 585 1361 ;
599 1331 746 1361 exquiritur
764 1330 825 1355 bene
839 1330 979 1362 operand03

133 1375 158 1400 et
176 1375 211 1399 sic
230 1374 330 1399 tandem
350 1374 497 1405 acquiritur
516 1373 629 1398 feliciter.

203 1418 282 1447 Item,
302 1418 324 1442 si
351 1417 427 1442 fuerit
445 1417 542 1442 thema:
565 1416 693 1448 Spiritus,
713 1417 758 1441 ubi
776 1417 845 1446 vuit,
865 1417 950 1447 spirat
961 1415 979 1448 Β,

132 1461 229 1486 dicatur
248 1461 295 1485 sic:
314 1461 362 1485 Ille
382 1460 509 1491 Spiritus,
529 1461 584 1491 qui,
604 1460 649 1484 ubi
667 1460 736 1489 vult,
751 1460 850 1491 spirat,
863 1461 889 1484 in
908 1460 980 1485 nobis

132 1511 176 1535 per
194 1503 304 1535 gratiam
323 1511 395 1528 suam
413 1503 507 1534 spiret,
521 1503 550 1527 ut
563 1503 733 1534 unusquisque
747 1510 792 1533 pro
806 1503 914 1534 peccatis
928 1503 980 1527 suis

132 1547 256 1577 suspiret,
276 1547 301 1571 et
320 1546 470 1571 conscientia
488 1546 520 1570 ad
539 1546 640 1570 aeterna
659 1546 751 1577 gaudia
771 1546 881 1577 aspiret,
901 1546 926 1570 et
945 1547 980 1571 sic

132 1589 232 1615 tandem
251 1589 356 1614 feliciter
374 1589 495 1619 exspiret,
515 1589 541 1613 et
560 1588 617 1619 post
636 1588 740 1613 mortem
754 1589 779 1613 in
796 1589 877 1620 gloria
896 1596 980 1614 resur-

132 1632 249 1657 rectionis
268 1632 383 1663 respiret.

203 1675 246 1700 43.
265 1675 354 1700 Sextus
373 1675 459 1700 modus
484 1675 523 1699 est
542 1675 683 1706 exponendo
702 1675 868 1705 metaphoras
893 1682 980 1700 secun-

133 1719 191 1743 dum
218 1718 396 1749 proprietatem
425 1719 460 1742 rei
488 1719 556 1749 ipsas
584 1718 740 1749 explanando
768 1718 793 1743 et
824 1718 855 1742 ad
883 1718 980 1743 instru-

132 1762 238 1787 ctionem
257 1762 369 1787 nostram
388 1761 512 1793 aptand03
538 1761 607 1786 verbi
625 1761 722 1793 gratia:
743 1761 835 1786 Iustus
852 1762 980 1793 permina-

132 1805 169 1830 bit
186 1805 252 1830 sicut
278 1805 362 1829 lilium
372 1803 390 1828 ⁹.
410 1805 499 1829 Iustus
526 1804 593 1829 recte
620 1804 780 1835 comparatur
810 1804 880 1834 lilim
899 1805 979 1829 lilium

132 1849 171 1873 est
188 1849 253 1873 enim
266 1848 420 1879 candidum,
439 1848 554 1872 similiter
574 1847 655 1872 iustus
675 1855 719 1879 per
738 1847 930 1878 continentiamg
948 1848 980 1872 li-

131 1891 192 1916 lium
206 1890 244 1915 est
257 1890 424 1922 odoriferum,
445 1891 560 1915 similiter
578 1891 660 1915 iustus
680 1898 723 1922 per
736 1891 825 1916 bonam
844 1890 978 1921 famam¹⁰;

131 1934 191 1959 item
203 1934 256 1958 lilia
270 1935 386 1958 crescunt
406 1934 432 1958 iu
447 1934 561 1958 transitu
574 1941 710 1964 aquarum,
733 1934 848 1958 similiter
860 1934 921 1958 iusti
940 1934 979 1958 vel

132 1976 212 2002 sancti
231 1976 345 2002 crescunt
365 1977 390 2001 et
409 1977 542 2008 proficiunt
560 1978 585 2001 in
605 1977 715 2001 transitu
728 1977 934 2007 tribulationum;
947 1978 979 2003 le-

131 2020 200 2052 gitur
217 2021 244 2045 in
262 2020 345 2045 Exodo
357 2019 386 2050 ¹¹,
406 2020 470 2051 quod
489 2020 532 2045 filii
547 2020 635 2050 Israel,
649 2020 742 2051 quanto
759 2021 840 2052 magis
859 2021 980 2052 opprime-

131 2063 239 2092 bantur,
258 2063 329 2088 tanto
349 2064 429 2094 magis
448 2063 600 2088 crescebant.

202 2106 245 2130 44.
265 2106 304 2131 Ad
323 2106 368 2131 hoc
387 2106 478 2135 autem,
497 2107 526 2131 ut
539 2106 693 2131 abundemus
705 2107 753 2131 isto
767 2107 852 2135 modo,
866 2107 978 2141 oportet,

132 2149 162 2174 ut
179 2150 273 2174 multas
291 2157 374 2174 rerum
394 2150 562 2180 proprietates
580 2157 757 2181 cognoscamus
771 2150 796 2174 et
808 2157 849 2175 eas
873 2151 979 2175 sciamus

133 2193 164 2217 ad
183 2192 377 2217 aedificationem
397 2193 493 2217 animae
512 2192 646 2224 adaptare;
665 2193 739 2218 aliter
759 2194 823 2218 enim
842 2201 892 2219 non
911 2194 980 2218 vale-

133 2236 198 2260 rent.
217 2250 252 2254 —
271 2236 378 2267 Propter
397 2236 442 2261 hoc
461 2236 603 2267 philosophi
622 2236 717 2268 decepti
736 2237 805 2266 sunt,
824 2237 924 2261 tantum
944 2238 979 2262 rei

132 2278 309 2308 adhaerentes,
329 2279 354 2303 et
372 2279 458 2303 Iudaei
477 2279 577 2303 litterae
595 2279 706 2308 tantum,
733 2280 790 2310 quia
809 2280 841 2304 ad
868 2279 979 2304 aedifica-

132 2321 224 2346 tionem
243 2321 357 2346 reducere
375 2322 519 2347 noluerunt.
538 2322 604 2346 Deus
623 2322 687 2346 enim
707 2322 836 2347 creaturas
848 2322 906 2347 fecit
925 2330 979 2353 pro—

134 2364 190 2395 pter
208 2364 320 2389 homines
333 2372 381 2389 non
396 2365 475 2389 solum
489 2365 642 2394 nutriendos,
657 2365 699 2389 sed
716 2366 791 2390 etiam
804 2366 977 2395 instruendos;

131 2407 196 2432 unde
209 2408 261 2438 ipse
274 2408 299 2431 in
312 2407 449 2439 Evangelio
461 2406 495 2431 ¹²:
519 2407 684 2433 Considerate
699 2408 757 2433 lilia
770 2409 837 2440 (tyri,
852 2409 978 2439 quomodo

133 2451 260 2480 (30300111,-
278 2451 431 2475 considerate
449 2450 587 2481 ficulneam
607 2451 631 2475 et
650 2458 734 2476 omnes
753 2452 868 2481 arbores;
893 2452 917 2476 et
935 2452 979 2476 Sa-

132 2493 214 2518 lomon
227 2492 260 2517 ¹⁸:
280 2493 357 2525 Vade,
367 2494 451 2525 piyer,
465 2493 500 2519 ad
512 2493 647 2523 formicam
654 2503 662 2524 ,·
675 2495 700 2519 et
711 2495 770 2519 Iob:
784 2495 925 2526 Iuterroya
942 2496 979 2520 *iu-

197 2622 203 2634 ¹
223 2624 284 2645 toan.
306 2624 339 2650 16,
356 2623 398 2651 ΖΝΗ
416 2624 521 2652 sequitur
538 2624 609 2651 Apoc.
628 2625 652 2650 5,
676 2625 708 2647 lsi.

197 2653 205 2666 ²
223 2655 382 2682 Supplendum
401 2655 493 2677 videtur
507 2654 658 2684 principalis.

196 2684 205 2697 ³
223 2686 304 2707 Psalm.
325 2685 359 2714 M,
378 2686 398 2708 li.
621 2686 630 2698 ⁴
647 2686 710 2709 Cant.
729 2688 750 2715 5,
774 2688 790 2710 l.

197 2716 205 2728 ὖ
224 2717 289 2738 Prov.
308 2718 344 2744 25,
363 2717 383 2739 li.

196 2747 205 2759 ὓ
222 2748 282 2770 Haec
299 2748 345 2770 (luo
363 2749 467 2776 exemplu
484 2752 559 2771 sumta
577 2751 629 2771 sunt
646 2755 671 2771 ex
689 2750 739 2772 BF.

198 2778 206 2791 ⁷
225 2780 307 2801 psalm.
329 2779 376 2807 104,
396 2779 416 2801 4.
622 2779 631 2792 ⁸
648 2782 708 2803 loon,
727 2782 748 2807 3,
767 2782 788 2803 8.

197 2809 206 2822 ⁰
223 2810 280 2832 Osee
299 2810 339 2837 14,
357 2811 383 2832 6;
402 2811 478 2833 lsrael
495 2811 634 2839 germinabit
651 2812 710 2834 sicut
727 2812 809 2841 tilium3
828 2813 878 2835 1331.
891 2814 933 2842 27,
952 2815 977 2836 6:

134 2841 232 2864 Florebit
249 2845 270 2863 et
288 2841 427 2869 germinabit
445 2843 518 2865 lsrael.

197 2872 216 2885 ²⁰
229 2873 292 2901 Quae
309 2876 437 2901 sequuntur
455 2874 475 2895 in
494 2880 514 2896 n.
534 2874 570 2895 13.
587 2873 700 2897 habentur
713 2875 736 2896 in
751 2875 798 2897 solo
816 2876 841 2903 G,
855 2878 878 2898 et
894 2876 916 2898 in
934 2876 978 2898 fine

135 2909 206 2931 pauca
226 2904 248 2925 in
266 2905 282 2925 B
299 2907 321 2925 et
338 2905 360 2926 F.

197 2934 214 2947 ¹¹
233 2935 287 2963 Cap.
310 2936 327 2962 1,
349 2936 381 2957 12.

1841 148 1875 175 19

1037 217 1130 247 menta,
1149 218 1173 241 et
1190 218 1377 248 respondebunt
1395 219 1446 244 tibi.
1468 220 1567 245 Modum
1594 222 1668 246 istum
1696 223 1779 254 tang-it
1798 224 1877 249 David

1037 258 1120 283 dicens
1132 258 1166 283 ¹⁴:
1185 260 1326 285 Delectasti
1344 268 1382 285 me
1399 262 1429 285 iri
1446 261 1549 291 factura
1569 265 1621 288 tua.
1641 265 1784 289 Facturam
1803 266 1876 291 istam

1037 301 1151 332 appellat
1170 302 1300 331 mundum3
1320 303 1380 328 tunc
1404 305 1469 329 enim
1487 306 1513 329 iu
1532 305 1630 330 factura
1650 306 1693 331 Dei
1711 308 1876 338 delectamur,

1038 344 1147 374 quando,
1160 345 1186 368 in
1199 345 1276 369 variis
1295 346 1416 371 creaturis
1435 347 1560 377 instructi,
1580 350 1659 380 magis
1678 350 1709 374 ad
1727 351 1877 382 diligendum

1039 386 1117 410 Deum
1133 387 1278 412 invitamur.
1298 388 1405 419 Propter
1417 390 1463 415 hoc
1475 391 1565 415 dicitur
1576 391 1610 416 ¹⁶:
1630 393 1774 418 Benedicite
1793 395 1880 419 omnia

1037 435 1116 458 opera
1134 429 1243 453 Domini
1261 430 1388 459 Domino,
1408 432 1432 456 id
1451 433 1503 462 est,
1523 434 1578 458 sitis
1601 435 1705 459 materia
1724 436 1880 462 benedicendi

1037 470 1182 500 Dominum⁷
1197 472 1261 502 quod
1280 472 1322 502 fit,
1336 475 1434 504 quando
1452 476 1580 501 creaturas
1594 478 1696 507 propter
1709 485 1734 502 se
1748 478 1826 503 factas
1838 479 1879 504 ho-

1038 520 1077 538 mo
1090 514 1188 544 appetit
1202 514 1258 546 (sic)
1272 516 1297 539 et
1315 516 1341 540 in
1359 517 1421 547 ipsis
1435 518 1574 543 Creatorem
1588 519 1716 544 benedicit.
1730 535 1762 538 —
1778 521 1878 546 Modum

1037 556 1114 581 istum
1133 557 1255 582 dilatandi
1277 559 1297 582 si
1316 560 1371 589 quis
1396 567 1505 585 exercere
1531 562 1598 591 vult,
1622 563 1714 587 librum
1733 564 1819 588 utilem
1838 564 1880 589 ha-

1036 599 1111 629 bebit,
1132 599 1226 624 scilicet
1238 601 1365 630 mundum,
1379 603 1448 627 cuius
1461 611 1544 629 omnes
1557 605 1642 635 partes
1658 606 1784 631 instruent
1796 608 1878 638 ipsum

1037 642 1062 667 et
1086 642 1263 667 transmittent
1290 644 1321 668 ad
1350 644 1434 669 Deum.
1461 646 1503 670 Uti
1526 648 1619 677 poteris
1644 649 1734 674 mundo
1759 650 1878 681 tanquam

1037 685 1140 716 fizyurcm
1157 685 1222 710 unde
1247 686 1306 710 dicit
1332 687 1468 718 Apostolus
1480 687 1516 713 ¹⁶:
1537 690 1668 715 Praeterit
1689 691 1775 722 siqui-a
1802 692 1879 717 huius

1036 728 1142 759 mundi,
1161 735 1216 753 cum
1236 728 1318 753 tamen
1337 737 1365 753 ea
1382 730 1500 761 tanquam
1514 732 1659 757 substantia
1671 734 1776 758 utantur
1790 735 1879 765 cupidi.

1037 785 1072 788 —-
1091 771 1167 796 quta
1185 771 1251 796 hunc
1269 772 1368 796 modum
1395 773 1517 798 dilatandi
1545 775 1691 800 tentandum
1715 777 1753 801 est
1771 778 1880 808 accipere

1037 814 1205 844 proprietates
1224 815 1260 839 rei
1277 815 1407 839 naturales
1427 817 1505 846 primo
1525 817 1608 847 modo,
1632 819 1671 842 vel
1699 820 1817 848 secundo,
1838 821 1881 845 sci-

1036 857 1095 882 licet
1113 857 1247 882 secundum
1260 856 1279 869 ¹⁷
1299 858 1500 883 consuetudinem
1514 860 1538 883 et
1551 860 1681 891 naturam;
1701 863 1803 887 vocatur
1816 864 1880 887 enim

1037 900 1188 925 cousuetudo
1207 901 1257 925 alia
1275 900 1376 925 natura.

1107 942 1151 967 45.
1169 942 1245 967 luxta
1263 943 1329 968 hunc
1354 944 1452 968 modum
1472 945 1593 970 dilatandi
1611 947 1745 971 cavendum
1771 948 1809 972 est
1833 948 1881 973 cito

1037 987 1134 1011 variare
1157 986 1343 1017 metaphoram3
1364 987 1432 1011 verbi
1456 988 1553 1019 gratia,
1573 990 1592 1013 si
1612 989 1687 1014 fuerit
1705 990 1801 1015 thema:
1822 991 1880 1022 qu

1036 1036 1094 1053 sum
1108 1030 1203 1059 pastor
1223 1028 1343 1060 bouus-¹³,
1364 1030 1468 1059 sufficit,
1488 1031 1512 1055 in
1533 1031 1615 1056 eodem
1635 1039 1745 1057 sermone
1764 1033 1831 1064 loqui
1852 1034 1881 1058 (10

1037 1071 1137 1097 Christo
1157 1080 1201 1103 per
1220 1073 1319 1098 modum
1334 1074 1464 1105 pastoris,
1483 1074 1608 1106 tangendo
1628 1083 1656 1100 ea
1674 1083 1736 1107 quae
1755 1077 1882 1107 pertinent

1037 1115 1068 1139 ad
1088 1116 1227 1146 pastorem,
1247 1116 1272 1140 in
1292 1116 1414 1146 quantum
1433 1117 1520 1147 pastor
1539 1117 1631 1147 bonus,
1651 1118 1715 1143 sicut
1733 1119 1761 1143 de
1781 1119 1881 1149 ovibus,

1037 1158 1066 1183 de
1084 1158 1156 1183 caula
1175 1159 1200 1183 et
1218 1158 1373 1188 huiusmodi,
1392 1159 1420 1183 de
1434 1160 1624 1190 impedientibus
1646 1161 1671 1186 ct
1687 1162 1880 1193 expedientibus,

1037 1202 1153 1232 quoniam
1181 1202 1352 1232 oppositorum
1372 1202 1454 1226 eadem
1475 1203 1514 1227 est
1532 1203 1670 1234 disciplina.
1699 1204 1768 1229 Unde
1788 1205 1812 1229 in
1836 1206 1880 1230 illo

1037 1251 1148 1269 sermone
1168 1244 1228 1269 bene
1248 1245 1331 1276 potest
1350 1244 1404 1269 fieri
1423 1245 1515 1270 mentio
1534 1246 1563 1271 de
1582 1246 1641 1278 lupo
1660 1246 1684 1271 et
1702 1247 1812 1276 latrone,
1832 1255 1881 1273 non

1036 1288 1062 1312 in
1081 1287 1203 1318 quantum
1222 1288 1312 1319 lupus,
1333 1288 1374 1313 sed
1394 1289 1419 1312 in
1438 1289 1559 1319 quantum
1585 1289 1687 1314 devorat
1709 1290 1734 1314 et
1758 1291 1882 1322 disperyit

1037 1337 1100 1355 oves.
1118 1331 1150 1355 In
1170 1331 1253 1356 eodem
1273 1338 1331 1362 ergo
1351 1338 1462 1356 sermone
1481 1339 1530 1356 non
1550 1332 1662 1363 oportet,
1688 1333 1716 1357 ut
1735 1333 1763 1357 de
1782 1333 1880 1358 Christo

1037 1373 1157 1405 tanquam
1170 1374 1243 1404 flente
1259 1374 1386 1406 loquatur,
1400 1375 1439 1399 vel
1452 1375 1546 1406 aliquid
1565 1375 1629 1405 tale,
1649 1384 1679 1401 ne
1698 1376 1743 1401 fiat
1761 1377 1880 1408 digressio

1036 1417 1061 1441 et
1080 1424 1164 1442 sacrae
1183 1417 1326 1448 Scripturae
1345 1417 1391 1442 fiat
1409 1418 1545 1443 vilificatio.
1564 1419 1649 1444 Subito
1668 1421 1732 1444 enim
1752 1428 1766 1444 a
1785 1420 1882 1445 variata

1038 1460 1184 1490 metaphora
1203 1460 1324 1485 derisores
1338 1460 1431 1489 dicunt,
1446 1461 1509 1491 quod
1528 1461 1557 1485 de
1574 1461 1662 1487 trunco
1682 1462 1741 1486 facit
1760 1463 1880 1492 vitulum,

1036 1503 1120 1527 divina
1140 1503 1217 1527 vertit
1236 1503 1267 1527 ad
1286 1503 1384 1528 libitum
1405 1511 1485 1528 suum.
1499 1503 1606 1535 Propter
1624 1504 1670 1529 hoc
1688 1506 1829 1536 competens
1841 1506 1883 1530 de-

1036 1545 1078 1570 bet
1096 1545 1150 1570 fieri
1163 1546 1345 1576 proprietatum
1359 1546 1500 1577 adaptatio,
1520 1547 1559 1571 vel
1574 1547 1706 1572 secundum
1726 1548 1833 1572 validam
1847 1549 1880 1572 31-

1036 1588 1215 1618 militudinem,
1235 1596 1284 1614 non
1303 1589 1436 1614 secundum
1451 1597 1630 1621 quamcumque
1648 1590 1746 1615 tenuem
1761 1591 1880 1616 rationem

1036 1631 1082 1656 fiat
1101 1632 1243 1657 translatio.
1256 1647 1291 1650 —
1304 1633 1329 1657 Si
1348 1633 1431 1657 autem
1450 1634 1533 1657 variae
1552 1641 1592 1658 res
1605 1634 1631 1658 in
1644 1634 1764 1658 unitatem
1779 1635 1881 1659 veniunt

1037 1675 1170 1699 secuudum
1190 1676 1275 1706 partes
1288 1676 1450 1706 universales,
1464 1676 1503 1701 vel
1516 1676 1664 1708 integrales,
1684 1677 1820 1702 discurrere
1838 1686 1882 1709 per

1036 1718 1122 1749 partes
1135 1726 1184 1744 nou
1198 1719 1237 1743 est
1255 1719 1387 1750 digressiO,
1407 1719 1436 1744 ut
1455 1720 1476 1744 si
1488 1720 1585 1744 dicatur
1599 1719 1633 1744 ¹⁹:
1654 1721 1711 1752 qu
1731 1721 1778 1751 flos
1797 1721 1881 1752 campi

1037 1762 1061 1786 et
1081 1761 1166 1786 lilium
1185 1762 1342 1786 convallium
1350 1771 1357 1792 ;
1377 1763 1461 1793 potest
1479 1763 1539 1788 dici:
1567 1763 1682 1788 Christus
1700 1764 1748 1788 fuit
1772 1772 1832 1789 rosa
1855 1765 1881 1789 iu

1036 1805 1164 1835 passione,
1191 1805 1259 1829 viola
1281 1806 1307 1829 iu
1332 1806 1524 1835 resurrectione,
1546 1806 1631 1831 lilium
1655 1807 1678 1831 in
1705 1808 1881 1833 incarnatione.

1037 1848 1106 1873 Unde
1125 1849 1151 1873 in
1169 1849 1218 1873 isto
1238 1856 1349 1874 sermone
1369 1849 1397 1873 de
1414 1849 1514 1879 pastore
1527 1857 1576 1874 non
1590 1850 1635 1874 fiat
1649 1850 1739 1875 mentio
1753 1850 1781 1875 de
1792 1852 1881 1881 petra,

1036 1892 1076 1916 vel
1094 1892 1123 1916 de
1142 1892 1205 1922 flore
1213 1911 1219 1923 ‚
1233 1893 1281 1917 nisi
1300 1890 1371 1928 [tale]
1386 1893 1480 1924 aliquid
1493 1893 1632 1918 occurreret
1644 1894 1669 1918 in
1682 1894 1788 1918 adducta
1801 1894 1882 1919 aucto—

1036 1934 1120 1959 ritate.
1139 1948 1174 1952 —-
1193 1934 1216 1959 Si
1230 1935 1314 1959 autem
1327 1935 1403 1959 habet
1416 1943 1455 1959 res
1469 1935 1537 1960 tacta
1550 1936 1574 1960 in
1589 1935 1699 1960 themate
1718 1943 1809 1966 paucas
1829 1943 1882 1967 pro-

1037 1978 1170 2008 prietates,
1190 1978 1235 2002 aut
1254 1979 1274 2002 si
1288 1979 1395 2008 multas,
1408 1979 1492 2003 tamen
1508 1980 1609 2010 ignoras
1623 1986 1675 2008 eas⁷
1694 1980 1731 2004 vel
1750 1980 1770 2003 si
1790 1980 1882 2004 multas

1036 2021 1123 2051 notas,
1137 2021 1220 2045 tamen
1234 2029 1282 2046 non
1296 2021 1469 2051 aedificantes3
1483 2029 1532 2047 non
1546 2022 1584 2047 est
1598 2022 1750 2051 mirandum,
1765 2023 1785 2047 si
1799 2023 1883 2047 trans-

1036 2064 1101 2089 ferat
1120 2072 1145 2089 se
1164 2064 1320 2095 praedicator
1339 2064 1370 2089 3(1
1389 2065 1463 2089 3113111
1478 2072 1541 2094 rem,
1561 2066 1586 2089 in
1606 2065 1675 2089 cuius
1688 2065 1882 2096 proprietatibus

1036 2108 1116 2138 magis
1135 2107 1244 2132 abundet
1262 2108 1287 2132 et
1306 2108 1364 2138 plus
1386 2108 1506 2133 aedificet.
1526 2108 1607 2139 Magis
1625 2109 1689 2133 enim
1715 2109 1820 2133 amanda
1845 2108 1883 2133 est

1036 2151 1176 2175 animarum
1195 2150 1333 2175 aedificatio
1352 2158 1426 2182 quam
1446 2152 1566 2176 sermonis
1585 2151 1745 2176 continuatio.

1106 2193 1149 2218 46.
1168 2193 1293 2224 Septimus
1312 2194 1399 2219 modus
1418 2194 1539 2219 dilatandi
1558 2195 1596 2219 est
1615 2195 1698 2219 thema
1717 2194 1882 2219 diversimode

1036 2244 1167 2267 exponere.
1184 2237 1248 2261 Sunt
1267 2238 1350 2262 autem
1369 2237 1477 2268 quatuor
1495 2238 1560 2262 modi
1579 2238 1727 2268 exponendi:
1749 2237 1880 2268 litteralis,

1036 2279 1200 2310 azleyorzsscns,
1215 2280 1386 2311 tropologicus
1399 2281 1438 2305 vel
1452 2281 1566 2309 moralis,
1581 2281 1735 2311 auayogyiczts
1746 2279 1776 2304 ²⁰.
1789 2294 1824 2297 —
1836 2279 1882 2304 Az-

1036 2323 1161 2354 Zeqoricus
1180 2323 1231 2351 est,
1250 2324 1348 2354 quando
1368 2331 1411 2354 per
1430 2331 1505 2348 unum
1520 2324 1612 2348 factum
1628 2324 1777 2354 intelligitur
1800 2323 1881 2353 aliud;

1036 2366 1209 2397 tropoioqieus
1228 2366 1332 2395 dicitur,
1353 2367 1450 2397 quando
1476 2375 1519 2398 per
1538 2374 1614 2391 unum
1639 2366 1729 2391 factum
1758 2366 1882 2396 significa-

1036 2409 1078 2433 tur
1096 2409 1189 2440 aliquid
1209 2409 1355 2437 faciendum,
1376 2411 1400 2434 et
1419 2410 1509 2434 dicitur
1533 2417 1548 2434 a
1568 2411 1668 2441 tropos,
1688 2409 1751 2440 quod
1771 2410 1808 2433 cst
1825 2416 1882 2433 0011-

1036 2453 1123 2482 versio,
1143 2453 1168 2477 et
1188 2452 1266 2484 Zoyos,
1285 2453 1350 2484 quod
1369 2454 1407 2477 est
1426 2460 1513 2482 sermo,
1533 2453 1603 2484 quasi
1631 2460 1710 2477 sermo
1735 2459 1880 2481 conversus,

1036 2496 1129 2521 scilicet
1148 2496 1178 2520 ad
1197 2503 1259 2526 1103,-
1272 2496 1301 2520 ut
1314 2503 1358 2527 per
1376 2496 1436 2525 hoc,
1455 2496 1519 2527 quod
1536 2496 1616 2520 David
1635 2496 1724 2519 devicit
1743 2495 1837 2520 Goliam
1852 2494 1881 2523 ²¹¹,

1101 2626 1120 2638 ¹²
1138 2626 1182 2649 Csr.
1202 2627 1278 2648 Manli.
1304 2626 1326 2654 6,
1352 2626 1389 2647 28.
1417 2628 1437 2647 et
1456 2626 1509 2647 Luc.
1537 2626 1571 2651 12,
1591 2625 1630 2652 27,
1657 2625 1685 2647 (lc
1712 2625 1805 2647 liculnea
1828 2625 1880 2646 Luc.

1037 2659 1075 2687 2¹¹
1093 2658 1204 2710 21ξ1)·1)1·ον.
1222 2689 1243 2715 6,
1261 2689 1287 2715 6;
1306 2688 1391 2711 deinde
1409 2688 1447 2710 lob
1469 2688 1502 2714 12,
1520 2688 1546 2713 73
1565 2688 1646 2715 ang.:
1663 2690 1685 2709 et
1702 2686 1817 2709 docebunt
1836 2689 1862 2708 [c.

1100 2719 1119 2732 ¹4
1137 2720 1218 2741 Psalmi.
1237 2720 1273 2747 91,
1293 2720 1313 2741 5,
1523 2717 1542 2731 ¹⁵
1561 2719 1615 2740 Dan.
1634 2719 1654 2745 33,
1673 2718 1710 2741 57.

1100 2750 1119 2763 ue.
1137 2751 1207 2778 Epist.
1226 2751 1240 2772 l.
1257 2750 1308 2773 Cor.
1325 2750 1347 2777 7,
1365 2750 1401 2772 311.

1099 2781 1117 2796 ¹⁷
1136 2782 1211 2804 Lectio
1229 2782 1315 2804 codicis
1334 2785 1367 2803 est
1384 2781 1463 2808 dubia,
1481 2784 1513 2808 et,
1533 2784 1556 2803 ut
1574 2780 1675 2806 videtur,
1693 2783 1808 2807 corrupta.

1100 2812 1119 2825 ¹³
1138 2814 1195 2835 10311.
1215 2813 1258 2839 10,
1277 2814 1314 2835 Η.
1334 2815 1356 2835 et
1373 2814 1429 2834 infra
1447 2819 1469 2834 v.
1489 2813 1525 2833 112.

1100 2843 1119 2857 ¹⁰
1136 2844 1198 2866 Cant
1217 2845 1242 2870 2,
1263 2844 1283 2865 l.

1099 2875 1119 2889 ²0
1136 2875 1179 2898 Csr.
1198 2876 1291 2903 Bonam,
1310 2875 1424 2903 Breviloq.
1443 2875 1531 2901 prolog.
1549 2876 1561 2901 2}
1580 2874 1599 2895 Ιι.
1618 2876 1639 2895 et
1662 2873 1785 2900 praecipue
1802 2872 1881 2895 Coliat.

1036 2907 1058 2929 in
1076 2907 1183 2929 Hexa'c'm.
1202 2907 1274 2928 collat.
1298 2907 1330 2928 13.
1348 2912 1370 2933 p.
1389 2907 1411 2927 ΙΙ.

1099 2937 1117 2950 2¹
1136 2938 1197 2960 Libr.
1215 2938 1229 2959 1.
1248 2938 1304 2965 Reg.
1326 2937 1364 2963 17,
1383 2937 1419 2958 51.

1898 526 2009 546 Notandum.

1899 952 1968 976 Regula
1981 954 1988 971 1
1995 967 1999 972 .

1900 1423 1954 1441 Nota.

1899 1637 1968 1660 Regula
1980 1637 1998 1655 2.

1900 1938 1969 1961 Regula
1981 1938 1998 1957 3.

1932 2195 2026 2219 Septimus

1900 2220 1964 2237 modus
1981 2219 2026 2237 dila-

1899 2242 1957 2260 tandi.

1908 2266 2002 2289 Expositio

1895 2290 2017 2336 attius:

1899 2371 2024 2395 Tropologica.
