2243 3348
209 704 237 722 De
250 702 340 722 secundo.

233 1260 262 1279 De
275 1260 337 1279 tertio.

353 201 410 228 200
1017 197 1189 226 SERMONES
1210 197 1252 225 DE
1274 195 1437 224 TEMPORE.

354 281 478 315 oportet,
500 278 698 307 desiderantem
720 277 880 313 sapientiam
901 275 1011 304 dissolvi
1037 283 1052 303 a
1077 274 1152 303 curis
1172 276 1199 302 et

354 325 594 358 distractionibus,
616 324 751 360 siquidem
779 323 831 360 qni
858 322 1028 351 minoratur
1055 324 1123 349 aeta
1150 328 1198 348 sa-

352 372 493 408 pientiam
513 371 651 408 percipiet
664 372 692 403 ¹;
712 378 794 398 secus
812 369 897 405 pedes
920 368 1045 401 Domini,
1067 375 1117 403 per
1138 374 1198 395 cor-

354 418 396 446 dis
418 417 644 450 humiliationem,
666 416 731 452 quia
752 415 926 443 obstaculum
948 413 1072 442 veritatis
1093 415 1134 441 est
1156 415 1199 440 tu-

354 472 415 492 mor
444 463 557 496 mentis,
580 462 643 499 qui,
664 462 743 498 dumz
759 461 851 494 inssat,
873 459 1031 493 obnubilat;
1061 458 1199 487 (iniciebat

355 509 474 538 verbum.
495 508 590 541 illius,
613 516 662 544 per
684 507 796 535 auditus
817 506 1029 538 inclinationem,
1051 507 1078 533 et
1099 503 1198 532 oblivi—

353 564 435 584 scens
453 555 594 591 populant
617 562 716 587 suum,
739 553 895 586 Iudaicum,
917 555 942 579 ct
963 551 1082 579 (1011111111
1101 550 1199 587 patris

355 602 413 636 sui,
434 601 533 630 diaboli
555 608 605 637 per
628 600 817 628 imitationem.

433 647 557 676 Secundo
578 647 658 675 debet
679 646 799 675 retineri
819 646 876 674 sive
897 645 971 674 credi
993 645 1110 673 firmiter
1132 652 1199 672 cam

356 694 474 722 unionis
502 692 695 726 αιῖΙιαθςςίοηθ,ι
724 691 797 720 unde
822 691 855 720 de
882 691 935 719 illis
964 690 1011 728 qui
1044 698 1097 718 non
1129 690 1199 718 bene

355 740 483 773 retinent,
495 740 560 768 dicit
571 739 705 768 Dominus
720 739 747 767 2:
764 738 840 767 Nam
856 738 907 776 qui
919 746 1015 774 snpra
1027 740 1154 773 petram,
1171 736 1198 765 hi

355 790 434 818 sunt,
457 786 517 824 qai,
539 794 603 814 etim
627 785 793 818 (nicaei-int,
815 793 882 812 etim
901 784 1013 821 yctzntz'o
1034 782 1200 819 suscipiant

357 832 493 866 vetitum,-
514 836 539 861 et
559 832 590 860 lii
611 832 725 861 radices
739 840 798 860 iton
812 830 923 864 liabent,
939 830 1012 868 qaia
1032 829 1072 857 ad
1088 833 1199 866 tempas

355 880 478 908 credunt
498 883 523 908 et
545 880 574 907 in
596 883 720 916 tempore
742 877 907 906 tentationis
928 877 1073 905 recedunt.
1100 876 1151 904 Sed
1166 876 1199 904 de

355 927 399 955 his
416 926 463 963 qui
485 926 602 954 firmiter
624 925 801 954 crediderunt
823 924 879 952 sive
901 924 1087 957 retinuerunt,
1103 923 1200 951 adiun-

355 973 403 1010 git,
418 973 526 1001 dicens:
546 973 628 1008 Quod
649 976 744 1000 (itatem
768 971 799 999 iii
820 971 923 999 bonam
940 974 1062 1003 terram,
1077 968 1108 998 ln·
1121 973 1199 1004 stt-nt,

355 1020 407 1057 qai
427 1019 456 1047 in
479 1019 563 1047 corde
584 1018 655 1047 buno
677 1022 702 1046 ct
722 1017 829 1054 optimo
850 1016 1000 1045 audientes
1014 1015 1133 1044 verbam
1156 1024 1200 1044 <re-

356 1067 445 1094 tinent
471 1069 495 1094 et
516 1064 647 1102 fructum
677 1063 806 1102 afferant
835 1063 1044 1100 inpatientia,
1066 1071 1098 1091 eo
1126 1062 1201 1099 quod

355 1112 560 1149 persecutiones
581 1115 608 1140 et
628 1111 767 1148 quaelibet
786 1111 856 1139 mala
871 1118 974 1147 poenae
989 1110 1124 1147 patienter
1140 1117 1200 1138 sus-

356 1159 444 1188 tinent
465 1162 578 1195 propter
600 1159 716 1187 verbum
738 1158 795 1186 Dei.

435 1205 526 1234 Tertio
537 1205 617 1233 debet
628 1204 750 1241 intelligit
763 1204 914 1241 ‹lz'tiyenter
929 1212 996 1232 eam
1011 1203 1107 1240 operis
1123 1212 1200 1232 exse-

357 1253 485 1286 catione,
507 1252 572 1289 quia
593 1252 626 1280 de
648 1252 701 1280 illis
722 1251 768 1288 qui
788 1251 937 1280 audierunt
952 1254 979 1280 et
993 1259 1076 1288 opere
1097 1251 1200 1280 manc-i-

355 1308 422 1336 pare
442 1300 642 1336 neglexerunt,
664 1298 765 1326 dicitur
794 1298 922 1326 Matthaei
947 1298 1053 1326 decimo
1076 1298 1157 1326 tertio
1173 1298 1199 1325 ³:

357 1346 471 1380 Onmis,
493 1346 544 1383 qni
564 1345 649 1373 (ttulit
678 1345 796 1373 verbum
824 1344 909 1382 reyni
928 1348 953 1373 et
977 1353 1036 1373 ‘non
1057 1344 1199 1381 intelliyit,

353 1393 430 1421 venit
450 1392 547 1420 malus
568 1396 593 1420 et
614 1392 692 1428 rapit
714 1391 791 1429 quod
804 1392 983 1420 sentiliacum
1003 1395 1043 1419 est
1065 1391 1096 1420 iit
1115 1391 1201 1420 eorde

353 1440 433 1473 eius;
455 1438 499 1467 liic
520 1443 574 1472 est,
596 1439 648 1477 qui
660 1447 743 1467 sectis
758 1439 837 1467 iiiam
856 1439 1019 1467 seminatus
1033 1443 1081 1467 est.
1097 1438 1148 1467 Sed
1167 1438 1200 1467 de

353 1487 396 1515 his
417 1486 463 1523 qui
486 1486 685 1514 intellexerunt
706 1493 769 1514 cum
789 1485 880 1522 operis
895 1485 1083 1519 exsecutione,
1098 1485 1201 1514 addidit:

352 1533 460 1562 dicens:
485 1533 541 1568 Qui
563 1541 627 1560 uero
653 1532 683 1561 in
704 1536 815 1560 terrani
837 1532 941 1560 bonam
963 1532 1125 1561 seminatus
1149 1536 1199 1566 est,

353 1579 399 1608 liic
419 1583 469 1613 est,
491 1579 543 1617 qai
562 1579 648 1608 audit
668 1579 788 1607 verbam
810 1582 835 1607 et
857 1579 990 1616 intelliyit
1013 1583 1040 1607 et
1065 1578 1200 1616 fractum

353 1625 453 1664 affert,
482 1631 507 1654 et
534 1625 608 1663 facit
636 1626 721 1654 aliwi
748 1626 864 1664 qttz'dem
890 1626 1093 1660 centesimam,
1116 1625 1200 1654 alind

353 1678 449 1702 autem
471 1674 697 1711 sexccyesimam,
720 1674 805 1702 aliud
819 1682 886 1702 vero
901 1673 1095 1711 trigesimum.
1115 1689 1149 1693 —
1164 1673 1200 1701 In

353 1724 463 1749 terram
485 1720 588 1749 bonam
612 1721 729 1749 verbum
752 1721 914 1755 seminatur,
937 1720 1048 1757 quando
1063 1720 1136 1757 quod
1159 1720 1200 1748 in-

351 1768 484 1805 telligitur
512 1776 596 1805 opere
627 1768 797 1805 completur;
830 1771 857 1796 et
884 1771 950 1796 tunc
979 1767 1096 1796 verbum
1125 1766 1201 1805 facit

351 1814 484 1852 fructum
506 1815 688 1852 trigesimum
711 1815 738 1843 in
761 1815 926 1851 coniugatis,
942 1814 1157 1852 sexagesimum
1172 1814 1199 1842 in

352 1862 565 1895 continentibus,
587 1862 634 1891 sed
649 1861 835 1890 centesimam
851 1862 877 1889 in
893 1861 1055 1898 virginibus.
1071 1861 1199 1889 Meritum

353 1916 418 1945 ergo
439 1909 649 1945 coniugatorum
678 1916 727 1945 per
751 1908 935 1945 tripesimam
956 1916 1122 1942 numerum,
1152 1907 1199 1944 qui

353 1956 494 1993 consurgit
521 1963 557 1984 ex
578 1956 700 1984 ternario
722 1958 748 1984 et
777 1955 899 1990 denario,
928 1955 1106 1992 intelligitur,
1135 1954 1200 1991 quia

1256 273 1394 309 coniugati
1416 272 1516 301 debent
1538 272 1641 301 habere
1656 272 1738 301 tidem
1755 272 1895 302 Trinitatis
1909 276 1936 302 et
1950 272 2101 302 adhaerere

1255 319 1349 348 decem
1372 318 1526 355 praeceptis
1547 318 1632 355 Legis.
1654 319 1705 347 Per
1726 327 1874 348 numerum
1896 322 1989 348 autem
2017 328 2101 348 sewa-

1254 366 1414 403 qestmztm,
1437 365 1484 402 qui
1507 366 1649 402 consurgit
1670 373 1705 394 cx
1728 366 1837 394 senario
1859 369 1886 395 et
1906 366 2031 401 denario,
2060 367 2102 395 in-

1256 412 1389 448 telligitur
1411 412 1541 440 meritum
1557 412 1766 446 continentium,
1781 412 1846 449 quia
1867 413 2038 442 continentes
2056 414 2102 443 de-

1255 458 1321 486 bent
1342 457 1494 486 adhaerere
1524 458 1618 486 decem
1646 458 1800 495 praeceptis
1828 459 1905 495 Legis
1933 461 1960 487 et
1987 459 2101 496 insuper

1255 503 1359 532 habere
1380 511 1430 533 sex
1452 512 1536 541 opera
1557 504 1777 539 misericordiae,
1799 512 1871 541 quae
1891 505 1919 533 in
1939 505 1991 534 hoc
2018 513 2102 534 versu

1255 550 1447 579 continentur:

1345 629 1428 653 Visito.
1448 631 1516 657 poto,
1534 628 1599 656 cibo,
1616 629 1718 658 redimo,
1737 632 1801 657 tego,
1819 630 1913 659 colligo,
1931 631 2014 653 condo.

1256 691 1342 720 Debet
1366 691 1438 720 enim
1467 691 1610 720 continens
1634 691 1755 720 'visitare
1783 691 1921 726 infirmos,
1950 692 2049 721 cibare
2076 696 2103 723 et

1253 741 1357 774 potare
1378 737 1493 771 ieiunos,
1515 738 1656 766 redimere
1677 738 1807 774 captivos,
1830 742 1921 775 tegere
1936 739 2032 774 nudos,
2048 739 2103 768 eol-

1257 784 1343 821 liyere
1364 784 1525 821 peregrinos
1546 788 1573 813 et
1601 784 1722 813 condere
1743 784 1801 813 sive
1828 785 1946 822 sepelire
1967 789 2101 815 mortuos.

1256 848 1294 851 —
1316 831 1444 860 Meritum
1472 831 1591 868 denique
1619 831 1759 868 virginum
1789 832 1895 860 ratione
1921 840 1987 861 suae
2014 833 2104 870 perfe-

1257 878 1354 907 ctionis
1375 886 1425 914 per
1447 878 1631 906 centesimam
1653 886 1802 907 numerum
1822 878 1981 916 designatur
1996 879 2017 914 ⁴,
2039 880 2104 916 quia

1257 925 1378 961 virgines
1399 925 1482 953 vitam
1504 924 1655 961 angelicam
1684 928 1710 953 et
1732 925 1887 960 caelestem,
1909 925 1936 954 in
1964 929 2102 963 quantum

1257 975 1382 1008 possunt,
1404 971 1510 1000 ducunt
1522 972 1541 999 ⁵.

1337 1018 1376 1046 111.
1399 1018 1490 1047 Tertio
1512 1018 1538 1047 in
1562 1018 1646 1047 verbo
1662 1018 1802 1055 proposito
1818 1021 1930 1048 notatur
1946 1020 2048 1057 recepti
2062 1029 2104 1049 se-
2124 1025 2171 1044 Pars
2181 1025 2210 1046 1¹1-

1256 1065 1347 1093 mitiis
1368 1068 1554 1102 temporanea
1574 1064 1777 1102 fructificatio,
1796 1073 1859 1094 cum
1874 1065 1956 1094 dicit:
1970 1065 2103 1104 fructum

1257 1111 1384 1150 afferant
1406 1112 1437 1140 in
1455 1112 1608 1148 patientia.
1631 1112 1697 1140 Nam
1723 1112 1761 1140 illi
1787 1112 1833 1149 qui
1856 1112 1946 1149 primo
1967 1121 2103 1150 purgave-
2116 1112 2233 1167 {ffliffipfg*}

1257 1162 1324 1188 runt
1346 1167 1393 1187 cor
1413 1167 1429 1187 a
1443 1158 1529 1195 spinis
1551 1159 1675 1187 onmium
1697 1162 1874 1195 peccatorum
1889 1162 1916 1188 et
1937 1163 2104 1197 receperunt

1257 1206 1374 1235 verbum
1396 1209 1556 1234 reverenter
1578 1213 1642 1234 cum
1665 1206 1764 1235 mentis
1785 1206 1968 1243 quietatione‚
1984 1206 2104 1236 asserunt

1257 1252 1433 1289 spectabilem
1451 1251 1586 1289 fractam
1598 1253 1742 1290 paritatis
1763 1252 1914 1282 munditiae
1928 1253 2105 1290 pulcrifican-

1257 1300 1307 1333 tis;
1329 1299 1466 1333 secundo,
1489 1300 1536 1336 qui
1565 1307 1612 1328 cor
1634 1299 1844 1336 compleverunt
1864 1300 1945 1336 aquis
1970 1300 2104 1337 lacryma-

1257 1347 1353 1375 bilium
1376 1347 1621 1383 compunctionum
1649 1349 1676 1375 et
1698 1346 1876 1375 retinuerunt
1903 1346 1961 1375 sive
1982 1347 2104 1377 credide-

1257 1396 1323 1421 runt
1344 1393 1461 1421 verbum
1483 1392 1610 1426 tirmiter,
1625 1392 1745 1421 afferunt
1765 1392 1899 1430 fractam
1921 1393 2017 1422 utilem
2045 1393 2105 1423 ela-

1256 1440 1356 1468 ritatis
1377 1439 1572 1476 intelligentiae
1594 1439 1789 1474 illuminantis3
1812 1439 1909 1474 tertio,
1935 1440 1973 1468 1111
1994 1440 2042 1477 qui
2064 1440 2105 1469 in-

1257 1486 1472 1514 flammaverunt
1496 1494 1544 1514 cor
1566 1486 1697 1514 incendiis
1725 1486 1881 1514 divinorum
1903 1486 2104 1515 desideriorum

1257 1536 1284 1561 et
1304 1533 1504 1561 intellexerunt
1525 1532 1643 1561 verbum
1664 1532 1809 1569 diligenter
1831 1541 1893 1562 cum
1915 1533 2008 1570 operis
2025 1541 2106 1562 exse-

1257 1579 1376 1613 cutione,
1391 1579 1512 1608 asserunt
1526 1578 1661 1616 fructum
1674 1579 1865 1608 oblectabilem
1883 1578 2104 1616 familiaritatis

1256 1626 1364 1655 divinae
1385 1626 1563 1655 dulcorantis.
1587 1626 1618 1654 Et
1639 1626 1677 1655 sic
1699 1626 1760 1655 talis
1781 1626 1890 1655 fructus
1911 1629 1953 1655 est
1973 1626 2104 1663 optimus,

1256 1681 1288 1702 eo
1310 1673 1384 1710 quod
1406 1673 1489 1702 habet
1510 1672 1719 1710 speciositatem
1741 1673 1768 1701 in
1790 1676 1921 1710 aspectu,
1949 1673 2104 1702 utilitatem

1257 1720 1283 1748 in
1305 1720 1405 1748 effectu
1426 1723 1453 1748 et
1474 1719 1690 1748 deliciositatem
1711 1719 1739 1748 in
1760 1723 1853 1756 gustu.

1337 1767 1426 1795 Primo
1451 1774 1533 1803 ergo,
1562 1766 1610 1803 qui
1642 1770 1872 1803 expurgaverunt
1893 1774 1941 1796 cor
1972 1775 1988 1796 a
2019 1767 2104 1805 spinis

1256 1814 1379 1842 omnium
1402 1816 1578 1851 peccatorum
1601 1815 1628 1842 et
1652 1813 1783 1842 vitiorum
1805 1816 1833 1842 et
1853 1817 2021 1851 receperunt
2042 1822 2104 1844 ver-

1256 1860 1323 1889 bum
1355 1863 1517 1889 reverenter
1548 1867 1611 1888 cum
1640 1860 1739 1888 mentis
1768 1860 1951 1897 quietatione,
1984 1861 2104 1890 asserunt

1256 1907 1431 1944 spectabilem
1454 1907 1577 1936 fructum
1595 1907 1740 1944 paritatis
1755 1907 1907 1936 munditiae
1928 1908 2103 1945 pulcritican-

1256 1955 1306 1988 tis;
1329 1954 1403 1983 unde
1424 1954 1526 1983 dicitur
1556 1954 1770 1983 Proverbiorum
1792 1954 1873 1984 tertio
1888 1955 1914 1983 6;
1941 1955 2042 1984 Melior
2063 1958 2104 1984 est

415 2124 422 2137 ¹
440 2125 506 2147 Eccli.
525 2125 561 2153 38,
579 2125 621 2152 252
639 2125 743 2153 sequitur
761 2125 796 2147 rs.
815 2124 851 2152 44,
874 2125 906 2147 11.

415 2163 423 2176 ²
441 2165 494 2186 Luc.
513 2165 537 2191 8,
557 2165 590 2186 13.

416 2202 425 2215 ³
443 2203 508 2225 Vers.
530 2204 563 2225 19.
581 2206 602 2225 et
620 2203 672 2225 dein
691 2210 714 2225 v.
732 2204 769 2226 23.

413 2241 423 2254 ‘¹
442 2242 549 2264 vaticana
567 2245 588 2264 et
609 2242 676 2265 CEF
700 2242 831 2270 adiungunt
855 2242 933 2271 plura,
956 2248 1017 2271 quae
1039 2242 1096 2264 inter
1121 2243 1199 2270 spuria

352 2281 477 2310 relig-lenda
495 2287 545 2303 esse
562 2281 682 2308 videntur,
706 2284 755 2304 tum
773 2282 827 2310 quia
850 2282 874 2303 in
896 2288 921 2304 se
938 2282 1014 2309 inepta
1031 2282 1140 2304 videntur
1157 2288 1199 2310 pro

353 2323 478 2348 suggestu,
496 2323 544 2342 tum
561 2321 615 2349 quia
633 2321 762 2343 nullatenus
779 2320 888 2343 exhibent
903 2320 1029 2348 rationem,
1043 2327 1115 2349 quare
1132 2321 1201 2343 meri-

352 2362 401 2381 tum
419 2360 536 2387 virginum
553 2359 597 2382 sub
614 2366 711 2382 numero
730 2360 856 2382 centesimo
870 2360 1012 2388 designatur.
1024 2359 1113 2382 Habent
1125 2360 1199 2382 enim:

355 2399 443 2421 «Unde
469 2406 480 2421 a
506 2400 630 2421 centesimo
656 2401 677 2421 et
702 2399 812 2427 deinceps
834 2399 922 2421 ratione
943 2405 999 2421 suae
1016 2399 1162 2427 perfectionis
1178 2401 1200 2421 et

352 2437 476 2460 nobilitatis
499 2438 520 2459 in
543 2438 660 2460 dexteram
678 2440 834 2466 computatur.
859 2439 947 2460 Tamen
970 2438 999 2461 acl
1025 2438 1198 2461 dilucidandum

353 2477 434 2499 melius
451 2476 550 2499 verbum
567 2477 726 2506 propositum,
749 2483 822 2506 quare
844 2479 867 2500 in
884 2478 926 2500 isto
949 2484 1047 2500 numero
1070 2480 1092 2500 et
1114 2478 1199 2500 nonin

354 2516 397 2538 alio
414 2516 486 2538 voluit
507 2517 568 2538 Deus
585 2516 713 2544 exprimere
731 2517 811 2539 merita
830 2517 920 2539 illorum
938 2517 1006 2539 trium
1024 2519 1137 2544 statuum,
1154 2523 1199 2539 non

354 2558 387 2577 est
403 2555 633 2582 praetermittendum
656 2556 719 2584 quod
743 2556 822 2578 dicunt
843 2556 866 2578 in
888 2558 936 2579 arte
959 2556 1137 2584 computationis
1159 2562 1199 2584 pe-

354 2594 403 2621 riti,
424 2600 451 2616 eo
472 2594 536 2622 quod
557 2601 598 2621 per
618 2595 661 2617 hoc
684 2595 749 2617 vetut
775 2595 898 2618 artificialis
920 2598 942 2618 et
964 2595 1059 2623 propria
1081 2594 1199 2617 videbitur

354 2633 511 2661 appropriatio
529 2633 664 2655 meritorum
687 2634 716 2656 ad
739 2634 828 2656 merita.
851 2634 965 2657 Numerus
987 2634 1048 2657 enim
1072 2634 1198 2662 digitorum

354 2671 424 2694 habet
440 2671 489 2694 fieri
507 2678 548 2699 per
565 2672 668 2700 quinque
686 2672 771 2700 digitos
789 2679 878 2700 manus,
895 2679 955 2702 quos
972 2673 1038 2701 periti
1056 2673 1078 2695 in
1101 2676 1149 2695 arte
1166 2673 1199 2695 sic

353 2711 475 2738 appellant,
492 2711 597 2733 videlicet
614 2712 729 2739 pollicem,
741 2712 849 2738 indicem,
868 2712 979 2739 medium,
996 2712 1122 2740 medicum,
1139 2712 1199 2734 auri-

354 2750 462 2771 cularem.
480 2750 599 2771 Rationem
617 2756 686 2777 vero,
704 2756 776 2779 quare
794 2751 826 2773 sic
848 2757 890 2779 per
912 2751 1018 2773 ordinem
1036 2751 1198 2777 nominantur,

352 2788 440 2810 ratione
457 2787 576 2810 brevitatis
597 2789 685 2811 omitto.
707 2789 860 2812 Auriculnris
885 2790 933 2812 sive
950 2790 1038 2818 digitus
1055 2796 1153 2818 parvus,
1175 2789 1198 2811 in

353 2826 429 2854 palma
446 2827 535 2854 positus
551 2827 601 2849 sive
618 2828 728 2856 reflexus,
746 2828 860 2855 significat
882 2829 1000 2851 unitatem.
1018 2829 1063 2851 Sed
1080 2827 1198 2856 medicus,

352 2866 393 2893 qui
410 2868 444 2887 est
460 2867 519 2888 iuxta
538 2866 635 2893 digitum
653 2873 761 2894 parvum,
780 2867 801 2889 in
815 2868 891 2895 palma
908 2868 1005 2895 positus,
1017 2868 1131 2895 significat
1142 2867 1199 2889 dua-

352 2904 438 2926 litatem
455 2911 508 2927 cum
521 2905 650 2928 auriculari.
662 2905 753 2929 Medius
766 2912 829 2934 xero,
842 2907 882 2935 qui
893 2910 927 2929 est
939 2907 962 2928 in
975 2907 1052 2929 medio
1065 2907 1198 2934 digitorum,

353 2943 435 2965 eodem
448 2944 518 2966 modo
530 2944 618 2972 positus
630 2951 682 2967 cum
696 2945 819 2972 praedictis
830 2944 930 2973 duobus,
941 2946 1056 2974 significat
1068 2946 1198 2968 trinitatem.

353 2981 441 3004 Deinde
458 2983 586 3005 secundum
604 2983 671 3005 istum
690 2984 786 3006 modum
804 2990 848 3006 non
865 2987 899 3006 est
915 2985 973 3007 ultra
995 2985 1135 3013 procedere,
1157 2985 1198 3007 sed

1257 2124 1390 2147 auricularis
1407 2127 1509 2151 erectus,
1527 2124 1604 2147 medio
1621 2127 1643 2147 et
1660 2124 1751 2147 medico
1767 2124 1868 2152 iacente,
1885 2125 1999 2153 significat
2015 2128 2104 2154 quater-

1256 2163 1359 2185 nitatem.
1383 2164 1471 2185 lacentc
1494 2169 1550 2185 vero
1568 2163 1645 2185 medio
1664 2163 1685 2185 in
1702 2163 1791 2191 palma,
1809 2163 1944 2186 auricularis
1961 2166 1983 2186 et
1999 2164 2103 2187 medicus

1257 2204 1346 2224 erectus
1363 2202 1477 2230 significat
1493 2202 1603 2231 quinque.
1616 2202 1704 2224 Medico
1716 2205 1794 2224 autem
1807 2202 1894 2225 iacente
1910 2209 1963 2225 cum
1982 2203 2104 2225 auriculari

1257 2244 1278 2264 ct
1296 2241 1386 2263 medius
1403 2243 1493 2264 erectus
1510 2241 1624 2269 significat
1640 2247 1686 2264 sex.
1709 2242 1776 2268 item,
1794 2241 1928 2264 auricularis
1945 2244 2051 2265 extensus
2067 2248 2104 2265 su-

1257 2287 1298 2310 per
1317 2281 1416 2308 palmam
1434 2280 1548 2308 significat
1564 2283 1666 2308 septem;
1684 2280 1789 2303 medicus
1805 2281 1889 2303 eodem
1907 2281 1977 2303 modo
1989 2283 2103 2308 extensus,

1257 2322 1321 2347 octo5
1345 2319 1386 2341 sed
1411 2319 1503 2341 medius
1526 2319 1628 2341 similiter
1651 2321 1758 2341 extensus
1780 2319 1895 2348 significat
1916 2325 2013 2347 novem;
2035 2319 2103 2343 index

1257 2365 1313 2381 vero
1332 2358 1419 2386 positus
1436 2358 1458 2380 in
1476 2358 1554 2380 medio
1576 2358 1656 2386 pollice
1673 2358 1767 2387 decem3
1790 2358 1831 2381 sed
1854 2364 1896 2387 per
1918 2359 2103 2381 coniunctionem

1256 2400 1343 2420 rectam
1360 2397 1441 2420 indicis
1453 2397 1481 2420 acl
1494 2397 1609 2425 pollicem,
1621 2403 1733 2420 numerus
1747 2397 1887 2420 centesimus
1899 2398 2050 2426 significatur.
2061 2398 2104 2420 Per

1256 2438 1387 2465 amplexum
1404 2443 1461 2459 vero
1479 2437 1571 2459 mollem
1589 2440 1611 2459 et
1623 2437 1808 2459 coniunctIOnem
1826 2437 1914 2465 pollicis
1926 2439 1948 2460 et
1966 2437 2047 2460 indicis
2064 2436 2104 2460 trt-

1256 2476 1359 2506 yesimus
1376 2482 1488 2499 numerus
1514 2476 1667 2505 significatur,
1684 2482 1727 2504 per
1744 2482 1814 2505 quem
1832 2482 1956 2499 numerum
1974 2477 2029 2499 satis
2051 2482 2104 2499 con-

1257 2520 1315 2542 grue
1331 2515 1444 2537 Dominus
1455 2515 1563 2537 meritum
1576 2515 1753 2543 coniugatorum
1765 2515 1887 2543 expressit,
1899 2517 1994 2543 propter
2011 2515 2102 2538 illorum

1256 2553 1348 2575 mollem
1361 2554 1493 2581 amplexum
1506 2556 1528 2576 et
1540 2553 1650 2576 unionem
1663 2554 1785 2576 carnalem.
1798 2555 1867 2577 ludex
1879 2555 1994 2583 siquidem
2007 2554 2103 2577 firmiter

1257 2592 1393 2615 constrictus
1410 2598 1481 2620 super
1498 2593 1605 2620 pollicem
1623 2593 1647 2615 in
1668 2593 1766 2616 modum
1788 2593 1876 2622 crucis,
1895 2599 2017 2616 numerum
2035 2599 2103 2616 sexa-

1256 2630 1373 2660 qesimum
1384 2631 1510 2659 significat3
1523 2638 1564 2659 per
1576 2638 1646 2660 quem
1658 2638 1782 2654 numerum
1795 2632 1960 2654 convenienter
1971 2631 2103 2660 intelligitur

1256 2671 1364 2693 meritum
1382 2671 1556 2698 continentium,
1573 2677 1673 2700 quorum
1691 2671 1738 2694 vita
1756 2674 1789 2694 est
1806 2672 1908 2694 restricta
1935 2677 1947 2693 a
1964 2671 2103 2699 voluptuosa

1256 2710 1405 2733 delectatione
1422 2710 1497 2732 carnis
1514 2716 1556 2738 per
1573 2711 1783 2739 superpositionem
1806 2710 1900 2733 rationis
1918 2710 1946 2733 ad
1972 2710 2103 2733 sensualita-

1256 2753 1315 2777 tem,
1335 2752 1430 2777 propter
1448 2750 1602 2771 voluntariam
1620 2750 1785 2772 assumtionem
1804 2750 1887 2772 crucis.
1905 2749 1949 2772 Sed
1967 2755 2009 2777 per
2020 2755 2102 2771 nume-

1255 2794 1307 2810 rum
1325 2787 1486 2816 centesimum,
1504 2788 1571 2811 cuius
1588 2788 1729 2816 computatio
1746 2789 1835 2811 ratione
1847 2794 1903 2811 suae
1915 2788 2061 2816 perfectionis
2077 2788 2102 2810 sit

1255 2833 1297 2855 per
1313 2830 1399 2849 rectam
1418 2827 1498 2849 indicis
1516 2827 1702 2850 coniunctionem
1720 2828 1749 2850 ad
1767 2827 1881 2855 pollicem,
1898 2827 1967 2849 valde
1986 2827 2102 2855 eleganter

1255 2866 1390 2895 exprimitur
1407 2867 1514 2888 meritum
1533 2867 1650 2895 virginum
1668 2867 1756 2890 ratione
1772 2873 1828 2889 suae
1845 2866 1992 2895 perfectionis
2004 2875 2026 2888 1».

1318 2904 1327 2917 ⁵
1344 2905 1399 2928 Cod.
1418 2905 1436 2927 D
1454 2905 1530 2928 addit:
1547 2906 1667 2928 Rationem
1686 2906 1790 2928 omnium
1808 2906 1905 2928 istorum
1918 2911 2004 2934 quaere
2018 2906 2039 2927 in
2057 2911 2102 2928 ser-

1255 2951 1324 2968 mone
1341 2945 1459 2967 communi
1477 2945 1498 2967 in
1517 2951 1587 2973 opere
1604 2945 1726 2973 completo.

1318 2983 1327 2996 ⁶
1345 2984 1410 3006 Vers.
1432 2984 1470 3012 t.t;
1489 2984 1593 3012 sequitur
1609 2985 1677 3007 Eccli.
1694 2984 1731 3013 39,
1750 2983 1786 3006 14.

2122 512 2186 540 Opera¹
2195 518 2220 533 set

2124 541 2224 556 miset-teon,

2150 559 2198 579 diae.
2223 558 2224 562 ¹

2228 937 2233 974 t

2228 980 2232 1008 t

2127 1774 2154 1793 De
2166 1774 2226 1801 [ructu

2144 1802 2210 1822 primu.
