2243 3348
6 463 10 550 l

2 609 120 633 fflntroduetio.

46 1499 115 1518 Sermo.

35 1826 112 1846 Divisio.

37 2248 81 2267 Pars
95 2249 108 2267 l.

3 2481 109 2502 thffivisio.

718 154 875 183 DOMlNJCA
896 156 935 184 111.
959 156 1140 185 ADVENTUS.
1163 157 1273 185 SERMO
1294 158 1311 185 l.

1845 164 1880 191 57

766 278 920 306 DOMINICA
943 279 1060 307 TERTIA
1082 280 1263 309 ADVENTUS.

479 372 570 400 Sanno
593 372 600 399 1
613 373 632 399 ¹.

218 466 328 494 Medius
349 469 446 494 autem
473 469 604 493 ‘uestrum
631 464 716 498 stetit,
743 473 827 502 quem
858 473 908 492 vos
936 473 984 492 ne-

138 513 229 546 senza,
251 512 358 540 loannis
378 511 469 548 primo
485 511 502 539 ².

218 558 371 587 Prothema.
401 558 543 596 Loquente
564 558 651 586 Petro
671 557 760 585 verba
781 556 861 591 lzaec,
884 557 984 585 cecidit

139 606 269 643 Spiritus
288 609 410 634 sanetus
430 613 519 642 super
540 613 647 638 01111163,
669 605 721 643 qui
741 604 899 633 audiebant
921 613 983 632 ver-

138 653 205 682 bum
228 655 290 687 etc.‚
312 653 427 681 Actuum
449 652 563 680 decimo.
586 652 613 680 ln
637 652 680 680 his
702 651 793 680 verbis
807 651 906 680 ultimo
920 660 984 688 pro-

137 699 232 737 positis
260 699 457 728 describuntur
489 698 542 727 tria
572 698 703 727 notabilia
733 698 844 727 cuilibet
876 698 984 735 praedi-

136 746 220 775 catori
242 745 447 779 convenientia;
470 753 590 782 quorum
619 745 739 782 primum
769 748 810 773 est
836 744 984 782 eonferen-

136 793 173 822 cis
194 792 346 826 certitudo,
369 800 441 829 quae
468 792 598 829 tangitur,
621 800 684 820 cum
707 791 908 828 praemittitur:
932 792 983 820 Lo-

136 843 235 878 quente
257 839 350 867 Petro.
375 839 509 875 Loquitur
530 839 602 867 enim
618 846 793 875 cognoscens
817 838 983 873 Secundum,

135 885 319 923 infundentis
337 885 549 922 promptitudo,
572 893 643 922 quae
665 886 798 922 tangitur,
813 893 875 913 cum
892 885 983 922 sequi-

136 936 199 962 tur:
221 932 322 961 cecidit
337 932 467 969 Spiritus
482 936 610 960 sanetus.
627 932 750 961 Tertium
772 936 813 961 est
836 932 984 961 audientis

131 980 235 1017 populi
255 979 422 1013 multitudo,
444 987 515 1016 quae
538 979 669 1016 tangitur,
698 987 761 1008 cum
787 979 982 1016 subiungitur:

134 1035 223 1063 super
244 1034 354 1059 omnes,
377 1026 429 1064 qui
449 1026 616 1054 audiebam.
639 1025 751 1054 Ratione
774 1026 873 1054 horum
897 1026 982 1054 trium

134 1074 231 1103 devote
245 1074 353 1102 divinae
375 1073 484 1110 pietatis
505 1073 621 1110 gratiam
644 1073 836 1110 imploremus,
858 1076 889 1101 ut
917 1082 983 1101 eon-

133 1119 271 1158 ferentem
293 1121 405 1157 impleat
426 1120 576 1149 verborum
592 1120 757 1148 certitudine
773 1123 799 1148 et
817 1120 982 1148 audientem

134 1170 237 1196 statuat
257 1168 285 1195 in
307 1168 470 1196 Sanctorum
499 1166 685 1201 multitudine,
709 1170 739 1195 ut
760 1167 868 1195 tandem
891 1166 981 1195 confe-

134 1222 198 1243 rens
219 1217 246 1243 et
271 1214 386 1243 audiens
406 1214 544 1250 gaudeant
566 1214 592 1242 in
608 1221 637 1242 se
659 1212 842 1251 infundentis
863 1214 982 1250 Spiritus

133 1260 359 1298 promptitudine,
381 1269 437 1297 qua
457 1260 594 1289 mediante
616 1260 717 1297 possim
747 1268 797 1297 ego
824 1261 917 1297 aliqua
941 1260 981 1289 di-

133 1315 195 1336 cere
216 1311 243 1336 et
265 1315 313 1335 vos
334 1307 497 1344 intelligere,
519 1315 590 1343 quae
612 1307 666 1335 sint
693 1307 726 1335 ad
750 1307 856 1335 laudem
879 1310 906 1335 et
927 1307 982 1344 glo-

134 1354 202 1383 riam
225 1354 380 1383 Mediatoris
412 1354 498 1382 nostri
521 1357 548 1382 et
570 1354 685 1383 salutem
709 1358 736 1382 et
767 1354 980 1383 consolationem

132 1401 287 1430 animarum
309 1404 477 1429 nostrarum.
500 1402 591 1429 Amen.

210 1448 323 1476 Medius
351 1451 448 1476 autent
476 1451 604 1476 vestrum
629 1448 715 1482 stetit,
744 1457 828 1486 quern
855 1458 904 1477 vos
933 1457 980 1477 ne-

131 1495 221 1524 settis.
238 1495 310 1524 Licet
322 1498 413 1523 tantae
428 1495 580 1523 sanctitatis
591 1499 663 1524 esset
678 1495 791 1525 Ioannes
804 1495 932 1532 Baptista,
949 1499 980 1524 ut

131 1550 147 1570 a
167 1542 297 1579 pluribus
317 1542 445 1570 Christus
460 1545 656 1578 reputaretur,
681 1542 866 1579 interrogatus
888 1545 978 1571 tamen

131 1597 147 1617 a
161 1589 282 1623 ludaeis,
299 1592 394 1617 utrum
410 1591 482 1617 esset
496 1588 639 1623 Christus,
662 1589 803 1625 respondit
820 1590 978 1623 veritatem,

130 1636 196 1673 quia
216 1644 270 1664 non
292 1639 364 1664 esset
385 1635 527 1669 Christus;
550 1636 597 1664 sed
612 1639 644 1664 ut
658 1636 689 1664 ad
713 1637 880 1672 propositam
897 1644 978 1673 quae-

130 1683 245 1712 stionem
267 1682 300 1711 de
315 1682 424 1711 Christo
440 1682 581 1719 responsio
596 1686 696 1719 pateat,
717 1686 846 1720 tanquam
863 1683 978 1712 nuntius

128 1729 267 1758 fidelitatis
287 1732 315 1758 et
329 1737 428 1766 praeco
444 1729 566 1758 veritatis
580 1729 708 1758 adiunxit
723 1730 893 1766 propositum
915 1738 977 1759 ver-

129 1776 207 1811 bum,
228 1776 337 1805 dicens:
371 1776 481 1805 Medius
502 1780 600 1805 autem
621 1781 750 1805 vestrum
771 1777 847 1806 stetit
874 1780 925 1806 etc.
948 1777 976 1806 In

130 1832 186 1861 quo
207 1823 318 1860 quidem
341 1823 426 1852 verbo
447 1824 537 1860 primo
558 1824 657 1852 asserit
678 1824 874 1853 reconciliativi
894 1824 976 1853 officii

129 1870 369 1908 congruentianm
391 1870 512 1899 secundo
534 1871 629 1899 recolit
651 1871 732 1899 Verbi
750 1871 881 1900 incarnati
891 1880 977 1908 prae-

127 1917 252 1946 sentiam
260 1928 269 1950 ;
291 1917 373 1946 tertio
394 1918 487 1954 arguit
508 1918 601 1954 populi
633 1918 731 1947 ludaici
761 1918 974 1955 neyliyentz'ant.

128 1964 218 1992 Primo
238 1964 337 1993 asserit
355 1964 549 1993 reconciliativi
565 1965 647 1993 officii
663 1966 895 2002 eonpruentz‘am,
911 1974 974 1994 cum

127 2011 207 2040 dicit:
230 2011 342 2040 Medius
364 2015 461 2040 autem
476 2016 624 2045 vestrum,-
639 2012 760 2041 secundo
781 2013 877 2041 recolit
892 2013 973 2042 Verbi

127 2058 259 2087 incarnati
272 2059 482 2095 praesentiam,
494 2067 557 2088 cum
574 2059 681 2088 subdit:
696 2060 779 2093 stetu,
792 2060 818 2088 id
833 2064 883 2094 est,
899 2068 975 2097 prae-

127 2105 278 2134 sentialiter
300 2105 372 2134 inter
395 2114 443 2134 vos
464 2106 531 2140 fuit;
554 2107 635 2135 tertio
650 2107 743 2143 arguit
764 2107 862 2136 ludaici
880 2108 972 2144 populi

126 2151 348 2189 neyliqentz'am,
371 2161 433 2181 cum
458 2153 646 2182 subinfertur:
673 2162 754 2191 quem
777 2163 826 2182 vos
848 2155 972 2183 nescitis.

206 2199 223 2226 l.
246 2199 316 2227 Dicit
337 2207 418 2236 ergo:
442 2200 553 2228 Medius
575 2203 672 2228 autem
693 2204 840 2234 vestrum,
862 2201 908 2230 ubi
926 2209 973 2229 no-

127 2248 202 2274 tatur
223 2246 416 2283 congruentia
443 2247 656 2275 reconcitiau'm·
683 2247 778 2285 officii.
809 2248 888 2277 Certe
909 2256 974 2277 con-

125 2300 227 2329 gruum
250 2293 310 2326 fuit,
333 2296 364 2321 ut
385 2293 432 2330 qui
462 2293 583 2322 medium
606 2294 716 2323 tenebat
738 2295 763 2322 in
791 2295 892 2323 throno
918 2303 973 2324 [ne-

125 2338 201 2367 dium
224 2342 330 2368 teneret
352 2340 379 2368 in
394 2340 500 2374 officio,
522 2344 549 2369 et
570 2341 616 2377 qui
635 2341 755 2370 medium
772 2342 798 2370 11]
822 2342 865 2370 via
883 2342 974 2371 suerat

126 2386 272 2414 creationis
294 2386 414 2415 medium
436 2388 570 2416 existeret
599 2388 624 2416 in
649 2388 691 2416 via
720 2389 913 2423 recreationis,
942 2392 974 2417 ut

125 2440 175 2469 per
199 2433 319 2462 Verbum
353 2434 473 2462 mundus
503 2434 675 2469 reficeretur,
703 2443 753 2472 per
780 2436 854 2472 quod
883 2436 974 2465 fuerat

126 2479 223 2508 factus.
246 2480 292 2508 Est
313 2483 405 2508 autem
427 2481 554 2510 Christus
576 2490 730 2517 conpruum
748 2483 867 2511 medium
883 2483 973 2519 primo

127 2526 260 2554 mirabilis
281 2526 465 2563 colliyuntc'ae
482 2528 506 2555 in
524 2528 727 2563 incarnatione;
743 2529 873 2564 secundo,
890 2538 971 2566 regu-

186 2752 193 2765 ¹
213 2752 314 2775 liabetur
331 2753 420 2781 integer
436 2754 458 2776 in
478 2755 528 2776 Vat.
545 2761 572 2777 ac
590 2755 658 2777 codd.
670 2756 778 2783 CDEF,
796 2760 818 2779 et
838 2757 931 2780 brevior
948 2758 970 2780 111

123 2792 151 2819 Μ,
168 2792 208 2820 qui
226 2794 303 2815 tamen
327 2799 398 2820 panca
417 2793 493 2820 addit,
512 2794 645 2821 praesertim
664 2795 686 2816 in
704 2796 759 2823 fine3
780 2796 873 2824 insuper
896 2797 971 2825 magis

123 2834 238 2853 contracte
257 2834 342 2854 etcum
356 2832 398 2853 alia
411 2832 560 2859 explicatione
573 2833 593 2854 in
606 2834 634 2860 ¹³3
652 2834 752 2862 denique
764 2834 787 2856 in
801 2836 805 2857 l
824 2838 846 2857 et
859 2836 885 2858 T.

186 2869 195 2882 ²
213 2871 278 2894 Vers.
297 2872 334 2894 26.
351 2872 471 2894 Prothema
490 2871 511 2894 in
529 2872 580 2894 cod.
598 2872 614 2895 C
633 2872 730 2895 liabetur
747 2873 795 2896 Act.
817 2875 850 2901 lO,
870 2875 906 2897 44.

185 2908 194 2922 ³
212 2911 268 2938 Eph.
286 2912 308 2938 2,
327 2911 368 2938 14;
386 2911 490 2940 sequitur
508 2912 573 2934 Deut.
591 2912 612 2939 5,
631 2912 652 2934 5.
670 2915 692 2934 et
709 2913 774 2935 Eccli.
792 2914 829 2941 50,
847 2914 867 2936 6.

185 2948 194 2961 ‘³
211 2949 288 2972 Verba
305 2949 329 2972 in
347 2949 476 2980 affectione,
496 2956 511 2973 a
525 2949 600 2973 medio
614 2950 718 2974 veritatis
730 2952 891 2979 supplevimus
903 2959 929 2975 ex
943 2952 968 2974 D.

216 2996 242 3020 S.
253 2997 343 3020 Bonav.
359 3010 390 3014 —
407 2997 519 3020 TomAX.

1042 372 1107 400 laris
1128 372 1301 409 (lz'sczplz'nae
1322 374 1348 402 in
1371 376 1593 408 conversatione:
1617 377 1706 411 tertio,
1727 378 1814 407 vitalis
1840 379 1884 406 111-

1039 417 1177 454 fluentiae
1198 419 1224 447 in
1248 421 1380 456 passione.

1121 465 1210 493 Primo
1231 466 1357 496 Christus
1378 471 1419 496 est
1436 469 1555 497 medium
1578 478 1732 507 congruum
1750 471 1882 500 mirabilis
1896 477 1981 496 Christus
1990 483 2028 497 me-

1041 510 1226 548 collz'yantz'ae
1241 513 1267 540 in
1290 513 1485 549 incarnatione,
1507 516 1571 552 quia
1592 517 1619 544 in
1642 517 1700 553 ipso
1722 518 1883 547 mirabiliter

1040 557 1095 585 duo
1110 558 1317 595 coniunguntur
1331 564 1466 595 extrema,
1482 562 1606 592 videlicet
1620 564 1740 600 primum
1757 565 1884 593 Divinita-

1040 604 1075 632 tis
1090 607 1117 633 et
1131 605 1260 634 ultimum
1277 607 1462 637 humanitatis.
1476 610 1538 645 lpse
1552 611 1627 638 enim
1643 615 1683 639 est
1694 620 1756 648 pam
1771 615 1883 646 nostra,

1040 652 1092 689 qui
1113 655 1238 690 utraque
1266 662 1360 682 unum
1387 654 1491 691 feeit&
1521 660 1547 685 et
1576 661 1688 694 propter
1716 659 1768 687 hoc
1796 660 1883 688 multo

1040 698 1139 727 melius
1153 707 1236 735 quam
1252 700 1357 736 Moyses
1371 705 1459 737 potest
1474 702 1564 731 dicere
1576 704 1716 739 Christus,
1734 713 1781 741 per
1800 714 1882 743 quem

1040 745 1128 781 gratia
1150 746 1379 776 reconciliationis
1410 751 1436 776 et
1462 749 1562 778 veritas
1593 750 1786 780 incarnationis
1813 752 1884 781 facta

1040 794 1090 824 est,
1112 791 1180 819 illud
1196 792 1416 822 Deuteronomii:
1441 795 1498 832 Eyo
1513 797 1625 824 medius
1639 796 1687 834 fui
1700 802 1725 825 et
1742 803 1883 836 sequester

1040 838 1115 866 inter
1137 847 1186 866 vos
1207 842 1231 867 et
1254 840 1418 869 Dominum.
1442 842 1499 878 lpse
1528 843 1600 870 enim
1632 847 1673 871 est
1694 845 1781 881 quasi
1800 845 1881 874 stella

1039 885 1188 914 matutina
1203 886 1234 914 in
1249 887 1343 915 medio
1363 887 1493 921 nebulae,
1510 889 1534 917 id
1549 892 1590 917 est
1604 894 1742 919 assumtae
1757 892 1883 919 humani-

1040 932 1118 966 tatis,
1141 933 1293 961 secundum
1316 934 1389 970 quod
1410 934 1511 963 dicitur
1541 935 1718 965 Ecclesiastici
1747 938 1882 974 quinqua-

1039 979 1153 1016 gesimo.
1183 980 1259 1009 Sicut
1280 981 1352 1009 enim
1375 982 1451 1010 stella
1475 983 1609 1011 matutina
1634 987 1675 1012 est
1704 984 1791 1012 media
1812 985 1883 1013 inter

1040 1029 1164 1063 tempora
1185 1027 1286 1055 diurna
1307 1032 1333 1056 et
1362 1032 1497 1057 nocturna
1523 1034 1549 1058 et
1572 1030 1661 1058 influit
1689 1031 1721 1059 ad
1745 1032 1883 1067 purgatio-

1039 1081 1102 1101 nem
1126 1074 1321 1108 tenebrarum3
1344 1075 1382 1104 sic
1397 1075 1524 1105 Christus
1539 1077 1590 1105 suit
1607 1077 1712 1106 medius
1727 1078 1798 1106 inter
1811 1078 1883 1107 diem

1039 1120 1194 1149 Divinitatis
1215 1125 1241 1149 et
1263 1125 1369 1150 noctem
1393 1122 1579 1157 humanitatis,
1606 1127 1780 1160 peccatorum
1810 1128 1883 1153 tenea

1039 1166 1103 1195 bras
1124 1168 1284 1196 amovendo.

1117 1214 1242 1242 Secundo
1263 1214 1390 1244 Christus
1411 1216 1463 1243 fuit
1483 1224 1637 1253 congruum
1659 1217 1778 1245 inedium
1801 1227 1882 1255 regu-

1038 1260 1103 1289 laris
1124 1261 1297 1298 disciplinae
1319 1262 1345 1290 in
1368 1263 1583 1292 conversatione.
1606 1264 1652 1292 Hic
1673 1264 1745 1292 enim
1767 1273 1820 1293 non
1840 1273 1882 1300 re-

1037 1307 1108 1336 cedit
1129 1316 1145 1336 a
1167 1308 1256 1337 medio
1277 1309 1389 1337 virtutis
1410 1309 1436 1337 in
1458 1310 1610 1344 affectione,
1632 1319 1647 1339 a
1669 1311 1757 1340 medio
1782 1312 1881 1340 verita-

1038 1355 1072 1383 tis
1086 1355 1098 1371 4
1120 1355 1146 1383 in
1169 1355 1321 1389 locutione,
1343 1364 1358 1384 a
1380 1356 1469 1385 medio
1492 1357 1641 1386 honestatis
1666 1358 1691 1386 10
1714 1359 1880 1395 operatione,

1036 1401 1102 1438 quia
1123 1410 1232 1438 semper
1254 1403 1373 1431 medium
1396 1404 1486 1432 tenuit
1506 1404 1532 1432 in
1555 1405 1627 1432 omni
1650 1413 1750 1441 genere
1771 1405 1881 1434 virtutis

1036 1453 1062 1476 et
1093 1449 1277 1485 perfectionis.
1311 1450 1371 1478 ldeo
1402 1450 1503 1479 dicitur
1533 1452 1557 1479 in
1588 1451 1717 1480 Psalmo⁵
1746 1452 1779 1480 de
1806 1452 1879 1489 ipso:

1036 1495 1237 1533 Sattctificauit
1259 1496 1482 1525 tabernaculum
1505 1506 1593 1526 suum
1614 1498 1789 1527 Altt'ssz‘rnus.
1804 1499 1880 1527 Deus=

1035 1542 1066 1570 in
1088 1543 1181 1572 medio
1202 1544 1274 1577 ez‘uS,
1302 1553 1361 1572 non
1382 1545 1614 1573 conunouebz'tur.
1645 1545 1674 1574 Et
1702 1546 1771 1574 ratio
1796 1546 1880 1574 huius

1034 1593 1084 1623 est,
1100 1590 1165 1626 quia
1181 1590 1217 1618 ita
1233 1591 1258 1618 in
1276 1591 1379 1620 virtute
1394 1591 1556 1620 humilitatis
1571 1600 1599 1621 se
1615 1592 1781 1626 firmaverat,
1797 1592 1878 1629 qnod,

1037 1636 1097 1665 licet
1117 1637 1217 1665 flarent
1240 1638 1312 1666 venti
1334 1638 1499 1666 altivolantis
1531 1639 1686 1675 superbiae,
1714 1639 1748 1667 ad
1775 1639 1876 1667 fontem

1035 1686 1123 1712 tamen
1147 1684 1206 1713 eius
1229 1685 1392 1714 humilitatis
1414 1693 1554 1722 nunquam
1572 1688 1721 1722 potuerunt
1735 1686 1876 1722 attingere.

1033 1731 1113 1765 Nam,
1135 1739 1198 1759 cum
1220 1735 1291 1760 esset
1313 1732 1371 1760 Rex
1392 1732 1552 1765 ditissimus,
1568 1733 1737 1769 pauperibus
1751 1736 1777 1761 et
1792 1733 1878 1769 pisca—

1034 1778 1141 1807 toribus
1163 1786 1192 1807 se
1207 1779 1335 1813 sociavit3
1352 1779 1451 1807 Doctor
1466 1780 1698 1816 sapientissimus,
1718 1780 1751 1808 ad
1766 1779 1877 1808 modum

1034 1825 1111 1862 pueri
1135 1826 1329 1862 simplicissimi
1352 1826 1533 1859 ministravit3
1556 1827 1682 1863 Magister
1698 1826 1877 1863 prudentissi-

1034 1880 1107 1906 mus,
1123 1876 1154 1901 ut
1169 1873 1302 1901 scholaris
1317 1873 1491 1902 humillimus
1503 1874 1513 1890 ὃ
1528 1874 1653 1902 doctores
1668 1874 1786 1908 audivit3
1803 1874 1878 1902 Prin-

1032 1928 1096 1956 ceps
1117 1920 1297 1954 fortissimus,
1320 1920 1351 1948 ad
1381 1921 1473 1949 crucis
1499 1921 1652 1957 patibulum
1675 1929 1703 1949 se
1724 1921 1785 1949 duci
1816 1929 1877 1957 per-

1031 1967 1113 1996 misit.
1136 1967 1211 1996 Unde
1232 1968 1290 2004 ipse
1311 1967 1377 1996 dicit
1397 1968 1431 1996 de
1452 1976 1481 1996 se
1502 1968 1561 2004 ipso
1583 1969 1670 1997 Lucae
1692 1968 1822 2005 vigesimo
1837 1976 1878 1997 se-

1031 2014 1122 2042 cundo
1137 2014 1163 2042 ⁷:
1187 2015 1246 2051 qu
1268 2018 1365 2043 autem
1386 2015 1416 2042 111
1438 2015 1531 2043 medio
1551 2019 1677 2043 vestrum
1700 2024 1776 2049 sum,
1803 2015 1879 2043 sicut

1030 2061 1083 2098 qui
1103 2061 1272 2095 ministram
1288 2065 1315 2090 et
1337 2063 1425 2090 Lucae
1446 2062 1581 2090 secundo:
1604 2063 1781 2090 Invenerunt
1794 2062 1877 2091 illum

1030 2108 1061 2136 111
1084 2109 1175 2136 medio
1197 2109 1367 2142 cloetorunz,·
1395 2113 1422 2138 et
1444 2110 1531 2137 Lucae
1558 2110 1724 2145 penultimo:
1755 2109 1877 2146 Crucifi-

1029 2159 1136 2183 xerunt
1159 2156 1254 2184 lesum.
1276 2156 1306 2183 111
1329 2156 1421 2184 medio
1450 2156 1607 2184 latronum.
1632 2157 1663 2184 ln
1691 2156 1783 2184 medio
1809 2160 1876 2190 stat,

1030 2201 1163 2231 damnans
1184 2203 1300 2239 angulos
1321 2203 1477 2231 ambitionis
1492 2203 1517 2230 in
1535 2204 1672 2231 honorum
1687 2203 1872 2236 exhibitione,

1031 2249 1144 2277 latibula
1166 2257 1346 2285 personarum
1362 2250 1527 2286 acceptionis
1543 2250 1567 2277 in
1588 2250 1806 2286 praebendarum
1821 2250 1875 2278 dis—

1030 2296 1204 2333 pensatione,
1226 2296 1364 2325 delusoria
1393 2297 1514 2333 privatae
1536 2297 1727 2325 consolationis
1758 2300 1784 2325 et
1812 2305 1875 2325 con-

1030 2343 1167 2371 venticula
1189 2344 1314 2372 sordidae
1335 2344 1531 2375 delectationis,
1553 2343 1627 2371 sicut
1643 2343 1694 2381 qui
1713 2343 1872 2377 ministrat,

1030 2398 1083 2418 non
1110 2390 1181 2418 sicut
1202 2391 1248 2427 qui
1271 2390 1436 2419 dominatur.

1108 2437 1200 2465 Tertio
1222 2437 1349 2466 Christus
1371 2437 1422 2465 suit
1443 2437 1562 2465 medinm
1592 2437 1681 2465 vitalis
1707 2436 1873 2473 influentiae

1030 2484 1056 2512 in
1079 2484 1214 2520 passione,
1237 2485 1283 2512 ubi
1306 2487 1444 2521 operatus
1458 2488 1498 2512 est
1512 2484 1635 2512 salutem
1658 2484 1689 2512 111
1710 2484 1873 2512 0161110111-

1030 2538 1083 2558 rae
1097 2530 1116 2558 ⁸.
1140 2531 1215 2558 Sicut
1246 2531 1317 2559 enini
1350 2539 1410 2565 cor,
1443 2531 1515 2567 quod
1547 2534 1588 2559 est
1620 2530 1739 2559 inedium
1774 2530 1873 2559 vivifici

1092 2757 1100 2770 ⁵
1118 2759 1200 2780 psalm.
1219 2758 1255 2785 45,
1273 2759 1296 2780 5.
1313 2764 1361 2786 seq.

1090 2796 1099 2808 ⁶
1118 2796 1192 2819 Verba
1211 2796 1494 2826 111ἱ’111ἱςί1·α1)ἰῐ,’1110918111·
1508 2800 1550 2819 etc.
1562 2797 1722 2824 supplevimus
1739 2802 1766 2818 ex
1783 2797 1798 2818 E
1809 2797 1831 2824 F,
1849 2800 1871 2819 et

1027 2836 1083 2858 infra
1101 2835 1172 2857 verba
1189 2836 1210 2858 et
1228 2836 1304 2858 Lucae
1320 2835 1422 2858 secundo
1441 2842 1514 2863 usque
1532 2835 1555 2858 in
1572 2835 1647 2858 medio
1665 2835 1787 2858 latronum
1804 2842 1830 2857 ex
1847 2836 1871 2858 F.

1089 2873 1097 2886 ⁷
1115 2874 1181 2896 Vers.
1199 2875 1239 2902 273
1257 2874 1361 2902 sequitur
1378 2875 1399 2901 2,
1418 2874 1454 2896 te.
1471 2877 1493 2896 et
1511 2875 1546 2901 23,
1565 2874 1607 2896 33:
1624 2873 1800 2904 Crucifioeernnt
1817 2881 1871 2897 enm

1025 2914 1046 2935 et
1063 2912 1180 2940 latrones,
1200 2919 1274 2935 unum
1291 2919 1305 2935 (t
1324 2912 1414 2935 clerrtrz's
1431 2915 1453 2935 et
1468 2913 1571 2936 alterum
1588 2919 1602 2935 η
1624 2913 1734 2936 sitisstris.

1088 2950 1096 2963 Β
1114 2952 1196 2973 Ρ50110.
1213 2952 1251 2979 73,
1273 2952 1307 2974 12,

1912 501 1922 518 d
1927 502 1963 527 ium
1976 502 2027 520 colli-

1913 526 1993 547 gantiae.

1899 1224 1980 1243 Medium
1993 1225 2021 1244 di-

1910 1248 2007 1272 sciplinae.

1891 2441 1972 2460 Medium
1985 2442 2013 2459 in-

1902 2465 1997 2484 tinentiae.
