2243 3348
0 320 48 343 atio,
57 325 69 338 a
79 325 108 338 ca

0 344 58 366 1111010
67 348 106 362 tor

0 367 45 392 pillis
53 366 107 385 mise

5 962 11 1016 :i

5 1017 11 1051 ‘l

0 1050 76 1089 diripiet:

0 1092 62 1110 nausa
65 1102 70 1107 .

8 1148 10 1165 i

0 1391 9 1489 &adhe
7 1380 9 1382 ⁴
6 1341 9 1373 Q.

3 1665 53 1713 ΞΕ

23 1676 43 1690 sa
54 1671 92 1695 pri-

0 897 58 958 !§Pars
68 924 99 943 ΙΙΙ.

2 2558 90 2578 iucunda.

668 186 698 213 ΙΝ
720 185 988 215 RESURRECTIONE
1009 186 1136 215 DOMINI.
1158 187 1268 215 SERMO
1290 188 1318 215 11.

200 265 292 294 Tertio
312 264 428 293 salvabit
449 263 589 292 hominem
611 262 752 299 perfecte
746 271 772 291 in
788 263 908 299 generali
924 271 965 291 re-

122 312 294 341 surrectione
322 319 338 339 a
368 310 535 339 calamitate
565 309 729 346 corporalis
757 309 894 337 miseriae
914 317 964 345 per

121 359 292 387 collationem
313 357 489 386 reformantis
510 356 628 392 gloriae3
650 358 677 384 et
697 355 731 384 de
748 355 800 383 hoc
814 355 916 383 dicitur
930 355 964 383 ad

121 406 308 442 Philippenses
330 404 448 433 terti0¹:
472 403 654 432 Saloatoiem
685 406 886 439 exspectamus
910 402 964 430 Do-

119 452 234 480 minum
256 452 352 480 Iesum
376 449 539 483 Christum,
571 449 624 487 qui
653 448 736 486 iefm
736 448 830 477 mabit
856 457 898 477 007
901 457 963 485 pus

119 498 293 527 humititatis
308 500 434 530 nostrae,
450 496 668 533 configuratum
685 495 803 532 corpori
817 494 963 523 claritatis

117 553 197 573 suae.
219 544 271 581 Qui
293 544 365 573 enim
388 544 463 576 vult,
485 545 516 571 ut
537 541 738 579 consiyuretur
752 549 860 578 corpus
874 549 963 569 suum

117 591 236 628 corpori
255 590 401 619 claritatis
424 588 535 617 Christi
554 589 580 616 in
603 588 708 624 patria,
729 587 810 616 debet
831 587 921 624 primo
936 587 963 614 in

117 639 161 667 via
181 638 213 666 ad
235 637 396 673 exemplum
417 636 517 664 Christi
540 643 622 664 suum
644 642 746 672 corpus
761 638 904 663 conterere
926 633 963 662 ie-

117 685 200 714 iuniis
220 688 247 713 et
268 683 416 712 humiliare
436 682 631 711 afflictionibus
652 685 679 710 et
699 681 780 710 etiam
800 681 963 709 submittere

117 732 182 769 iugo
203 731 360 764 servitutis;
382 730 448 767 quia
470 733 545 758 tanto
573 730 600 757 in
622 729 710 766 gloria
735 730 883 764 consurget
904 727 963 755 cta-

117 778 201 807 rituti
220 778 353 815 corporis
374 777 475 805 Christi
498 776 679 809 conformior,
701 777 805 812 quanto
826 782 877 811 pro
902 774 963 802 eius

116 832 210 854 amore
231 824 283 853 fuit
303 824 330 852 in
352 823 408 851 vita
429 823 481 851 ista
502 822 642 851 humilior.

195 870 235 899 111.
257 870 349 899 Tertio
370 870 397 898 in
419 869 504 898 verbo
520 868 660 906 proposito
675 870 787 896 notatur
802 867 962 895 diabolicae

113 917 266 955 potestatis
287 917 367 945 iusta
387 916 607 949 exterminatio,
629 923 692 944 cum
718 914 870 943 subinfert:
893 922 960 951 quo-

116 965 198 993 niam
221 968 252 992 tu
271 963 444 1000 percussisti
464 971 561 991 omnes
592 962 781 990 adversantes
805 960 880 989 milti
899 961 962 988 sine

116 1019 218 1040 causa.
236 1010 341 1039 Dicitur
363 1013 455 1038 autem
477 1010 528 1038 ista
549 1009 649 1038 diaboli
671 1008 867 1037 exterminatio
882 1008 961 1036 iusta

116 1058 217 1094 triplici
238 1057 272 1086 de
293 1065 393 1085 causa:
416 1057 521 1093 primo,
544 1059 657 1093 propter
678 1055 857 1083 dolositatem
882 1054 961 1083 dece-

115 1104 216 1142 ptionis
237 1107 264 1133 et
285 1104 487 1132 fraudulentiae
508 1103 534 1131 in
564 1102 726 1139 usurpando
747 1102 959 1130 dominationem

115 1152 197 1189 primi
220 1151 353 1184 hominis;
376 1150 509 1184 secundo,
526 1153 639 1186 propter
653 1149 864 1187 matiynitatem
881 1156 960 1185 prae-

115 1198 261 1227 sumtionis
281 1200 309 1226 et
329 1197 480 1225 iniustitiae
501 1197 527 1224 in
551 1196 724 1233 suggerendo
738 1196 903 1224 occisionem
918 1195 958 1223 in—

114 1245 237 1274 nocentis
258 1243 374 1278 Christi;
392 1244 485 1277 tertio,
507 1246 620 1280 propter
641 1243 842 1271 rectitudinem
865 1242 960 1279 aequi-

114 1292 177 1320 tatis
197 1294 225 1320 et
245 1291 365 1319 iustitiae
387 1291 413 1319 in
435 1298 489 1319 non
512 1290 638 1326 patiendo
660 1290 896 1326 perturbationem
919 1293 959 1317 t0-

114 1338 170 1367 tius
192 1338 322 1366 universi.
345 1337 421 1366 Unde
443 1337 547 1366 iustum
576 1337 644 1370 fuit,
669 1340 701 1365 ut
722 1337 959 1365 exterminaretur

113 1385 212 1414 diaboli
245 1387 380 1421 potestas,
402 1387 461 1412 tum
487 1384 553 1420 quia
583 1383 677 1411 dolose
709 1386 736 1411 et
766 1383 958 1411 fraudulenter

113 1431 260 1468 usurpavit
280 1431 433 1459 dominium
456 1430 535 1467 primi
552 1430 687 1463 hominis,
703 1433 761 1458 tuln
777 1429 843 1466 quia
857 1430 958 1458 iniuste

112 1483 140 1507 et
159 1478 287 1515 nequiter
310 1478 447 1514 persuasit
468 1480 585 1506 mortem
600 1477 753 1505 innocentis
767 1477 883 1510 Christi,
898 1480 958 1505 tum

112 1526 177 1562 quia
198 1525 322 1562 aequitas
343 1524 450 1553 divinae
465 1524 586 1553 iustitiae
600 1532 655 1552 non
670 1524 786 1552 debebat
801 1523 854 1560 pati
877 1523 957 1552 deor-

111 1572 278 1601 dinationem
300 1571 385 1599 totius
406 1571 538 1599 universi.

191 1619 280 1647 Primo
301 1618 374 1647 iusta
394 1618 447 1647 fuit
474 1618 624 1646 diabolicae
656 1617 797 1654 potestatis
825 1617 957 1646 extermi-

111 1667 185 1696 natio
206 1669 319 1703 propter
341 1665 519 1694 dolositatem
552 1664 725 1701 deceptionis
746 1667 773 1693 et
794 1664 956 1693 fraudulen-

111 1714 164 1742 tiae
185 1714 212 1742 in
234 1712 394 1749 usurpando
415 1712 567 1740 dominium
600 1711 681 1748 primi
714 1711 850 1746 hominis,
875 1714 903 1739 et
923 1711 956 1740 de

111 1761 163 1789 hoc
175 1763 264 1796 potest
275 1759 377 1795 exponi
390 1758 457 1787 illud
473 1758 657 1786 Numerorum
674 1757 805 1794 vigesimo
820 1758 955 1794 quarto2:

113 1806 232 1835 Orietur
259 1805 341 1834 stella
371 1813 406 1833 ex
437 1804 540 1838 Iacob,
569 1808 595 1832 et
625 1807 781 1841 consurqet
807 1804 895 1841 virga
923 1804 957 1832 de

110 1853 205 1882 lsrael
224 1857 249 1881 et
266 1853 408 1889 percutiet
429 1852 515 1880 duces
537 1851 621 1880 Moab
649 1850 830 1889 vastabitque
859 1859 956 1879 omnes

109 1900 185 1938 filios
200 1899 273 1929 Seth.
300 1900 332 1928 El
345 1899 558 1928 eritlctumaea
571 1898 713 1935 possessio
728 1897 799 1926 eius.
814 1914 851 1918 »-
869 1897 956 1926 Stella

109 1948 161 1976 ista
181 1950 222 1976 est
243 1947 327 1983 Virgo
348 1946 432 1974 Maria
453 1948 567 1982 propter
598 1945 791 1981 refulgentiam
817 1945 954 1974 virtutum

109 1998 136 2024 et
157 1994 326 2031 gratiarum3
349 1993 395 2022 sed
410 1993 507 2029 virga,
523 1992 629 2021 habens
645 1992 801 2020 virilitatem
816 1992 850 2020 ad
865 2000 955 2028 expu-

109 2041 264 2079 gnandum,
287 2044 318 2068 ut
340 2040 387 2068 fiat
409 2039 517 2068 miseris
545 2039 572 2066 in
594 2038 778 2072 adiutorium,
801 2041 843 2067 est
864 2038 955 2066 Domi-

109 2096 163 2117 nus
184 2090 293 2121 noster,
315 2087 362 2123 qui
385 2086 488 2115 virtute
514 2085 619 2122 proprii
648 2085 789 2121 sanguinis
807 2085 955 2121 percussit

109 2135 257 2163 infernales
278 2134 365 2162 duces
386 2133 498 2170 superbi
520 2132 622 2166 Moab,
644 2135 670 2160 et
692 2134 751 2160 arte
773 2139 839 2160 suae
860 2132 954 2160 multi-

109 2181 204 2210 formis
225 2180 374 2217 saplentiae
396 2180 504 2213 fallens,
526 2179 651 2207 fraudem
683 2178 832 2215 proditoris
853 2178 953 2207 diaboli

108 2236 157 2265 per
179 2228 276 2256 mortis
297 2227 501 2260 inductionem,
523 2226 638 2254 abstulit
669 2225 719 2254 sibi
742 2226 881 2262 captivum
904 2226 953 2254 ho-

108 2275 226 2309 minem,
248 2282 330 2311 quem
353 2273 517 2310 possidebat,
549 2276 575 2301 et
607 2272 740 2301 medelam
772 2272 869 2301 salutis
891 2272 953 2301 inde

108 2321 187 2355 tulit,
209 2321 312 2350 scilicet
339 2321 373 2349 de
402 2320 490 2357 ligno,
518 2320 605 2348 hostis
632 2319 705 2348 unde
737 2320 853 2348 laeserat
881 2319 953 2348 deci-

108 2368 238 2405 piendoss.
260 2368 299 2396 De
322 2368 373 2396 hoc
405 2367 531 2396 similiter
562 2366 664 2395 dicitur
686 2367 711 2394 in
735 2366 875 2403 praedicto
897 2367 953 2395 the-

110 2417 197 2443 mate:
223 2415 371 2451 Exsu-rye,
397 2414 525 2447 Domine,
547 2413 661 2441 salvum
678 2421 722 2441 me
736 2412 797 2449 fac,
813 2413 951 2451 quoniam

110 2465 141 2489 tu
158 2460 333 2498 percussisti
353 2469 451 2488 omnes
472 2460 661 2488 adversantes
683 2458 756 2488 milii
769 2460 831 2488 sine
849 2468 951 2488 eausa.

187 2508 312 2537 Secundo
334 2507 386 2536 fuit
407 2507 479 2536 iusta
500 2507 649 2535 diabolicae
663 2507 806 2543 potestatis
821 2507 954 2535 extermi-

108 2555 182 2584 natio
203 2558 315 2592 propter
337 2554 550 2591 matiynitatem
574 2553 805 2590 praesumtionis
834 2558 861 2582 et
883 2554 954 2582 iniu-

1805 198 1860 224 275

1021 263 1111 291 stitiae
1122 263 1148 291 in
1164 264 1355 300 persuadendo
1367 269 1483 295 mortem
1498 267 1650 297 innocentis
1664 269 1773 298 Christi.
1789 272 1863 300 Unde

1021 309 1123 338 dicitur
1145 310 1270 339 Habacuc
1292 312 1411 340 tertio4:
1434 313 1612 343 Percussisti
1629 319 1718 352 caput
1732 317 1765 344 de
1779 318 1862 346 domo

1021 355 1122 392 impii,
1144 357 1301 386 denudasti
1320 357 1546 394 fitndamentum
1567 361 1630 389 eius
1651 370 1741 399 usque
1755 364 1795 391 ad
1808 364 1863 392 col-

1021 401 1090 430 lum.
1113 402 1291 431 Maledixisti
1320 406 1441 441 sceptris
1471 407 1550 440 eius,
1572 407 1662 444 capiti
1692 407 1862 438 bellatorum

1020 448 1099 482 eius,
1122 449 1298 477 venientibus
1329 455 1358 478 ut
1387 451 1469 480 turbo
1491 453 1531 481 ad
1561 453 1784 491 dispergendum
1810 465 1861 484 me.

1021 511 1058 514 —
1079 495 1149 530 Quia
1169 495 1294 524 diabolus
1315 501 1524 532 praesumtuose
1545 503 1571 528 et
1586 500 1685 529 iniuste
1702 501 1792 530 iniecit
1806 511 1863 531 ma-

1021 549 1074 569 nus
1095 541 1122 569 in
1144 541 1301 576 Christum,
1323 551 1408 579 super
1429 553 1511 581 quem
1540 546 1608 575 nihil
1638 548 1707 576 iuris
1730 549 1861 583 habebat,

1021 588 1212 624 persuadendo
1234 589 1294 617 eius
1320 590 1500 620 infernalibus
1528 594 1659 623 membris
1685 595 1863 624 venientibus

1023 637 1054 662 ut
1074 634 1158 662 turbo
1180 635 1219 662 ad
1240 635 1482 673 clisperyemlum,
1505 639 1692 673 innocentem,
1721 645 1751 669 ut
1772 642 1862 670 cruci-

1020 680 1136 717 figerent
1157 688 1236 715 cum3
1259 681 1319 709 ideo
1340 682 1443 711 iustum
1466 684 1531 718 suit,
1554 688 1585 713 ut
1606 686 1663 722 ipse
1684 687 1785 723 impius
1805 688 1862 716 dia-

1020 726 1115 761 bolus,
1151 731 1240 764 caput
1271 728 1375 756 domus
1406 729 1562 764 infernalis,
1590 737 1806 768 percuteretur,
1835 738 1862 762 et

1019 776 1153 809 potestate
1174 777 1200 802 et
1221 774 1342 803 dominio
1365 777 1466 811 proprii
1494 778 1565 805 servi
1598 779 1797 808 demutat-etio·
1820 782 1861 809 vel

1019 820 1186 856 privaretur.

1098 867 1191 896 Tertio
1212 868 1285 896 iusta
1305 868 1357 896 fuit
1387 869 1536 898 diabolicae
1568 872 1709 907 potestatis
1730 874 1859 902 extermi-

1018 914 1092 942 natio
1113 917 1227 951 propter
1249 915 1452 944 rectitudinem
1472 917 1627 954 aequitatis
1648 922 1673 946 et
1692 919 1820 948 iustitiae
1835 921 1861 948 in

1018 969 1072 989 non
1094 961 1222 997 patiendo
1253 962 1491 998 perturbationem
1522 963 1659 998 universi3
1682 965 1755 993 unde
1776 966 1861 994 Exodi

1018 1007 1124 1036 decimo
1146 1008 1283 1045 quint05:
1308 1009 1433 1037 Dextera
1465 1014 1533 1043 tua,
1565 1010 1698 1044 Domine,
1719 1013 1863 1047 percussit

1018 1055 1189 1088 inimicum,
1211 1058 1236 1083 et
1259 1055 1288 1083 in
1309 1055 1495 1084 multitudine
1514 1056 1626 1093 ytoriae
1647 1061 1714 1086 tuae
1729 1059 1860 1095 deposui-

1016 1101 1056 1130 sti
1076 1101 1266 1130 adversarios
1288 1105 1370 1135 tuos;
1392 1102 1501 1131 misisti
1514 1104 1594 1132 iram
1610 1107 1706 1138 tuam,
1728 1114 1802 1143 quae
1816 1106 1863 1133 de-

1017 1148 1133 1177 voravit
1153 1157 1200 1177 eos
1219 1149 1297 1177 sicut
1315 1149 1465 1186 stipulam.
1488 1166 1525 1170 -—
1547 1151 1674 1187 Aequitas
1695 1153 1766 1180 euim
1793 1153 1861 1181 divi-

1017 1203 1068 1224 nae
1090 1196 1210 1224 iustitiae
1229 1207 1241 1220 «
1254 1196 1378 1224 ordinem
1395 1197 1515 1225 universi
1532 1199 1687 1226 conservari
1704 1199 1788 1233 iubet,
1804 1208 1862 1235 per-

1017 1242 1124 1271 turbari
1148 1243 1281 1271 7101316».
1304 1243 1380 1271 Unde
1401 1251 1435 1272 ne
1455 1243 1580 1273 diabolus
1595 1244 1627 1273 de
1642 1252 1692 1273 sua
1712 1246 1814 1274 malitia
1835 1250 1862 1275 et

1016 1293 1144 1326 peccato,
1166 1297 1215 1326 per
1237 1289 1311 1326 quod
1333 1290 1495 1318 turbaverat
1517 1294 1604 1319 totum
1625 1291 1796 1326 universum,
1818 1301 1861 1321 re-

1016 1339 1140 1372 portaret
1171 1336 1363 1371 commodum,
1384 1336 1498 1373 dignum
1531 1337 1582 1365 fuit
1610 1339 1730 1374 percuti,
1758 1339 1860 1375 privari

1015 1386 1043 1411 et
1065 1383 1166 1419 puniri.
1188 1383 1220 1411 Et
1241 1386 1356 1420 propter
1388 1384 1440 1412 boc
1471 1384 1589 1412 dicitnr:
1614 1384 1733 1413 Paoebit
1766 1387 1861 1413 Assur

1017 1430 1103 1467 oirya
1121 1438 1291 1466 percussus.
1313 1446 1350 1450 —
1372 1431 1470 1458 Assur
1490 1431 1629 1459 diabolum
1651 1431 1798 1468 significat,
1813 1432 1860 1468 qui

1012 1477 1159 1513 pavescit,
1180 1484 1243 1505 cum
1261 1478 1430 1514 percutitur
1451 1478 1556 1515 virga,
1578 1478 1685 1507 divinae
1706 1479 1859 1515 aequitatis

1016 1524 1153 1561 Rogemus
1174 1527 1225 1553 etc.

1356 1626 1447 1655 Sanno
1469 1626 1489 1654 ll
1502 1627 1520 1654 ⁷.

1085 1720 1213 1745 Dominica
1232 1720 1438 1745 Resurrectionis.
1458 1720 1541 1745 Sermo
1560 1720 1647 1745 fratris
1669 1721 1858 1746 Bouaventurae

1013 1764 1037 1788 in
1059 1763 1187 1788 eonventu
1206 1763 1339 1793 Fratrum,
1359 1763 1479 1788 Parisius.

1092 1852 1126 1881 Si
1146 1853 1375 1881 consurrexistis
1396 1862 1463 1881 077777
1487 1852 1617 1888 Cli-rislo,
1639 1862 1712 1891 quae
1735 1862 1857 1881 sursum

1012 1903 1083 1928 sunt
1103 1899 1248 1937 quaerite,
1271 1899 1323 1928 ubi
1344 1898 1479 1928 Christus
1493 1903 1547 1933 est,
1562 1900 1593 1928 in
1608 1900 1727 1928 dextera
1750 1900 1800 1928 Dei
1819 1908 1858 1928 se-

1012 1946 1098 1980 dens,
1120 1955 1195 1984 quae
1215 1955 1338 1975 sursum
1365 1950 1434 1974 sunt
1454 1947 1563 1983 sapite,
1591 1955 1648 1975 77077
1670 1955 1744 1985 quae
1769 1956 1857 1984 super

1013 1996 1140 2027 terram,
1163 1993 1197 2021 ad
1218 1993 1392 2022 Colossenses
1413 1994 1495 2022 tertio
1510 1994 1529 2021 ⁸.

1091 2040 1118 2068 In
1142 2040 1185 2069 his
1206 2040 1298 2069 verbis
1319 2040 1437 2069 ostendit
1458 2041 1602 2077 Apostolus
1616 2040 1695 2069 nobis
1718 2040 1783 2074 tria,
1805 2041 1857 2069 sci—

1012 2086 1075 2115 licet
1095 2086 1214 2123 qualiter
1235 2087 1315 2115 debet
1337 2086 1501 2115 conformari
1525 2087 1721 2116 resurrectioni
1741 2087 1856 2115 domini-

1012 2140 1059 2161 cae
1080 2136 1175 2161 nostra
1195 2134 1393 2167 conversatio,
1409 2142 1472 2162 cum
1488 2134 1568 2162 dicit:
1586 2133 1618 2162 Si
1631 2134 1856 2162 consurrexistis

1011 2188 1077 2208 cum
1103 2179 1234 2213 Cltristo;
1256 2180 1302 2209 ubi
1325 2180 1406 2209 debet
1426 2180 1492 2209 ferri
1509 2184 1603 2209 nostra
1623 2180 1774 2217 0097777770,
1793 2188 1855 2208 cum

1011 2226 1119 2255 subdit:
1142 2227 1194 2255 ubi
1209 2227 1344 2256 Christus
1358 2231 1412 2261 est,
1428 2227 1459 2255 in
1474 2228 1592 2255 dextera
1609 2227 1660 2255 Dei
1673 2227 1789 2260 sedens;
1808 2227 1854 2255 ubi

1010 2273 1092 2302 debet
1113 2274 1176 2310 poni
1199 2277 1294 2302 nostra
1308 2273 1434 2311 affectio,
1456 2282 1519 2302 cum
1541 2273 1630 2301 addit:
1646 2282 1720 2311 quae
1733 2282 1854 2301 sursum

1011 2324 1079 2349 suut
1099 2321 1210 2358 sapite,
1231 2330 1289 2349 77077
1309 2329 1383 2359 quae
1403 2329 1492 2357 super
1514 2324 1633 2348 terram.

1091 2368 1108 2395 Ι.
1131 2368 1209 2396 Circa
1228 2368 1350 2405 primum
1377 2371 1456 2401 nota,
1485 2367 1557 2404 quod
1587 2366 1778 2404 conformitas
1807 2375 1854 2395 no-

1010 2417 1084 2443 strae
1106 2415 1319 2443 resurrectionis
1334 2415 1486 2451 spiritualis
1507 2414 1539 2442 ad
1556 2414 1785 2443 resurrectionem
1802 2414 1854 2441 Do-

1010 2461 1075 2489 mini
1108 2461 1273 2490 attendenda
1304 2465 1346 2490 est
1377 2462 1449 2490 circa
1482 2462 1548 2489 tria:
1581 2464 1611 2489 ut
1643 2460 1713 2489 sicut
1744 2460 1790 2488 illa
1821 2461 1854 2488 sit

1010 2517 1097 2541 veru,
1119 2517 1172 2536 non
1195 2509 1367 2545 phantastica
1388 2517 1437 2545 per
1458 2508 1662 2544 ‹lupticitatem;
1685 2508 1772 2535 Lucae
1794 2507 1855 2535 ulti-

1011 2563 1055 2583 mo
1070 2555 1097 2583 ⁹:
1123 2555 1261 2584 Surrexit
1284 2556 1426 2584 Dominus
1446 2564 1511 2583 vere
1531 2557 1581 2583 etc.
1610 2571 1646 2574 a
1670 2554 1853 2586 Accelerata,

170 2684 177 2696 ¹
198 2685 262 2707 Vers.
279 2685 317 2707 20.
334 2691 382 2713 seq.

170 2722 178 2735 ²
198 2723 262 2745 Vers.
283 2723 316 2745 17.
334 2729 383 2752 seq.

170 2761 178 2773 ³
196 2762 358 2789 Respiciuntur
375 2768 457 2785 versus
474 2768 499 2785 ex
517 2762 607 2790 Hymno
625 2763 653 2784 ad
673 2763 686 2784 1.
705 2763 776 2790 Vesp.
793 2763 816 2784 in
833 2763 951 2785 Dominica

107 2801 234 2823 Passionis:

359 2865 369 2876 u
383 2857 429 2878 Hoc
447 2862 506 2884 opus
523 2859 614 2879 nostrae
631 2856 710 2879 salutis

357 2895 419 2917 Ordo
436 2895 616 2923 depoposcerat,

357 2934 499 2956 Muttitormis
516 2934 641 2962 proditoris

357 2973 400 2995 Ars
417 2976 441 2995 ut
458 2976 530 2996 artem
548 2974 643 3002 falleret,

1261 2686 1286 2707 Et
1304 2684 1417 2707 medelam
1436 2685 1503 2706 terret
1521 2684 1585 2711 inde,

1260 2725 1335 2747 Hostis
1353 2724 1414 2746 unde
1432 2724 1557 2746 laeserat».

1071 2779 1080 2791 ⁴
1100 2779 1164 2801 Vers.
1186 2780 1219 2801 13.
1236 2785 1284 2808 seq.

1071 2818 1080 2830 ⁵
1098 2819 1163 2842 VerS.
1182 2819 1203 2841 6.
1221 2825 1286 2847 seq.;
1303 2818 1408 2847 sequitur
1425 2818 1474 2840 lsai.
1492 2818 1534 2843 30,
1552 2817 1588 2838 31.

1071 2856 1080 2869 ⁶
1098 2858 1188 2884 Boeth„
1206 2858 1241 2880 tv.
1261 2858 1290 2880 de
1307 2857 1420 2880 Consolat.
1439 2862 1505 2884 prosa
1525 2857 1545 2877 2.

1072 2895 1079 2908 ⁷
1098 2897 1127 2918 Ex
1145 2897 1162 2918 Α
1181 2897 1217 2918 fol.
1245 2896 1285 2918 117
1307 2903 1325 2918 r.
1347 2899 1368 2917 et
1391 2896 1406 2917 B
1430 2896 1466 2917 tol.
1490 2894 1513 2916 41
1541 2901 1559 2916 r.
1579 2894 1681 2921 Videtur,
1703 2893 1766 2921 quod
1789 2893 1850 2915 idem

1008 2941 1084 2957 sermo
1102 2935 1130 2957 sit
1146 2935 1214 2957 etiam
1233 2935 1256 2957 in
1274 2935 1324 2957 cod.
1343 2933 1461 2956 Pal-islensi
1480 2940 1500 2955 n.
1519 2932 1587 2954 3573.
1606 2933 1642 2954 soi.
1664 2932 1712 2954 131.

1070 2973 1079 2986 ³
1097 2974 1163 2996 Vers.
1182 2975 1202 2995 1.
1219 2980 1267 3002 seq.
1661 2969 1670 2982 ⁹
1686 2970 1740 2998 Cap.
1759 2970 1795 2997 21,
1814 2970 1850 2992 34.

1878 878 1946 896 Tertia.

1874 2087 1950 2106 Divisio.

1871 2367 1917 2385 Pars
1930 2368 1943 2385 1.

1871 2460 1946 2487 'l'riplcx¹
1959 2466 1987 2487 re·

1869 2486 1990 2502 surrectionis

1887 2508 1973 2530 00317135,
