2243 3348
643 174 684 202 DE
706 174 832 203 SANCTO
853 175 1022 204 STEPHANO
1043 177 1207 206 MARTYRE.
1230 178 1339 207 SERMO
1362 180 1389 207 II.

145 248 347 286 fortitudinem
360 252 410 278 etc.
427 266 461 270 -
473 250 509 278 Ad
523 251 656 287 pericula
668 252 846 281 afflictionum
864 253 988 281 mundia-

145 295 212 323 lium
233 302 283 331 per
302 295 437 323 caritatis
459 296 603 331 laetitiam;
627 297 748 326 Indicum
767 300 885 327 sext01:
913 300 989 327 Vade

144 341 175 370 in
197 340 252 370 liae
271 340 444 378 fortitudine
465 346 518 370 tna
539 347 563 370 et
584 343 720 372 liberabis
735 345 828 373 Israel
842 346 875 374 de
896 354 988 374 manu

144 388 274 416 Madian.
295 404 334 407 —
355 387 391 416 Ad
413 388 552 417 exercitia
581 390 744 419 meritorum
775 392 987 421 multiformium

143 442 193 472 per
208 434 344 463 bonitatis
354 434 521 471 diligentiam
531 445 537 469 ;
549 435 724 464 Cantieorum
738 441 837 473 quarto
849 439 872 466 2:
888 439 988 467 Omnis

144 485 305 510 armatura
325 480 467 518 fortium;
488 485 513 509 et
533 481 574 509 ad
594 481 666 510 betta
687 483 856 512 doctissimi.

223 529 261 556 Ill.
276 528 354 557 Circa
369 528 481 557 tertium
496 532 568 562 nota,
581 529 655 565 quod
669 528 736 566 fecit
749 530 836 567 siyna
851 535 876 559 et
886 532 988 568 prodi-

104 594 118 608 -,
142 576 195 613 9ia
211 576 242 603 in
261 574 382 612 pop-uto,
397 575 463 611 quia
478 575 561 603 homo
575 575 642 603 fuit:
657 575 791 604 mirabilis
805 577 924 605 virtutis
938 586 987 614 per

26 614 31 627 ⁸
119 614 127 619 '
142 622 311 651 nobilitatem
331 621 413 649 animi
445 624 473 649 et
500 621 696 650 sublimitatem
729 622 834 656 meriti;
857 623 988 652 Ecclesia-

7 2358 56 2377 *Pars
67 2358 81 2377 1.
96 2358 123 2377 De

7 2382 123 2401 auctoritate

6 2404 76 2428 flantis,
92 2407 124 2429 qui

25 2433 112 2448 eoi-onam

5 2452 127 2476 praeparavit

17 2475 120 2499 praedesti-

32 2499 101 2518 nando.

142 669 201 698 stici
230 668 441 705 quadragesimo
472 667 606 696 octavoss:
638 668 750 696 Etisens
780 669 811 697 in
844 670 903 698 uita
930 678 987 698 saa

141 714 209 752 fecit
229 718 362 743 monstra
382 717 433 743 etc.
456 731 494 735 —-
514 714 645 743 Mirabilis
666 715 799 743 veritatis
820 723 868 751 per
883 716 987 752 simpli-

142 762 250 791 citatem
265 761 337 791 oculi
359 765 385 790 et
407 761 558 790 claritatem
577 762 693 798 ingenii;
709 762 816 791 Ioannis
830 765 924 791 sexto:
941 762 988 791 ltti

142 817 209 846 eryo
231 808 369 842 liomineS,
385 817 451 837 eum
473 808 623 842 vidissent,
639 808 716 846 qaod
736 807 845 845 fecerat
859 809 985 845 sianum.

142 872 180 876 —
201 855 332 884 Mirabilis
352 855 517 883 sanctitatis
545 858 659 891 propter
687 855 836 891 puritatem
858 855 986 884 innocen-

142 902 196 931 tiae
216 905 244 930 et
264 902 452 931 austeritatem
475 902 560 934 vitae;
584 901 690 930 loannis
712 901 809 930 tertio:
830 902 887 937 Qui
907 910 986 930 acce-

138 948 184 985 pit
211 948 274 976 eius
296 948 488 976 testimonium
517 947 662 985 signavit,
691 947 762 985 quia
792 947 867 975 Dens
894 956 986 976 verax

142 999 190 1024 est.
212 1011 250 1014 —
272 994 401 1023 Mirabilis
432 994 545 1023 amoris
574 1002 622 1031 per
653 994 794 1022 dulcorem
826 994 936 1030 pietatis
960 997 987 1023 et

141 1042 280 1070 flammam
302 1041 424 1069 caritatis
444 1041 583 1077 geminae;
606 1041 742 1070 secundae
766 1041 798 1070 ad
830 1041 987 1070 Corinthios

141 1089 269 1125 primo&
293 1088 351 1123 Qui
370 1087 526 1123 confirmat
546 1095 599 1115 nos
619 1087 766 1116 vobiscum
783 1088 814 1116 in
830 1087 944 1116 Cltristo
962 1092 988 1116 et

141 1136 193 1174 qui
212 1135 298 1163 unxit
317 1143 386 1168 nos,
409 1134 494 1162 Deus.

481 1229 573 1257 Sannio
595 1228 614 1256 II
626 1228 645 1256 ⁵.

221 1323 368 1356 Posuisti,
393 1322 525 1355 Domine,
548 1322 578 1350 in
600 1322 694 1359 eapite
708 1322 771 1350 eius
792 1330 930 1351 coronam
954 1322 988 1351 de

142 1370 237 1407 lapide
255 1370 396 1406 pretioso,
419 1370 541 1398 Psalmus
553 1369 573 1396 ὃ.

219 1416 342 1445 Verbum
364 1416 450 1450 istud,
473 1416 546 1452 quod
568 1418 692 1444 sumtum
708 1419 749 1444 est
763 1416 797 1444 de
813 1416 927 1450 Psalmo,
942 1424 988 1453 ge-

141 1464 271 1493 neraliter
292 1463 472 1496 intellectum,
488 1465 577 1499 potest
590 1463 693 1491 assumi
709 1463 735 1491 iu
751 1463 859 1491 laudem
875 1463 987 1491 cuiusli-

140 1512 186 1541 bet
207 1511 349 1547 Martyris;
371 1510 418 1539 sed
440 1509 583 1538 cuiusdam
606 1509 731 1546 specialis
752 1510 886 1547 privilegii
908 1518 988 1546 prae-

141 1558 264 1595 rogativa
284 1556 457 1593 appropriari
482 1560 570 1593 potest
591 1556 617 1584 in
645 1556 754 1584 laudem
776 1556 988 1593 Protomartyris

141 1604 279 1641 Stephani.
304 1604 331 1632 In
353 1611 408 1640 quo
430 1603 608 1639 exprimitur,
624 1602 684 1631 eius
699 1603 852 1639 praemium
869 1603 926 1632 sive
940 1603 988 1631 sti-

141 1651 270 1688 pendium
292 1651 395 1687 gloi‘Iae
426 1650 538 1678 militiae
569 1649 628 1678 eius
657 1657 715 1678 esse
747 1650 939 1686 magnificum,
961 1653 988 1678 et

141 1699 193 1727 hoc
213 1706 229 1726 a
250 1697 350 1734 triplici
373 1697 544 1730 condItione‚
559 1697 662 1725 scilicet
677 1696 711 1725 ab
726 1697 900 1725 auctoritate
915 1697 988 1725 (tan-

142 1745 195 1778 tis,·
216 1747 243 1773 et
265 1744 316 1772 hoc
337 1747 460 1777 notatur,
475 1751 537 1771 cum
553 1743 670 1772 dicitur:
693 1743 834 1777 Posuisti,
852 1744 987 1777 Domine,-

141 1791 277 1825 secundo,
300 1791 334 1819 ab
362 1790 515 1819 idoneitate
543 1790 723 1827 recipientis,
744 1794 771 1819 et
793 1791 845 1819 hoc
867 1791 988 1827 implica-

140 1842 203 1873 tur,
232 1846 296 1867 cum
327 1837 520 1874 subiungitur:
548 1838 579 1865 in
610 1837 704 1874 capite
732 1837 812 1871 eius,·
844 1837 940 1871 tertio,
972 1846 987 1866 a

140 1885 345 1923 maynituaine
376 1884 534 1918 mercedis,
569 1888 596 1913 et
632 1884 683 1912 hoc
716 1884 888 1921 explicatur,
924 1892 987 1913 cum

141 1932 330 1961 subinfertur:
353 1939 493 1960 coronam
514 1931 548 1959 de
580 1931 676 1967 lapide
706 1931 841 1967 pretioso.
868 1931 899 1959 Et
921 1932 988 1960 haec

140 1979 194 2008 tria
215 1978 389 2015 magnificant
410 1977 478 2006 illud
500 1978 653 2014 praemium
670 1981 697 2006 et
711 1978 865 2013 extollunt,
885 1979 988 2007 scilicet

141 2025 214 2063 quod
235 2033 364 2062 magnum
387 2025 422 2053 sit
443 2028 470 2053 et
489 2025 650 2062 pretiosum
671 2025 703 2053 in
717 2033 760 2058 se,
776 2028 803 2053 et
817 2026 890 2062 quod
905 2025 987 2054 datur

140 2073 167 2101 ei
186 2073 238 2110 qui
257 2072 365 2109 dignus
387 2075 443 2105 est,
466 2075 492 2100 et
524 2072 597 2108 quod
627 2071 709 2100 datur
731 2072 767 2100 ab
789 2080 819 2100 eo
841 2072 927 2100 cuius
947 2076 988 2100 est

141 2120 213 2148 dare
243 2123 270 2148 et
298 2119 365 2148 alios
394 2119 562 2155 praemiare;
585 2122 611 2147 et
637 2119 697 2148 ideo
728 2119 809 2147 dicit:
839 2120 986 2153 Posuisti,

143 2167 278 2200 Domine,
300 2166 379 2203 quasi
401 2166 487 2194 dicat:
510 2169 540 2194 tu
559 2166 703 2203 posuisti,
726 2166 771 2203 qui
805 2166 890 2195 hahes
912 2169 987 2203 pote-

141 2216 237 2242 statem
267 2217 294 2242 et
314 2213 523 2247 auctoritatem,
545 2216 572 2241 et
602 2213 640 2241 ita
661 2213 823 2246 collocasti,
845 2216 877 2242 ut
907 2221 987 2242 nemo

141 2260 226 2296 possit
246 2259 392 2296 deponere.
415 2260 457 2288 Tu
478 2267 557 2296 ergo,
576 2259 703 2293 Domine,
716 2260 853 2296 posuisti,
868 2268 922 2288 non
938 2267 987 2296 per

141 2306 316 2340 ministrum,
338 2306 384 2334 sed
407 2314 456 2343 per
478 2309 503 2334 te
523 2306 629 2343 ipsum,
652 2309 682 2334 ut
703 2306 850 2343 gloriosius
864 2309 890 2334 et
911 2314 987 2334 acce-

143 2353 273 2390 ptabilius
294 2353 329 2382 sit
349 2353 503 2389 praemium
524 2353 558 2382 de
579 2361 663 2381 manu
684 2356 740 2381 tua.

222 2400 239 2428 I.
268 2400 327 2434 Tu,
352 2400 487 2434 Domine,
515 2400 642 2437 posuisti
662 2408 818 2432 coronam,
847 2399 894 2436 qui
927 2407 986 2428 eam

140 2447 334 2484 praeparasti
353 2447 379 2475 in
402 2451 514 2476 aeterna
534 2447 804 2484 praedestinatione.
827 2446 891 2474 Nam
908 2454 987 2482 prae-

142 2494 286 2523 destinatio
307 2497 348 2522 est
369 2494 544 2531 praeparatio
565 2494 669 2530 gratiae
690 2497 717 2522 et
738 2493 855 2530 gloriae;
877 2492 910 2521 de
932 2501 987 2529 qua

1829 183 1885 211 485

1045 254 1146 283 dicitur
1168 255 1250 285 Isaiae
1281 257 1452 294 sexagesimo
1473 259 1610 295 quarto⁷:
1635 260 1743 289 Oculus
1763 270 1820 289 non
1849 261 1886 290 vi-

1045 301 1104 335 dit,
1127 301 1216 336 Deus,
1238 302 1345 341 absque
1366 306 1390 332 te
1410 312 1484 342 quae
1509 307 1702 342 praeparasti
1722 311 1886 344 exspectan-

1046 347 1121 376 tibus
1143 352 1174 376 te.
1207 349 1279 377 Hanc
1310 350 1462 386 specialiori
1494 351 1574 387 modo
1604 360 1732 382 coronam
1756 353 1886 383 Dominus

1045 394 1183 430 Stephano
1211 397 1398 432 praeparavit,
1420 398 1484 434 quia
1513 398 1572 427 aliis
1600 400 1789 436 praeparavit,
1811 404 1886 429 ante-

1045 448 1127 476 quam
1149 445 1255 476 esseut;
1277 443 1319 470 isti
1342 446 1451 478 autem,
1473 447 1500 472 et
1520 448 1665 482 antequam
1688 450 1759 475 esset
1779 450 1806 475 et
1828 449 1887 475 tan-

1045 494 1127 522 quam
1151 487 1345 524 Protomartyri
1361 492 1388 518 et
1403 490 1493 526 primo
1514 491 1585 520 inter
1599 492 1741 528 Martyres,
1756 501 1884 522 coronam

1045 532 1118 561 Deus
1140 535 1328 570 praeparavit,
1351 536 1427 572 quasi
1450 545 1516 573 prae
1540 538 1600 566 aliis
1620 542 1647 566 et
1668 541 1730 567 ante
1751 540 1818 568 alios
1839 548 1886 577 pa-

1045 579 1130 613 ravit;
1153 583 1180 608 et
1200 581 1260 609 ideo
1282 581 1350 610 bene
1371 583 1393 611 ei
1417 585 1546 620 competit
1574 585 1639 613 illud
1668 586 1750 614 Isaiae
1772 594 1885 623 sexage-

1044 626 1113 654 simo
1131 627 1265 655 secundo:
1283 629 1350 656 Eris
1364 637 1473 658 corona
1486 630 1598 666 yteriae
1615 632 1645 660 in
1660 641 1752 660 mann
1770 633 1887 662 Domini

1044 676 1068 700 et
1089 673 1226 701 diadema
1252 675 1336 711 reyni
1359 675 1389 703 in
1410 684 1502 704 manu
1526 677 1577 705 Dei
1600 678 1650 706 tui.
1676 695 1711 699 ——
1732 680 1885 716 peroptime

1043 718 1124 747 dicit:
1148 720 1215 747 Eris
1236 729 1345 748 corona
1364 721 1491 758 moriae,
1513 726 1544 751 ut
1572 724 1732 760 significatio
1760 726 1884 755 vocabuli

1043 765 1146 793 alludat
1168 766 1215 794 rei.
1238 767 1392 803 Stephanus
1413 769 1485 796 enim
1505 778 1613 798 corona
1632 770 1838 808 iuterpretatur,
1854 776 1884 801 ut

1044 811 1083 839 sic
1104 812 1262 841 nominetur
1284 814 1434 842 secundnm
1464 819 1607 844 aeternum
1630 817 1675 845 Dei
1698 819 1884 854 propositum,

1043 860 1070 885 et
1091 857 1135 886 ille
1156 858 1263 886 dicatur
1278 867 1397 893 corona,
1413 861 1455 888 cui
1474 861 1545 889 Deus
1560 863 1732 899 praeparavit
1747 872 1883 893 coronam.

1043 904 1075 931 Et
1096 908 1170 933 recte
1190 904 1255 933 dicit
1276 905 1308 933 in
1328 914 1421 934 manu
1444 907 1510 941 Dei,
1532 911 1562 936 ut
1584 916 1632 944 per
1655 917 1765 938 manum
1787 911 1885 939 intelli-

1043 953 1125 987 gatur
1146 950 1253 979 divinae
1275 951 1385 980 virtutis
1406 953 1582 982 adiutorium.
1598 955 1641 983 Sic
1659 956 1731 984 enim
1753 957 1886 986 Dominus

1044 1005 1171 1025 coronam
1195 1002 1356 1034 praeparat,
1378 1003 1410 1027 ut
1431 1008 1573 1037 nunquam
1596 1002 1653 1030 siue
1674 1003 1733 1031 eius
1755 1011 1838 1032 manu
1852 1004 1885 1032 ad

1043 1051 1102 1072 eam
1127 1044 1295 1080 perveniant.
1319 1045 1376 1081 Ipse
1407 1053 1472 1082 ergo
1504 1047 1530 1074 in
1559 1048 1647 1084 capite
1675 1048 1886 1086 Protomartyris

1044 1090 1172 1127 Stephani
1196 1098 1325 1119 coronam
1347 1100 1428 1120 manu
1451 1101 1501 1121 sua
1532 1093 1677 1130 imposuit,
1699 1095 1769 1124 sicut
1790 1096 1824 1124 ab
1845 1104 1886 1126 ae-

1044 1139 1123 1165 terno
1144 1137 1287 1173 praevidit.

1123 1183 1163 1211 Tu
1185 1184 1266 1212 etiam
1291 1184 1420 1220 posuisti,
1442 1185 1488 1222 qui
1510 1186 1660 1222 reparasti
1679 1187 1705 1215 in
1728 1187 1813 1224 ipsius
1842 1197 1885 1217 re-

1044 1230 1211 1266 demptione.
1234 1231 1305 1259 Hanc
1327 1232 1399 1259 enim
1421 1239 1566 1267 coronam,
1589 1241 1671 1269 quam
1693 1234 1767 1263 Deus
1787 1235 1821 1263 ab
1842 1243 1886 1263 ae-

1045 1279 1124 1305 terno
1145 1285 1174 1305 se
1195 1277 1326 1306 daturum
1355 1279 1544 1314 praeviderat,
1567 1280 1664 1308 merito
1692 1282 1886 1317 transgressio-

1044 1323 1086 1352 nis
1108 1324 1267 1360 protoplasti
1290 1325 1378 1353 omnis
1400 1325 1482 1354 homo
1504 1326 1674 1362 perdiderat,
1700 1327 1764 1363 quia
1788 1329 1819 1356 in
1841 1328 1885 1357 illo

1045 1377 1100 1397 uno
1121 1378 1218 1398 omnes
1245 1370 1288 1398 alii
1312 1376 1506 1407 peccaverant
1516 1372 1535 1400 ⁸.
1559 1372 1619 1401 Ideo
1647 1376 1772 1409 poterant
1793 1382 1886 1403 omnes

1045 1416 1169 1445 homines
1191 1417 1286 1453 lugere
1307 1421 1333 1446 et
1353 1418 1445 1447 dicere
1466 1418 1533 1447 illud
1555 1419 1628 1456 quod
1643 1419 1743 1448 dicitur
1758 1420 1785 1448 in
1801 1421 1886 1450 Thre-

1044 1471 1144 1491 norum
1158 1463 1268 1500 quinto:
1285 1464 1390 1492 Cecidit
1404 1473 1513 1493 corona
1528 1466 1633 1502 capitis
1647 1467 1754 1500 nostri,
1770 1476 1823 1495 vae
1836 1476 1886 1496 no-

1045 1509 1098 1543 bis,
1114 1510 1185 1548 quia
1203 1511 1397 1547 peccavimus.
1420 1512 1563 1540 Miseratus
1578 1513 1663 1549 igitur
1679 1514 1750 1542 Deus
1763 1518 1885 1543 nostram

1045 1556 1173 1593 inopiam,
1190 1558 1319 1594 quoniam
1338 1566 1449 1587 eramus
1466 1561 1592 1595 tanquam
1605 1560 1713 1596 pupilli
1732 1563 1758 1589 et
1780 1561 1886 1599 absque

1042 1607 1128 1640 patre
1149 1608 1175 1633 et
1206 1605 1304 1640 privati
1337 1605 1501 1639 hereditate,
1524 1613 1667 1640 coronam,
1693 1615 1775 1643 quam
1807 1608 1885 1644 prius

1045 1655 1199 1687 paraverat,
1220 1652 1389 1688 comparavit
1403 1660 1456 1680 non
1478 1652 1584 1681 modico
1605 1653 1708 1689 pretio,
1729 1654 1775 1682 sed
1796 1654 1885 1690 pretio

1045 1698 1275 1734 superexcellenti
1296 1701 1323 1727 et
1344 1698 1483 1727 indicibili.
1511 1699 1630 1728 Portavit
1660 1700 1732 1728 enim
1754 1701 1885 1730 Dominus

1045 1745 1147 1781 gloriae
1176 1752 1305 1773 coronam
1334 1745 1514 1782 ignominiae,
1536 1749 1567 1774 ut
1595 1754 1705 1775 servum
1728 1747 1885 1783 ignominio-

1045 1799 1106 1820 sum
1128 1792 1230 1820 faceret
1251 1792 1415 1828 gloriosum3
1438 1792 1511 1820 unde
1533 1792 1638 1821 Ioannis
1652 1792 1757 1822 decimo
1775 1794 1884 1822 non09:

1047 1839 1144 1867 Eacivit
1165 1839 1247 1866 Iesus
1267 1842 1390 1875 portans
1417 1846 1555 1867 coronam
1576 1839 1706 1876 spineam
1727 1843 1751 1868 et
1769 1848 1884 1877 purpu—

1044 1894 1128 1913 reum
1149 1885 1354 1913 uestimentum.
1378 1885 1408 1913 Et
1429 1885 1497 1914 bene
1518 1885 1583 1914 dicit
1597 1886 1699 1920 exicii,
1715 1889 1745 1915 ut
1760 1890 1883 1921 notetur,

1045 1933 1251 1969 ignominiosam
1274 1940 1402 1960 coronam
1426 1940 1479 1960 non
1503 1935 1624 1969 portasse
1645 1933 1671 1961 in
1693 1933 1815 1967 occulto,
1837 1934 1883 1962 sed

1045 1980 1072 2007 in
1093 1982 1204 2015 aperto,
1226 1979 1291 2015 quia
1306 1987 1354 2015 per
1369 1979 1441 2007 illam
1458 1979 1663 2015 ignominiosam
1678 1980 1805 2008 omnibus
1819 1980 1885 2008 emit

1044 2026 1191 2063 gloriosam
1213 2034 1357 2059 coronam;
1380 2026 1427 2054 sed
1448 2026 1573 2063 quamvis
1594 2034 1644 2063 pro
1665 2026 1791 2055 omnibus
1812 2034 1884 2055 eme-

1045 2073 1082 2101 rit
1104 2075 1239 2109 quantum
1260 2072 1293 2100 ad
1315 2072 1522 2106 sufficientiam,
1544 2081 1595 2109 pro
1615 2073 1679 2101 solis
1700 2073 1884 2102 imitatoribus

1044 2120 1109 2149 emit
1130 2123 1264 2156 quantum
1287 2119 1320 2147 ad
1341 2119 1502 2153 efficaciam,
1524 2119 1596 2148 inter
1617 2128 1685 2156 quos
1700 2120 1883 2156 principatum

1044 2170 1118 2195 tenet
1139 2166 1235 2194 beatus
1257 2166 1426 2202 Stephanus,
1449 2166 1495 2202 qui
1524 2166 1576 2194 fuit
1602 2166 1708 2202 primus
1729 2169 1755 2194 et
1779 2166 1883 2202 praeci-

1044 2221 1117 2250 puus
1138 2212 1244 2241 Domini
1267 2212 1396 2240 imitator.
1419 2212 1494 2240 Sicut
1515 2220 1580 2248 ergo
1600 2212 1649 2240 sibi
1673 2212 1804 2241 Dominus
1818 2212 1883 2241 emit

1045 2268 1093 2297 per
1114 2268 1143 2288 se
1164 2260 1270 2296 ipsum,
1291 2259 1328 2287 ita
1349 2259 1429 2287 etiam
1452 2259 1590 2295 imposuit.

1122 2307 1163 2335 Tu
1184 2306 1350 2342 imposuisti,
1371 2306 1418 2342 qui
1436 2306 1602 2342 promisisti
1614 2306 1640 2333 in
1656 2306 1715 2334 eius
1729 2306 1882 2334 vocatione.

1043 2352 1111 2380 Cum
1133 2352 1204 2380 enim
1227 2351 1359 2379 Dominus
1379 2354 1458 2379 vocat
1478 2351 1511 2379 ad
1526 2351 1654 2387 gratiam,
1669 2355 1735 2379 tunc
1750 2352 1884 2387 promittit

1044 2400 1174 2435 gloriam,
1204 2398 1268 2435 quia
1299 2398 1387 2434 gratia
1414 2398 1514 2434 pignus
1541 2400 1581 2426 est
1608 2398 1725 2434 gloriae,
1747 2398 1819 2427 unde
1850 2399 1882 2427 ad

1045 2445 1174 2481 Ephesios
1203 2445 1291 2481 primo
1304 2444 1340 2471 ¹⁰:
1372 2444 1520 2472 Credentes
1548 2444 1659 2481 signati
1678 2444 1744 2472 estis
1769 2444 1883 2481 Spiritu

1040 2491 1247 2528 promissionis
1277 2494 1393 2524 sancto,
1425 2491 1476 2528 qui
1505 2494 1546 2518 est
1576 2490 1685 2527 pigmus
1717 2490 1883 2519 hereditatis

204 2650 211 2663 ¹
232 2651 296 2673 Vers.
314 2651 350 2673 14.

204 2688 213 2702 ‘³
232 2690 296 2712 Vers.
315 2689 336 2712 ᾇ,
354 2693 375 2712 et
392 2690 444 2712 dein
463 2696 483 2711 c.
501 2690 521 2717 3,
540 2690 561 2711 8.

204 2727 213 2740 ³
231 2729 297 2751 Vers.
318 2729 355 2755 153
373 2732 501 2757 sequuntur
519 2730 578 2751 loan.
596 2729 622 2757 6,
646 2728 679 2750 14.
697 2732 719 2751 et
736 2734 756 2750 c.
774 2729 794 2756 3,
813 2729 849 2750 33.

204 2767 213 2780 ⁴¹
232 2768 296 2790 Vers.
314 2768 351 2790 21.

205 2806 214 2818 ⁵
232 2807 272 2828 Hic
284 2813 360 2829 sermo
373 2806 470 2828 habetur
482 2807 504 2828 in
518 2806 654 2829 bibliotheca
666 2807 728 2834 regia
741 2806 867 2835 litonaclttt,
878 2807 928 2829 cod.
938 2807 986 2828 Lat.

143 2845 212 2867 7776.
230 2845 267 2866 sol.
285 2845 329 2866 ‘230
347 2851 377 2872 r.;
394 2844 491 2872 Assisii,
510 2844 531 2866 in
548 2844 607 2866 sacri
633 2844 765 2866 Conventus
787 2844 890 2867 biblioth.
909 2850 931 2865 n.
949 2844 984 2865 58

143 2884 202 2906 iuxta
220 2883 337 2911 antiquam
356 2883 552 2911 numerationem;
573 2882 680 2909 antcrtz',
698 2883 748 2905 cod.
764 2889 786 2905 n.
800 2883 852 2905 1182.
867 2883 902 2905 sol.
917 2883 945 2905 86
960 2889 985 2910 r.,

143 2922 182 2951 qui
200 2921 292 2944 duobus
310 2922 359 2943 aliis
376 2925 410 2943 est.
428 2922 507 2943 melior
525 2925 546 2943 et
563 2921 683 2949 aliquoties
700 2922 795 2943 auctior.
813 2921 838 2943 Ili
856 2924 900 2943 tres
918 2921 985 2943 codd.

143 2962 258 2989 attingunt
269 2967 328 2983 saec.
340 2961 395 2983 XIII.
407 2960 553 2982 inveniuntur
562 2960 656 2988 quidem
671 2959 700 2982 ibi
713 2960 762 2982 sine
775 2960 866 2982 nomino
879 2960 985 2986 auctoris,

1044 2653 1068 2672 ut
1083 2650 1144 2671 multi
1158 2649 1195 2671 alii
1207 2648 1399 2670 Bonaventuriani
1412 2653 1538 2674 sermones,
1549 2647 1589 2676 qui
1601 2647 1686 2670 ibidem
1699 2650 1763 2674 sunt;
1778 2650 1838 2670 recte
1856 2651 1884 2669 [a-

1043 2695 1095 2711 men
1109 2689 1130 2711 S.
1144 2688 1233 2710 Ductori
1250 2687 1386 2713 tribuuntur,
1399 2689 1446 2708 tum
1459 2689 1553 2714 propter
1565 2687 1664 2709 indolem
1677 2689 1699 2708 et
1710 2686 1786 2708 stilum
1805 2686 1884 2714 ipsius,

1044 2730 1092 2749 tum
1110 2727 1163 2755 quia
1181 2727 1223 2748 hoc
1241 2728 1350 2747 testantur
1367 2725 1413 2747 (luo
1431 2731 1496 2754 seqq.
1512 2726 1641 2752 schemata,
1658 2727 1732 2747 sumta
1754 2731 1780 2747 ex
1797 2725 1849 2747 cod.
1866 2725 1883 2746 A

1044 2765 1195 2787 bibliothecae
1207 2764 1380 2791 Ambrosianae,
1391 2770 1451 2792 quae
1463 2764 1527 2792 quasi
1546 2763 1652 2786 exhibent
1665 2763 1768 2785 eiusdem
1784 2764 1884 2791 schema,

1043 2806 1095 2827 licet
1111 2805 1181 2827 alium
1199 2806 1283 2826 textum
1297 2804 1428 2831 Scripturae
1441 2809 1482 2830 pro
1495 2804 1594 2825 themate
1606 2802 1712 2824 habeant.
1724 2802 1829 2824 Defectus
1840 2808 1884 2824 ser-

1044 2844 1118 2865 monis
1137 2842 1250 2865 trihuendi
1267 2845 1319 2864 sunt
1339 2850 1349 2861 «
1362 2841 1498 2869 reportatori
1511 2850 1532 2863 n.
1682 2840 1691 2853 ⁰
1708 2841 1790 2863 Psalm.
1807 2841 1843 2865 ΞΟ,
1863 2840 1884 2863 lt.

1105 2880 1113 2893 ⁷
1133 2882 1196 2903 Vors.
1217 2881 1242 2907 [Η
1260 2881 1362 2909 sequitur
1380 2887 1399 2902 c.
1417 2881 1458 2907 62,
1477 2881 1498 2902 3.

1105 2919 1114 2932 S
1133 2920 1260 2947 Respicitur
1278 2920 1343 2941 Rom.
1362 2920 1388 2946 5,
1408 2920 1450 2946 Ἰ12;
1468 2922 1595 2947 sequuntur
1608 2919 1693 2941 Thren.
1708 2919 1729 2945 5,
1748 2919 1780 2940 16.
1794 2921 1849 2940 etv.
1862 2919 1882 2940 3.

1105 2958 1114 2972 9
1134 2959 1198 2980 Vers.
1216 2958 1237 2979 5.
1660 2956 1678 2971 ¹⁰
1697 2957 1761 2979 Vers.
1783 2957 1816 2979 13.
1834 2963 1883 2985 seq.

1909 1197 1962 1220 Item,
1976 1197 2008 1221 qui

1906 1225 1947 1239 eam
1960 1225 2013 1244 repa-

1906 1244 1954 1262 ravit
1965 1243 2015 1262 redi-

1923 1267 1998 1286 mendo.

1909 2312 1962 2335 Item,
1975 2312 2008 2336 qut

1896 2336 2020 2378 ἐῖῗῠὲἑῖἳὲἶ
