2243 3348
12 323 14 334 :
60 315 150 337 secundo,

43 339 101 365 quoad
109 338 171 361 cogni-

70 364 144 381 tionem.

74 1012 143 1034 Tertio,

59 1036 117 1079 (Luoad
130 1040 160 1059 gu-

77 1061 156 1079 ornatio-

86 1088 135 1102 nem.

0 2083 7 2097 ’Ψ
51 2084 170 2104 introductio.

0 3270 2 3326 ᾼἾ
0 3123 8 3259 -Ἵ-.
1 3092 3 3096 .
1 2971 4 3073 -,,.-,-
0 2764 5 2952 ῴ.-,...-
3 2734 5 2743 ,

57 2411 105 2438 νει-ἰ.
113 2411 164 2430 salo·

57 2440 115 2461 11101115
128 2437 166 2453 Ues

46 2460 174 2486 proprietates.

644 186 684 214 DE
707 186 910 215 ASSUMTIONE
932 187 958 215 Β.
982 187 1122 215 VIRGINIS
1143 188 1270 216 MARIAE.
1293 189 1402 218 SERMO
1424 190 1462 218 Ill.

262 262 335 290 Luci
345 262 425 291 etiam
441 266 615 300 comparata
629 266 756 292 aeternae
769 264 916 300 sapientiae
928 265 1026 293 ceteris

184 309 319 337 creaturis
334 313 374 338 est
388 310 566 346 praeclarior,
581 311 654 346 qnia,
670 311 741 339 sicut
756 311 830 346 (lux)
845 311 936 339 divina
954 314 1026 339 tran-

183 355 287 384 scendit
307 356 399 384 omnia
421 360 554 393 quantum
576 357 609 385 ad
631 357 753 385 omnium
778 357 966 394 cognitionem
988 374 1026 377 —-

183 402 248 439 quia
262 403 353 430 omnia
364 403 598 439 perspicacissime
613 403 746 437 intuetur,
760 404 839 432 iuxta
852 404 920 432 illud
932 404 1027 432 Danie-

184 449 215 477 lis
236 449 356 477 secundo
372 451 398 476 ¹:
424 450 486 485 lpse
506 450 586 478 novit
606 450 635 478 in
659 449 780 478 tenebris
808 450 979 483 constituta,
1002 454 1026 478 et

183 495 234 523 lux
255 503 321 523 cum
342 504 372 523 eo
394 500 452 528 est,-
473 496 650 525 Ecclesiastici
673 497 803 533 vigesimo
826 497 920 525 tertio:
943 496 1027 525 Oculi

185 541 302 569 Domini
315 542 405 569 mullo
419 542 485 579 plus
501 542 656 571 lucidiores
670 547 738 571 sunt
752 551 841 579 super
857 543 953 576 solem,
968 543 1025 571 cir-

183 588 401 624 cumspicientes
422 597 518 617 omnes
539 590 604 618 vias
619 588 770 618 hominum
797 594 821 617 et
839 589 1025 626 profundum

183 634 284 672 abyssi
303 639 328 663 et
349 634 498 663 hominum
521 637 612 664 eorda
635 637 773 664 intuentes
794 637 826 664 in
841 636 1026 664 absconditas

179 684 298 718 partes;
316 685 342 710 et
358 682 424 710 illud
441 682 558 711 Danielis
572 683 677 711 decimo
694 683 787 711 tertio:
807 683 881 710 Deus
896 686 1024 716 aeterne,

182 728 234 766 qui
254 728 490 757 absconditorum
519 738 548 757 es
575 730 715 766 coynitor,
745 729 796 767 qui
817 730 893 757 nosti
914 730 1024 763 onmia,

183 777 338 811 antequam
361 774 435 811 fiant
450 791 486 796 —-
502 776 540 804 sic
561 775 613 803 ista
636 775 749 803 Domina
763 778 898 811 quantum
920 775 951 803 ad
975 775 1026 803 hoc

182 820 289 849 divinae
304 822 452 858 sapientiae
467 825 640 858 comparata
653 822 792 850 invenitur
810 822 902 857 prior.
920 821 979 850 Ideo
993 822 1026 850 de

182 867 241 904 ipsa
263 871 351 904 potest
371 868 422 896 dIci
446 868 537 903 (illud)
552 869 705 904 Sapientiae
726 871 805 896 sexto
821 868 847 895 2:
869 868 980 895 Ponam
997 868 1027 895 in

183 913 273 942 lucem
294 915 446 942 seientiam
468 914 556 942 illius.

261 961 334 989 Luci
353 964 481 989 aeternae
502 961 680 989 nihilominus
695 964 879 997 comparata,
895 960 1028 997 sapientia

183 1008 282 1036 ceteris
296 1008 432 1036 creaturis
446 1010 488 1036 est
506 1007 682 1044 praeclarior,
697 1007 772 1044 quia,
787 1007 858 1035 sicut
873 1008 923 1035 lux
936 1007 1028 1035 divina

184 1054 351 1083 transcendit
372 1054 464 1082 onmia
485 1057 619 1090 quantum
643 1053 674 1081 ad
697 1054 819 1082 omnium
841 1053 1028 1091 gubernatio-

182 1109 246 1128 nem
262 1104 288 1128 et
302 1100 479 1129 directionem
496 1116 532 1120 —
550 1101 627 1128 iuxta
642 1100 708 1128 illud
725 1100 807 1129 Isaiae
819 1100 1028 1137 quadragesimo

184 1155 255 1175 nono
270 1147 296 1174 ³:
315 1147 386 1175 Dedi
407 1151 430 1174 te
451 1147 482 1174 in
498 1146 589 1174 lucem
602 1147 743 1183 gentium,
758 1151 790 1174 ut
803 1147 845 1175 sis
866 1147 949 1174 salus
963 1155 1028 1175 mea

184 1202 274 1231 usque
295 1193 335 1221 ad
356 1197 517 1221 extremum
550 1196 662 1226 terrae,·
685 1197 797 1229 propter
826 1193 899 1230 quod
926 1193 1027 1222 dicitur

184 1241 272 1268 Lucae
293 1240 397 1276 primo:
421 1239 593 1268 Jllumz'nare
614 1239 660 1268 liis
681 1240 733 1277 qui
753 1240 782 1267 in
805 1240 927 1268 tenebris
952 1244 976 1268 et
997 1240 1028 1268 in.

183 1286 290 1314 umbra
312 1286 413 1314 mortis
434 1286 539 1320 sedent,
562 1286 601 1314 ad
621 1286 789 1323 (liriyemlos
808 1287 893 1323 perles
913 1290 1028 1315 nostros

183 1333 214 1361 in
235 1333 315 1362 viam
337 1333 422 1370 pacis
436 1349 474 1352 —
489 1333 527 1362 sic
545 1333 628 1369 Virgo
650 1333 728 1361 beata
749 1336 883 1370 quantum
905 1333 937 1361 ad
960 1333 1027 1361 illud

185 1380 352 1409 transcendit
372 1381 478 1413 omnia;
505 1383 617 1416 propter
646 1380 718 1416 quod
745 1379 846 1408 dicitur
875 1379 1027 1415 Sapientiae

184 1427 314 1463 septimo:
332 1426 479 1463 Proposui
496 1434 553 1463 pro
569 1426 629 1454 lucc
650 1425 753 1454 ltaberc
775 1425 874 1458 utam,-
888 1426 1027 1463 quoniam

183 1473 419 1510 inexstinyuibile
439 1477 479 1501 est
511 1473 605 1501 lumen
638 1472 725 1501 illius.
748 1473 830 1506 Item,
853 1473 934 1501 isaiae
960 1480 1027 1509 qua-

183 1520 338 1557 dragesimo
360 1520 479 1548 secundo
494 1520 521 1547 ⁴¹:
547 1520 617 1547 Dedi
641 1523 664 1547 te
685 1520 716 1547 in
735 1519 838 1556 foedus
856 1519 974 1556 populi,
996 1519 1028 1547 in

184 1566 274 1595 lucem
295 1567 442 1603 gyentium„
469 1570 500 1594 ut
532 1566 663 1603 aperires
691 1566 788 1594 oculos
820 1574 972 1594 caecorum
1004 1568 1027 1593 et

184 1614 317 1643 educeres
339 1615 372 1642 de
393 1613 574 1642 conclusione
598 1613 736 1642 vinctum.
758 1613 835 1649 Quod
864 1613 922 1649 ipsa
949 1613 1028 1641 nobis

183 1661 241 1690 suis
263 1661 391 1698 precibus
412 1661 533 1689 obtineat
554 1660 625 1696 apud
649 1668 711 1688 eum
733 1660 779 1697 qui
803 1660 861 1688 sine
888 1660 940 1688 [ine
962 1659 1028 1687 vivit

184 1711 211 1737 et
232 1711 328 1745 regnat
348 1716 398 1744 per
419 1708 511 1736 omnia
533 1707 641 1735 saecula
663 1707 846 1735 saeculorum.
869 1707 962 1735 Amen.

514 1802 605 1829 Sanno
626 1801 657 1829 III
672 1801 691 1828 ⁵.

263 1894 401 1923 Surrexit
423 1902 475 1922 rex
496 1894 527 1922 in
548 1901 703 1922 occursum
724 1893 821 1921 matris
839 1893 1030 1930 adoravitque

185 1949 266 1975 eam,
279 1941 448 1978 positusque
463 1944 502 1968 est
518 1939 640 1968 thronus
655 1940 747 1968 matri
761 1940 853 1977 repis,
868 1947 943 1977 quae
956 1939 1031 1967 sedit

185 1989 225 2017 ad
245 1988 394 2016 dexteram
415 1987 494 2020 eius,
517 1987 589 2015 tertii
612 1987 715 2023 Regum
738 1986 858 2014 secundo
872 1986 891 2013 ⁶.

263 2035 350 2071 Quam
385 2034 527 2070 multiplici
557 2033 647 2069 figura
674 2033 799 2061 Salomon
828 2033 872 2061 ille
903 2035 1029 2061 nostrum

188 2081 316 2118 respiciat
336 2081 518 2113 Salomonem,
540 2083 614 2116 patet
635 2087 683 2116 per
705 2079 886 2116 Augustinum
908 2079 941 2107 de
959 2079 1029 2107 Civi-

187 2132 242 2157 tate
266 2128 321 2162 Dei,
343 2128 448 2156 decimo
462 2127 579 2163 septimo
594 2126 620 2154 ⁷:
647 2137 659 2151 «
675 2126 759 2162 Quae,
781 2126 879 2162 inquit,
901 2126 934 2154 de
955 2126 1029 2154 Salo-

187 2183 267 2203 mone
288 2175 420 2203 dicuntur
441 2174 489 2202 soli
519 2173 628 2201 Christo
649 2173 830 2206 conveniunt,
852 2172 919 2201 adeo
944 2176 975 2201 ut
1002 2173 1029 2201 in

186 2222 232 2250 illo
253 2222 343 2259 figura
364 2221 399 2250 sit
420 2220 600 2252 obumbrata,
622 2220 648 2247 in
678 2219 786 2247 Christo
814 2221 906 2247 autem
928 2219 1030 2248 veritas

188 2272 360 2305 praesentata
375 2280 401 2295 ».
424 2268 567 2304 Eleganter
598 2274 664 2302 ergo
684 2266 768 2294 verba
797 2267 936 2302 proposita
957 2266 1029 2294 trahi

188 2318 302 2353 possunt
323 2315 356 2343 ad
378 2315 576 2343 solemnitatem
600 2316 787 2350 praesentem,
809 2321 891 2349 quam
917 2313 951 2341 ad
975 2314 1030 2341 Ma-

188 2362 238 2391 tris
259 2361 420 2395 Salomonis,
436 2361 544 2394 Mariae,
559 2360 673 2397 gloriam
688 2360 867 2388 celebramus.
885 2360 942 2396 Ipse
957 2360 1028 2388 enim

188 2411 230 2437 est
250 2409 295 2437 ille
312 2409 437 2436 Salomon
452 2407 687 2444 sapientissimus
701 2406 774 2434 omni
791 2406 932 2442 sapientia,
947 2407 1030 2435 immo

188 2455 325 2492 Sapientia
346 2455 390 2483 illa
412 2454 511 2487 Patris,
533 2462 549 2481 a
570 2461 625 2490 quo
645 2453 768 2481 omnium
790 2453 922 2489 sapientia
943 2456 968 2481 et
990 2453 1030 2481 in-

189 2502 313 2530 tellectus
335 2501 360 2529 in
384 2500 513 2537 angelicis
534 2500 677 2536 spiritibus
704 2503 730 2527 et
752 2499 887 2527 humanis.
911 2499 968 2536 lpse
989 2501 1031 2528 est

1869 194 1924 223 693

1082 265 1127 293 ille
1145 265 1299 302 pacificus,
1321 266 1405 295 immo
1423 276 1486 304 pax
1507 272 1619 303 nostra,
1641 270 1693 307 qui
1712 269 1781 307 feeit
1801 274 1925 309 utraque

1083 320 1175 339 unum
1191 312 1201 328 ⁸
1229 316 1255 341 et
1283 313 1424 349 antiquam
1448 314 1610 343 discordiam
1635 317 1779 353 sanquine
1799 316 1924 354 foederis

1083 358 1265 387 concordavit.
1288 359 1346 395 lpse
1361 363 1401 388 est
1417 368 1467 388 rex
1489 361 1533 389 ille
1547 362 1733 399 maqnificus,
1755 364 1840 392 cuius
1861 365 1924 393 vul-

1083 407 1144 432 tum
1171 404 1316 433 desiderat
1344 406 1483 434 universa
1511 410 1608 441 terra,
1631 409 1714 437 Mater
1742 410 1802 438 eius
1830 411 1922 439 Maria.

1084 450 1212 479 Dicamus
1243 458 1327 487 ergo:
1361 451 1496 481 Sui-rexit
1531 462 1583 481 reae
1616 454 1646 482 in
1681 463 1833 484 occursum
1867 465 1924 485 ma-

1082 497 1133 524 tris
1154 501 1203 525 etc.

1160 544 1284 579 Quatuor
1307 545 1424 574 honores
1445 546 1641 576 describuntur
1662 549 1689 577 in
1711 550 1802 578 verbis
1824 558 1923 587 propo-

1082 589 1156 623 sitis,
1178 591 1280 627 quibus
1303 592 1382 620 hodie
1404 593 1488 621 Mater
1511 594 1566 628 Dei,
1589 596 1680 629 Maria,
1703 596 1728 623 in
1745 604 1795 624 sna
1815 605 1922 626 assum-

1084 636 1154 664 tione
1176 637 1227 665 t'uit
1248 638 1405 667 solemniter
1420 640 1567 674 honorata;
1589 644 1615 669 et
1636 642 1662 669 hi
1678 646 1758 670 sunt:
1780 644 1922 680 magnifica

1082 682 1223 717 obviatio,
1245 685 1310 720 quia
1334 686 1464 713 surrexit
1491 695 1543 714 reae
1570 687 1601 715 in
1629 696 1783 717 occursum
1811 691 1922 725 matris;

1082 729 1240 758 dulcissima
1260 734 1343 768 atque
1365 732 1541 762 blandissima
1555 735 1686 771 receptio,
1701 736 1766 772 quia
1787 736 1924 765 adoravit

1083 784 1164 810 eam,·
1188 777 1277 806 littera
1298 778 1401 815 losephi
1424 779 1504 808 dicit:
1526 784 1550 808 et
1577 781 1761 818 amplexatus
1782 786 1822 811 est
1841 792 1923 817 eam;

1083 822 1241 859 dignissima
1255 823 1478 859 inthronizat&
1494 826 1528 854 ibi
1541 837 1546 854 ε
1565 827 1733 866 positusque
1747 834 1787 857 est
1802 829 1924 858 thronus

1084 870 1175 897 matri
1194 870 1289 906 reyis;
1314 871 1469 900 immediata
1500 873 1602 901 locatio
1630 875 1686 902 sive
1715 876 1923 913 propinquatio,

1083 916 1136 944 ibi:
1158 919 1185 944 et
1205 916 1277 944 sedit
1304 917 1344 944 ad
1371 917 1519 947 (lexteram
1540 920 1610 947 eius.
1639 921 1707 956 Quid
1738 922 1795 950 istis
1825 922 1924 951 addere

1084 970 1245 998 possumus,
1260 962 1381 992 fratres?
1400 976 1412 988 «
1429 965 1531 999 Fateor,
1554 966 1643 1002 inquit
1665 967 1818 996 Bernardus
1833 969 1852 1002 ⁹,
1874 969 1924 997 im-

1085 1008 1209 1044 peritiam
1234 1017 1335 1044 meam,
1358 1011 1607 1046 pusillanimitatem
1631 1014 1769 1050 propriam
1789 1022 1841 1042 non
1863 1015 1925 1043 abs—

1084 1055 1178 1082 condo.
1201 1056 1257 1083 Non
1280 1059 1320 1084 est
1341 1057 1451 1093 quidem
1474 1058 1547 1094 quod
1569 1066 1613 1087 me
1635 1060 1720 1096 magis
1734 1060 1861 1094 delectet,
1877 1061 1925 1089 sed

1084 1109 1134 1129 nec
1155 1102 1228 1138 quod
1251 1105 1353 1131 terreat
1369 1104 1469 1140 magis,
1485 1113 1567 1141 quam
1588 1106 1621 1134 de
1636 1106 1722 1142 gloria
1737 1107 1855 1143 Virginis
1870 1107 1924 1135 Ma-

1085 1148 1135 1176 tris
1150 1148 1251 1176 habere
1272 1156 1425 1178 sermonem
1441 1162 1467 1178 ».
1489 1151 1543 1179 Hoc
1558 1152 1641 1188 igitur
1656 1153 1682 1180 in
1704 1153 1838 1189 principio
1859 1161 1923 1190 supss

1085 1203 1227 1230 ponamus,
1243 1196 1315 1232 quod
1331 1196 1464 1233 quidquid
1478 1197 1565 1226 laudis
1579 1199 1679 1227 dicitnr
1694 1200 1727 1228 de
1741 1200 1820 1228 beata
1831 1201 1923 1235 Maria,

1085 1250 1137 1270 non
1162 1242 1336 1278 hyperbolice
1357 1242 1467 1277 diCitur,
1482 1244 1527 1272 sed
1543 1244 1689 1279 defective,
1709 1246 1788 1274 iuxta
1808 1247 1923 1275 verbum

1085 1288 1154 1317 beati
1171 1288 1342 1325 Hieronymi:
1369 1301 1382 1314 α
1397 1290 1535 1327 Quidquid
1552 1291 1679 1320 humanis
1693 1292 1744 1321 dici
1761 1296 1849 1329 potest
1865 1301 1925 1322 ver.-

1084 1335 1141 1369 bis,
1164 1335 1256 1363 minus
1275 1338 1316 1363 est
1337 1344 1352 1364 a
1373 1336 1453 1365 laude
1475 1337 1520 1365 Dei
1538 1349 1563 1365 n.

1165 1382 1180 1409 l.
1204 1382 1311 1410 Primus
1331 1390 1396 1419 ergo
1412 1383 1499 1411 honor
1514 1387 1555 1412 est
1569 1384 1694 1413 obviatio
1708 1386 1818 1414 summi
1832 1387 1923 1423 Regis.

1084 1428 1200 1456 Omnino
1222 1429 1293 1457 enlm
1317 1429 1482 1458 credendum
1505 1433 1545 1458 est
1569 1434 1596 1459 et
1623 1431 1780 1460 nullatenus
1801 1432 1925 1461 dubitan-

1083 1475 1162 1507 dum,
1185 1475 1250 1511 quin
1275 1475 1353 1503 hodie
1375 1476 1487 1505 solemni
1519 1477 1692 1512 processione
1722 1478 1862 1506 obviatum
1891 1479 1925 1507 sit

1084 1521 1187 1558 Virgini
1209 1522 1363 1549 ascendenti
1386 1530 1438 1550 non
1461 1523 1549 1551 solum
1571 1531 1586 1550 a
1601 1524 1686 1560 Repe,
1703 1532 1798 1553 verum
1814 1525 1893 1553 etiam
1909 1533 1925 1553 a

1085 1571 1140 1596 tota
1155 1568 1242 1596 curia
1256 1568 1376 1596 caelesti.
1392 1585 1429 1588 —
1446 1569 1604 1597 Praevolant
1618 1570 1709 1606 Angeli
1725 1570 1817 1599 videre
1838 1571 1925 1599 domi-

1085 1623 1147 1642 nam
1169 1622 1262 1648 suam;
1281 1614 1411 1643 desiliunt
1425 1615 1597 1644 Patriarchae
1613 1616 1704 1645 videre
1726 1616 1807 1644 filiam
1830 1625 1923 1651 suam;

1085 1663 1237 1690 occurrunt
1251 1661 1367 1697 Apostoli
1385 1661 1475 1690 videre
1491 1662 1646 1699 magistram
1662 1671 1755 1697 suam;
1772 1664 1925 1692 accelerant

1085 1708 1218 1744 Martyres
1233 1708 1326 1736 videre
1340 1708 1556 1737 exhortatricem
1572 1717 1664 1743 suam;
1687 1710 1800 1738 irruunt
1814 1710 1924 1738 marita-

1086 1758 1129 1783 tae
1150 1758 1176 1783 et
1197 1755 1295 1783 viduae
1309 1755 1431 1791 aspicere
1452 1756 1551 1783 sociam
1567 1759 1593 1784 et
1608 1764 1730 1784 sororem
1752 1765 1845 1790 suam;
1861 1764 1925 1785 con-

1086 1801 1178 1830 fluunt
1208 1809 1370 1830 consorores
1401 1802 1493 1830 videre
1526 1803 1672 1838 praelatam
1701 1806 1728 1831 et
1759 1803 1925 1831 abbatissam

1087 1855 1174 1881 suam,
1195 1851 1227 1876 ut
1243 1848 1406 1876 iustificetur
1421 1848 1487 1876 illud
1504 1848 1680 1877 Ecclesiastici
1697 1849 1827 1885 vigesimo
1841 1857 1925 1886 quar-

1086 1898 1114 1923 to
1130 1895 1167 1923 ¹⁰:
1194 1895 1226 1923 Et
1247 1895 1277 1923 in
1303 1894 1480 1931 plenitudine
1502 1895 1675 1923 Sanctorum
1697 1895 1815 1924 detentio
1843 1904 1925 1928 mea,-

1086 1945 1113 1970 et
1134 1941 1205 1978 quod
1229 1941 1329 1976 legitur
1351 1941 1440 1969 Iudith
1462 1941 1566 1970 decimo
1588 1942 1683 1970 tertio:
1707 1942 1925 1970 Coneurrerunt

1087 1989 1126 2016 acl
1147 1996 1210 2016 eam
1233 1996 1329 2015 omnes
1350 1996 1369 2015 a
1390 1988 1510 2016 minimo
1532 1996 1621 2025 usque
1642 1989 1681 2016 acl
1701 1988 1873 2016 maximum.
1892 1990 1927 2017 Et

1086 2035 1268 2063 accendentes
1289 2034 1454 2062 luminaria
1482 2038 1730 2072 conyreyaverunt
1753 2035 1834 2063 eirca
1861 2044 1926 2063 eam

1087 2081 1225 2109 universi.
1247 2081 1388 2114 Lauclate,
1410 2081 1499 2117 inquit
1520 2081 1573 2115 illa,
1597 2081 1751 2109 Dominum
1776 2082 1865 2110 Deum
1878 2090 1926 2110 no-

1085 2132 1192 2161 strum,
1214 2127 1335 2165 quinon
1349 2128 1474 2155 deseruit
1488 2131 1636 2164 sperantes
1651 2128 1681 2156 in
1701 2137 1747 2161 se;
1768 2132 1792 2156 ct
1813 2129 1843 2156 in
1864 2137 1924 2162 me,

1086 2174 1195 2202 ancilla
1216 2182 1283 2207 sua,
1305 2174 1472 2210 adimplevit
1486 2174 1718 2202 misericordiam
1739 2183 1834 2203 suam.
1850 2175 1925 2203 Unde

1086 2221 1183 2249 beatus
1205 2220 1359 2249 Bernardus
1374 2221 1395 2237 1¹
1408 2231 1412 2248 :
1440 2231 1453 2245 «
1468 2220 1563 2249 Merito
1584 2221 1610 2249 in
1626 2224 1652 2249 te
1667 2221 1817 2257 respiciunt
1830 2229 1924 2250 omnes

1086 2271 1245 2301 creaturae,
1267 2267 1332 2303 quia
1354 2275 1402 2303 per
1424 2270 1449 2295 te
1471 2270 1497 2295 et
1511 2267 1544 2295 de
1565 2270 1591 2296 te
1607 2275 1704 2295 manus
1725 2267 1924 2304 Omnipotentis

1087 2314 1220 2351 quidquid
1242 2314 1353 2347 creavit,
1369 2314 1540 2342 recreavit».
1557 2330 1592 2333 -
1608 2314 1709 2342 Verum
1726 2314 1859 2350 quidquid
1881 2322 1924 2342 re-

1089 2360 1226 2389 verentiae
1240 2360 1314 2396 ipsae
1328 2360 1469 2388 conferant
1483 2363 1635 2394 creaturae,
1648 2360 1715 2388 nihil
1729 2362 1770 2388 est
1784 2368 1925 2396 compara-

1087 2407 1159 2435 tione
1174 2406 1418 2442 superexcellentis
1434 2406 1554 2440 honoris,
1576 2414 1658 2443 quem
1673 2406 1778 2434 confert
1799 2407 1821 2435 ei
1844 2406 1925 2435 Crea-

1087 2456 1138 2481 tor.
1160 2452 1288 2481 Occurrit
1309 2453 1379 2481 enim
1396 2456 1452 2481 tota
1465 2453 1591 2487 Trinitas,
1613 2453 1661 2481 etsi
1678 2461 1730 2481 non
1747 2456 1823 2481 motu
1838 2453 1925 2487 locali,

1087 2502 1176 2527 tamen
1196 2499 1339 2527 influentia
1353 2499 1510 2533 favorabili,
1525 2499 1627 2528 laetitia
1641 2499 1782 2536 prinprali
1799 2502 1826 2528 et
1839 2500 1926 2536 gloria

253 2657 260 2670 ¹
279 2658 344 2679 Vers.
362 2658 403 2685 2&
420 2660 548 2685 sequuntur
565 2656 631 2678 Eccli.
649 2656 687 2682 ⁴23,
705 2656 741 2677 28.
758 2659 779 2678 et
797 2656 851 2678 Dan.
871 2657 906 2683 13,
925 2656 961 2678 442.

252 2696 261 2709 ²
279 2697 344 2718 Vers.
361 2695 398 2718 24.

252 2734 261 2747 ³
280 2736 344 2757 Vers.
362 2736 387 2761 (ἐς
405 2738 532 2763 sequuntur
549 2734 602 2756 Luc.
624 2734 641 2759 1,
658 2734 695 2755 79.
713 2736 734 2755 et
751 2734 805 2761 Sap.
821 2734 844 2760 7,
862 2734 899 2756 10.

253 2774 262 2786 ⁴
280 2774 346 2796 Vers.
364 2775 386 2795 6.
403 2779 452 2801 seq.

253 2812 262 2824 ⁵
279 2813 319 2835 Hic
336 2818 412 2834 sermo
430 2811 526 2833 habetur
547 2811 569 2832 in
590 2810 693 2833 bibli0th.
715 2811 843 2833 Monasterii
859 2810 1030 2837 Gottudcensis,

191 2851 319 2876 cod-‚saed
337 2851 396 2872 XIV.
414 2850 472 2872 circa
491 2849 601 2877 medium,
620 2848 717 2871 membr.
742 2849 801 2876 sign.
818 2849 870 2871 cod.
891 2849 940 2871 177.
958 2848 1031 2877 (²2¹6),

192 2890 228 2911 fol.
245 2890 290 2911 c205
308 2889 331 2911 in
349 2889 399 2911 siue.
416 2889 466 2910 Post
483 2889 558 2909 thema
571 2887 685 2909 interiecta
698 2890 750 2909 sunt
761 2887 808 2909 duo
820 2887 869 2909 folia
882 2887 910 2909 ad
925 2893 973 2909 rem
986 2893 1030 2908 non

192 2928 338 2956 pertinentia;
356 2928 439 2949 deinde
455 2932 531 2949 sermo
549 2926 665 2948 continuat
682 2926 720 2949 fol.
735 2926 778 2948 208
791 2932 809 2947 r.
826 2926 942 2953 Inscriptio
953 2928 987 2947 est
999 2926 1031 2947 De

196 2966 301 2996 Viryine,
319 2966 389 2989 verba
408 2966 430 2987 in
448 2965 505 2987 fine:
524 2964 627 2994 Explicit
642 2970 720 2987 sermo
736 2964 820 2993 fratris
838 2965 1008 2987 Bomventure.

1148 2655 1158 2667 ⁶
1176 2656 1241 2677 Vers.
1261 2656 1294 2677 19.

1149 2693 1157 2706 ⁷
1175 2694 1203 2716 Ca
1224 2711 1229 2716 .
1248 2695 1268 2715 8.
1286 2701 1309 2716 n.
1327 2695 1348 2716 2.

1148 2732 1157 2745 ⁸
1174 2701 1230 2760 Enii.
1249 2734 1274 2760 2,
1296 2733 1333 2760 143
1350 2733 1470 2760 respicitur
1488 2734 1557 2755 Exod.
1578 2733 1618 2760 24,
1641 2734 1666 2760 8;
1689 2734 1791 2761 sequimi·
1814 2734 1845 2755 lll.
1868 2734 1924 2761 Reg.

1089 2772 1129 2799 10,
1148 2771 1183 2793 24.

1148 2808 1157 2821 ⁹
1175 2810 1247 2831 Serm.
1265 2810 1287 2831 4.
1305 2810 1325 2831 in
1343 2810 1441 2832 Assumt.
1461 2811 1483 2831 Β.
1502 2811 1527 2831 V.
1545 2811 1572 2832 111.
1591 2817 1612 2832 n.
1629 2811 1650 2832 5.
1668 2822 1696 2826 —
1717 2810 1824 2838 Sequitur
1846 2814 1925 2832 auctor

1086 2855 1154 2871 serm.
1172 2849 1201 2870 de
1218 2850 1316 2870 Assnmt.
1334 2849 1357 2870 B.
1377 2849 1404 2870 V.
1422 2849 1448 2870 M.
1467 2848 1533 2877 (inter
1550 2855 1619 2876 opera
1642 2849 1743 2877 Hieron.)
1765 2855 1784 2870 c.
1806 2850 1827 2876 5,
1846 2848 1884 2871 ubi
1902 2849 1924 2871 in

1087 2888 1132 2909 fine
1150 2893 1192 2914 pro
1209 2886 1278 2909 laude
1295 2886 1337 2909 Dei
1353 2889 1425 2909 textus
1442 2887 1558 2914 originalis
1574 2887 1628 2915 legit
1644 2886 1713 2909 lande
1730 2886 1795 2909 caeli.

1150 2924 1169 2938 ¹⁰
1187 2926 1250 2947 Vers.
1272 2926 1309 2952 163
1326 2926 1429 2954 seqnitur
1447 2926 1517 2948 Iudith
1537 2927 1573 2952 13,
1591 2926 1665 2948 115-18.

1150 2963 1168 2976 ¹¹
1185 2964 1259 2985 Serm.
1276 2965 1295 2985 2⁴
1314 2964 1335 2985 in
1355 2965 1442 2987 Pentec.
1458 2971 1482 2986 n.
1501 2965 1521 2987 4.

1938 651 2017 669 Divisio.

1942 1160 2055 1179 Notandum.

1965 1394 2010 1412 Pars
2022 1394 2035 1412 I.

1957 1417 2042 1435 Obviatio

1941 1440 2007 1458 summi
2022 1440 2058 1458 Re·

1982 1464 2017 1486 gis.

1941 1625 2026 1644 Ohviatio
2038 1630 2070 1644 cu-

1950 1649 1989 1667 riae
2001 1648 2062 1667 caele-

1981 1672 2021 1690 stis.

1965 2319 2050 2337 Obriatio

1941 2342 2000 2366 ipsius
2011 2342 2071 2368 UCrea-

1981 2367 2032 2383 toris.
