2308 3358
374 178 427 206 vul
1156 177 1341 206 PRAEFA'rio.

374 256 474 302 quod
494 256 721 302 opusculum
742 256 865 290 media
882 261 1003 290 aetate
1019 256 1127 290 valde
1148 256 1183 289 in
1205 267 1274 302 usu
1294 260 1389 301 erat,
1409 255 1572 301 denique
1592 255 1774 302 Speculum
1792 260 1905 294 maius
1921 259 1967 294 B.
1983 259 2124 294 illariae

380 314 548 362 Vityz'm's,
576 316 760 362 scriptum
787 328 809 349 a
836 314 948 349 fratre
975 315 1144 349 Conrado
1171 315 1215 348 de
1243 314 1422 360 Saxonia3
1451 319 1488 348 ct
1513 314 1670 350 fortasse
1696 317 1809 351 etiam
1828 319 2011 364 quaedam
2038 317 2122 352 alia.

467 374 684 409 Memoriam
705 375 868 421 denique
892 380 1035 409 moesto
1062 374 1175 408 simul
1194 379 1231 408 et
1248 379 1356 419 grato
1374 374 1500 408 animo
1520 373 1704 409 faciamus
1723 375 1920 412 confratris
1939 376 2124 412 carissimi

373 440 409 468 et
434 446 501 480 per
528 433 667 468 multos
693 446 813 468 annos
839 433 1019 468 indefessi
1047 433 1339 478 collaboratoris,
1360 432 1400 467 P.
1420 431 1632 478 Hyacinthi
1659 432 1808 468 Deimel
1828 434 1869 469 Ο.
1888 434 1928 470 F.
1948 435 2007 481 M.,
2029 435 2124 471 Sub-

372 492 553 539 praefecti
572 494 690 527 nostri
706 492 878 538 Collegii,
895 493 959 539 qui
976 493 1035 527 die
1055 492 1308 527 28F01u-uarii
1327 492 1416 526 anni
1432 492 1523 527 1900
1541 493 1604 538 pia
1623 497 1741 527 morte
1760 493 1869 528 nobis
1888 500 2038 540 ereptus
2057 499 2123 529 cst.

466 551 522 586 Ex
550 552 707 586 honesta
733 551 880 586 familia
906 557 1016 586 natus
1042 548 1103 586 est¹
1123 550 1184 586 an.
1211 552 1301 586 1838
1329 550 1388 585 die
1415 551 1459 585 26
1483 551 1716 597 Septembris
1734 551 1934 597 Briloniae⁷
1955 565 2049 599 quae
2069 557 2125 587 est

372 611 506 645 civitas
533 610 766 645 westfaliae.
804 611 836 645 A
872 612 1069 645 iuventute
1105 611 1166 656 pie
1201 611 1392 655 educatus,
1420 611 1545 645 studia
1579 611 1827 646 humanitatis
1860 611 2056 646 inchoavit
2085 612 2124 646 in

371 671 572 716 gymnasio
599 670 741 716 patriae
770 675 807 704 et
833 670 1072 705 continuavit
1097 669 1373 716 WVarendorpii.
1402 671 1434 705 A
1466 670 1571 704 Patre
1598 670 1787 706 luminum
1821 671 1867 705 ad
1901 671 2036 706 altiora
2061 684 2125 706 vo-

371 735 486 773 catus,
517 729 533 763 1
562 728 650 763 Maii
679 729 769 764 1856
802 729 974 763 habitum
1011 730 1127 764 nostri
1161 728 1314 764 Ordinis
1347 730 1525 764 assumsit
1551 728 1826 776 Warendorpii,
1862 730 1901 763 in
1936 730 2125 764 novitiatu

370 789 592 824 Provinciae
628 788 811 824 Saxoniae
838 788 872 824 S.
900 788 1040 834 Crucis⁷
1068 794 1181 835 atquc.
1213 788 1340 824 subito
1372 802 1501 823 verum
1529 802 1567 823 sc
1594 788 1627 824 S.
1656 788 1847 823 Francisci
1873 789 1996 824 filium
2023 802 2125 824 com-

370 848 558 893 probabat
584 848 748 894 puritate
776 848 875 882 vitae
902 854 938 882 ct
963 848 1108 882 ardenti
1136 848 1380 894 perfectionis
1413 848 1665 894 acquirendae
1700 848 1835 883 studio.
1864 848 1955 883 Post
1982 847 2124 894 profes-

370 908 513 942 sionem
542 908 664 953 primo
688 920 725 942 se
752 907 907 941 tradidit
932 907 1068 941 studiis
1088 907 1364 953 philosophicis
1382 912 1419 941 et
1437 907 1663 953 theologicis
1684 906 1953 953 Paderbornae,
1976 907 2122 953 deinde,

370 980 456 1001 cum
475 967 672 1001 luculenta
689 967 734 1001 ad
755 966 880 1001 studia
898 966 1031 1001 altiora
1049 966 1368 1012 apprehendenda
1387 973 1424 1000 et
1439 966 1607 1001 docenda
1626 967 1767 1001 iudicia
1786 972 2021 1013 monstraret,
2039 967 2125 1001 mis-

369 1038 432 1061 sus
459 1032 515 1061 est
541 1027 578 1060 in
606 1026 801 1072 Belgicam
823 1025 1074 1071 Provinciam,
1094 1031 1137 1060 ut
1155 1026 1207 1060 ibi
1229 1026 1382 1060 biennio
1409 1026 1539 1060 eadem
1566 1026 1691 1060 studia
1710 1027 1745 1060 in
1768 1031 1960 1061 conventu
1979 1025 2012 1061 S.
2033 1026 2125 1062 Tru-

369 1086 478 1120 donis
504 1090 802 1132 prosequeretur.
830 1085 1043 1120 Revoscatus
1069 1087 1106 1119 in
1135 1086 1327 1131 propriam
1353 1085 1604 1130 Provinciam,
1632 1098 1730 1120 anno
1748 1085 1849 1120 ’1862
1877 1086 1936 1120 die
1961 1086 2005 1120 14
2022 1086 2123 1121 Iunii

369 1145 578 1180 sacerdotio
605 1145 776 1179 initiatus
803 1146 873 1179 est.
897 1143 1066 1179 Subinde
1093 1144 1362 1190 philosophiae
1384 1144 1532 1179 clericis
1566 1145 1703 1179 nostris
1729 1145 1932 1180 tradendae
1957 1145 2123 1180 officium

369 1203 545 1250 suscepit,
565 1204 676 1251 ¹quod
703 1204 883 1238 tredecim
919 1217 1104 1238 annorum
1131 1204 1290 1238 decursu
1317 1204 1419 1238 omni
1447 1204 1583 1238 virium
1611 1205 1853 1239 contentione
1887 1210 1924 1239 et
1957 1205 2124 1251 superio-

368 1277 451 1298 rum
470 1269 508 1298 et
525 1263 799 1309 discipulorum
827 1263 939 1297 laude
966 1268 1003 1297 et
1027 1263 1169 1309 plausu
1191 1268 1392 1297 exsecutus
1410 1267 1477 1297 est.
1496 1262 1550 1298 Eo
1568 1264 1642 1297 iam
1666 1268 1834 1309 tempore
1860 1264 2124 1310 philosophiae

369 1322 688 1358 Scholasticorum
717 1324 752 1357 in
780 1322 921 1357 scholis
942 1323 1079 1357 nostris
1106 1323 1371 1357 instaurandae
1391 1328 1468 1357 toto
1487 1323 1612 1357 studio
1631 1335 1783 1369 operam
1802 1323 1968 1358 navabat
1986 1328 2023 1358 et
2040 1324 2124 1370 phi-

367 1382 562 1429 losophiae
581 1394 743 1426 cursum,
764 1382 974 1416 doctrinam
1003 1381 1036 1416 S.
1057 1381 1223 1416 Thomae
1250 1382 1453 1427 praecipue
1479 1386 1641 1427 secutus,
1662 1382 1864 1428 diligenter
1886 1377 2027 1429 scripto
2051 1383 2124 1417 ela-

367 1442 525 1486 boravit,
554 1441 645 1476 licet
670 1441 783 1475 simul
811 1440 845 1476 S.
867 1440 1156 1475 Bonaventurae
1182 1446 1219 1474 et
1245 1440 1451 1474 Alexandri
1479 1439 1657 1475 Halensis
1683 1453 1795 1487 opera
1818 1443 1996 1476 continue
2023 1442 2123 1477 evol-

368 1502 473 1535 verit.
494 1500 586 1535 Cum
607 1500 692 1534 aliis
711 1500 823 1534 etiam
852 1499 1046 1533 laboribus
1072 1499 1222 1533 assidue
1248 1499 1469 1545 attenderet,
1489 1500 1657 1545 graviter
1677 1501 1889 1546 aegrotavit
1916 1505 1952 1535 et
1977 1513 2044 1547 per
2069 1506 2122 1536 to-

367 1566 444 1595 tam
473 1561 589 1594 vitam
617 1559 868 1593 imbecilliore
894 1563 973 1593 erat
999 1558 1228 1594 valetudine.

461 1619 523 1653 Ab
549 1631 647 1653 anno
676 1618 776 1664 1871,
805 1618 956 1665 quando
984 1617 1023 1653 P.
1051 1617 1195 1652 Fidelis
1220 1631 1241 1652 a
1266 1617 1398 1653 Fauna
1417 1618 1452 1652 b.
1472 1631 1520 1653 m.
1540 1631 1607 1665 pro
1634 1632 1732 1653 nova
1758 1631 1914 1665 operum
1941 1619 1975 1655 S.
2002 1619 2123 1655 Bona-

368 1684 546 1713 venturae
573 1678 739 1712 editione
766 1678 1025 1724 praeparanda
1052 1677 1220 1712 laborare
1247 1678 1402 1724 incepit,
1431 1676 1470 1712 P.
1494 1677 1739 1723 Hyacinthus
1765 1691 1833 1724 pro
1859 1691 1926 1713 suo
1953 1691 2043 1725 erga
2068 1691 2123 1714 se*

366 1738 565 1784 raphicuin
593 1737 793 1772 Doctorem
821 1750 946 1772 amore
972 1737 1061 1771 huic
1089 1736 1190 1771 Patri
1220 1737 1331 1771 variis
1356 1737 1537 1772 subsidiis
1564 1737 1773 1783 opitulatus
1808 1742 1874 1783 est,
1901 1739 2122 1784 praesertim

365 1797 403 1831 in
442 1797 635 1843 aliquibus
674 1796 868 1843 opusculis
906 1796 1166 1831 describendis
1206 1796 1265 1830 vel
1305 1809 1391 1830 cum
1431 1796 1542 1830 editis
1581 1795 1831 1831 conferendis.
1867 1797 1979 1832 Anno
2020 1798 2121 1844 1875,

365 1869 452 1891 cum
479 1856 516 1890 in
545 1856 721 1891 Borussia
745 1856 957 1902 persecutio
976 1855 1187 1901 Religiosos
1214 1856 1251 1889 in
1280 1855 1437 1890 exilium
1464 1856 1516 1889 ire
1543 1863 1704 1901 cogeret,
1724 1855 1825 1890 idem
1844 1855 1955 1890 Pater
1980 1869 2003 1891 a
2027 1856 2122 1892 Rmo

365 1914 406 1950 P.
435 1914 610 1951 Generali
636 1915 869 1950 Ber-nardino
895 1927 917 1949 a
944 1914 1059 1949 Portu
1085 1914 1288 1949 Romatino
1315 1914 1485 1949 delectus
1512 1918 1577 1960 est,
1606 1919 1648 1948 ut
1674 1914 1798 1949 socius
1823 1915 1972 1950 adesset
1997 1915 2038 1950 P.
2060 1915 2123 1950 Fi-

365 1974 441 2009 deli
467 1975 504 2009 in
534 1975 732 2009 visitandis
759 1974 983 2010 Germaniae
1010 1979 1047 2008 et
1073 1973 1248 2009 Austriae
1269 1973 1530 2019 bibliothecis3
1557 1986 1667 2020 porro
1686 1973 1778 2008 alibi
1796 1974 1835 2008 in
1858 1974 1989 2009 multis
2015 1975 2120 2022 locis,

365 2035 583 2080 praesertim
612 2034 774 2079 Parisiis,
803 2033 951 2079 Oxonii,
980 2033 1170 2068 Monachii
1198 2046 1284 2068 cum
1310 2033 1395 2068 aliis
1414 2033 1669 2068 confratribus
1691 2037 1841 2068 strenue
1869 2033 2056 2069 laboravit
2081 2035 2120 2069 in

364 2094 531 2140 antiquis
550 2094 820 2140 manuscriptis
834 2093 895 2127 vel
910 2093 1179 2139 describendis,
1196 2093 1256 2127 vel
1275 2092 1525 2127 conferendis.
1545 2092 1721 2128 Stabilito
1739 2105 1798 2127 an.
1821 2093 1910 2127 1879
1929 2105 1997 2139 pro
2015 2094 2122 2129 ador-

364 2153 489 2187 nanda
514 2165 613 2187 nova
639 2152 833 2199 Seraphici
859 2152 1034 2187 Doctoris
1061 2152 1226 2187 editione
1252 2151 1423 2195 Colle-irio
1450 2151 1484 2187 S.
1505 2151 1802 2197 Bonaventurae,
1831 2165 1916 2187 cum
1944 2152 2120 2198 pluribus

365 2211 541 2246 Patribus
567 2212 680 2246 etiam
704 2211 740 2246 P.
761 2211 1005 2258 Hyacinthus
1023 2212 1145 2246 eidem
1172 2216 1403 2257 aggregatus
1422 2215 1487 2257 est,
1508 2211 1547 2245 in
1566 2211 1673 2246 cuius
1692 2211 1845 2257 ingenio
1864 2216 1901 2245 et
1919 2211 2121 2258 diligentia

364 2270 583 2305 Praefectus
618 2270 790 2317 Collegit
818 2270 858 2305 P.
885 2270 1029 2305 Fidelis
1060 2285 1082 2305 a
1108 2270 1248 2316 Fauna,
1276 2282 1463 2305 suminam
1499 2282 1648 2316 semper
1680 2270 1860 2305 fiduciam
1895 2271 2118 2307 collocabat.

364 2329 460 2365 Cum
486 2331 562 2364 acri
590 2335 626 2364 et
651 2330 785 2365 subtili
812 2331 967 2376 ingenio
1002 2331 1245 2365 coniunctam
1281 2329 1447 2364 habebat
1473 2328 1715 2375 diligentiam
1742 2330 1856 2365 etiam
1884 2331 1922 2364 in
1950 2331 2120 2366 minimis

363 2390 685 2424 accuratissimam
713 2395 750 2423 et
776 2389 853 2423 fere
879 2390 1051 2435 anxiam,
1079 2389 1178 2423 unde
1205 2389 1243 2423 in
1272 2388 1383 2423 rebus
1401 2387 1622 2423 difficilibus
1643 2389 1702 2423 vel
1721 2389 1847 2424 dubiis
1866 2391 1931 2424 vix
1949 2389 2023 2425 sibi
2041 2389 2119 2425 suf-

363 2448 474 2483 ficere
499 2453 656 2494 poterat,
685 2461 759 2482 non
786 2460 936 2482 cessans
965 2448 1161 2483 volumina
1186 2447 1389 2493 revolvere,
1417 2453 1459 2482 ut
1485 2452 1606 2482 tutam
1633 2449 1740 2495 sequi
1770 2455 1897 2494 posset
1922 2449 2117 2484 rationem.

364 2506 495 2541 Miram
523 2519 674 2553 prorsus
708 2507 969 2541 assiduitatem
997 2513 1034 2541 et
1060 2507 1283 2553 patientiam
1316 2506 1496 2541 adhibuit
1530 2508 1567 2541 in
1603 2508 1840 2553 inquirendis
1875 2513 1912 2542 et
1944 2515 2119 2543 accurate

364 2566 540 2601 notandis
567 2566 659 2600 locis
686 2565 747 2601 SS.
777 2565 930 2600 Patrum
957 2566 1194 2612 aliorumque
1220 2570 1429 2611 auctorum,
1449 2567 1514 2612 qui
1533 2579 1553 2600 a
1573 2566 1607 2606 S.
1628 2566 1791 2602 Doctore
1816 2567 1877 2602 vel
1903 2567 2119 2614 allegantur

365 2625 424 2659 vel
451 2630 736 2671 supponuntur,
764 2625 864 2671 quod
898 2625 1100 2671 praecipue
1134 2625 1324 2671 praestitit
1357 2625 1481 2671 quoad
1515 2625 1597 2660 loca
1632 2626 1847 2661 Aristotelis
1881 2626 2117 2673 aliorumque

363 2684 689 2731 philosophorum.
710 2684 748 2719 Si
766 2696 864 2718 nova
882 2684 948 2718 illa
965 2684 1081 2719 editio
1099 2697 1121 2718 a
1139 2684 1229 2719 viris
1256 2685 1377 2719 doctis
1404 2685 1668 2720 commendata
1694 2690 1750 2720 est
1776 2691 1929 2732 propter
1949 2685 2117 2731 amplam

364 2749 401 2778 et
426 2748 641 2778 accuratam
668 2743 837 2778 locorum
863 2748 900 2777 et
926 2743 1090 2778 fontium
1115 2744 1345 2789 citationem,
1365 2743 1457 2778 hacc
1484 2744 1566 2779 laus
1592 2744 1773 2780 defuncto
1800 2745 1901 2780 socio
1924 2745 2117 2780 carissimo

363 2809 489 2838 nostro
516 2803 718 2850 praecipue
746 2803 939 2848 competit.
968 2802 1192 2837 Solitudinis
1218 2815 1358 2848 amans,
1378 2815 1452 2837 non
1480 2803 1662 2849 parcebat
1687 2803 1881 2838 laboribus
1908 2808 1945 2837 et
1971 2808 2118 2849 praeter

363 2862 616 2908 frequentiam
644 2862 822 2896 orationis
847 2862 886 2896 in
914 2861 1074 2897 decursu
1099 2862 1188 2896 anni
1216 2863 1280 2896 vix
1306 2862 1473 2908 aliquam
1501 2864 1767 2897 recreationem
1794 2862 2031 2897 admittebat.

458 2921 541 2956 Hoc
560 2934 602 2955 eo
621 2921 742 2967 magis
756 2921 1034 2955 aestimandum
1053 2926 1119 2966 est,
1135 2934 1221 2955 cum
1237 2925 1323 2967 post
1336 2921 1592 2967 periculosum
1608 2922 1731 2957 cordis
1749 2921 1923 2956 morbum
1939 2934 2005 2967 per
2019 2921 2116 2956 niul-

364 2987 422 3016 tos
439 2993 557 3015 annos
575 2980 738 3026 singulis
753 2980 887 3015 diebus
905 2979 1065 3015 affectus
1080 2986 1177 3015 essct
1195 2980 1354 3015 molesta
1372 2980 1534 3027 quadam
1553 2993 1751 3016 nervorum
1772 2980 2003 3027 infirmitate,
2019 2994 2115 3028 quae
