2243 3348
0 2191 6 2212 t

0 2218 4 2234 1

1 2238 5 2259 1

11 2169 54 2188 ears
64 2168 95 2187 111.

25 2192 116 2216 magnitu-

8 2220 32 2235 no
44 2220 114 2235 merce-

34 2239 69 2258 dis.

10 2322 12 2327 ⁴
24 2314 91 2328 corona
104 2309 115 2327 4

7 2333 113 2356 11301033ιί-

36 2361 69 2375 vae
72 2370 77 2375 .

629 172 671 200 DE
693 172 820 201 SANCTO
841 173 1009 202 STEPHANO
1031 174 1195 203 MARTYRE.
1218 175 1328 204 SERMO
1350 176 1378 203 ll.

132 247 337 284 perseverantia
368 255 417 276 nec
448 248 495 284 qui
531 252 635 285 pugnat
666 250 824 285 victoriam,
855 258 905 279 nec
937 251 976 279 vi-

132 297 191 322 ctor
221 293 339 330 palmam
371 295 559 331 consequitur.
581 295 664 332 Vigor
696 296 814 331 virium,
841 297 975 326 virtutum

132 340 332 369 consummatio
352 343 408 373 est;
431 340 529 369 nutrix
550 341 583 369 ad
606 342 751 376 meritum,
774 343 920 372 mediatrix
941 344 975 372 ad

131 386 293 423 praemium.
326 387 409 415 Soror
439 390 481 415 est
512 388 673 423 patientiae,
705 390 873 418 constantiae
905 390 974 424 filia,

130 433 218 461 amica
239 433 328 469 pacis,
349 433 533 461 amicitiarum
550 434 654 467 nodus,
670 435 858 464 unanimitatis
879 437 975 464 vincu-

131 480 204 513 lum,
229 480 469 516 propugnaculum
497 480 656 508 sanctitatis.
689 481 764 509 Tolle
797 476 975 517 perseveran-

131 526 211 559 tiam,
234 533 284 554 nec
304 526 468 562 obsequium
492 526 645 555 mercedem
672 527 770 560 hahet,
793 536 843 556 nec
871 528 974 557 benefi-

130 573 202 601 cium
225 573 354 609 gratiam,
377 580 427 601 nec
448 572 556 601 laudem
578 572 711 602 fortitudo
726 585 752 601 ».

208 620 327 655 Quarto,
349 620 414 656 quia
436 619 613 656 maynifi'eas
635 619 665 647 in
687 619 915 656 triumphalium
934 624 975 650 est

84 672 88 676 ·
131 667 202 695 enim
226 666 427 703 magnificentia
448 674 543 695 rerum
560 674 722 703 magnarum
738 670 765 695 et
779 668 974 696 excellentium

89 709 94 715 '
131 713 272 750 praeclara
292 713 500 741 consummatio.
524 712 595 741 Hanc
624 713 721 741 habuit
743 713 839 741 beatus
861 714 974 750 Stepha-

130 768 197 794 nus,
223 760 270 796 qui
303 760 526 788 victoriosissime
556 760 757 788 consummavit
788 763 815 788 et
846 768 974 788 consum-

131 806 228 834 mando
260 806 458 842 triumphavit,
485 806 551 842 quia
580 814 629 842 pro
660 805 718 834 suis
749 806 974 842 persecutoribus

130 853 270 886 exoravit;
285 854 400 881 Actuum
416 853 533 889 septimo
546 854 571 880 1:
595 852 703 881 Positis
724 857 821 881 autem
841 852 973 890 pertibus,

129 899 267 928 clamavit
288 908 353 928 voce
372 908 492 936 mapna,
509 899 622 928 dicens.-
647 899 781 933 Domine,
803 908 838 928 ne
858 903 974 927 statuas

128 947 186 976 illis
207 945 259 975 hoc
283 950 435 983 peecatum
457 950 508 975 etc.
530 946 553 974 Ο
575 946 759 983 peroptimum
780 954 868 983 genus
889 946 974 975 victo-

129 994 200 1022 riae!
223 993 333 1022 vincere
354 993 545 1021 adversarium
568 1001 617 1029 per
639 992 778 1021 beneficia.
795 993 833 1021 Illi
849 1001 912 1021 eum
928 1001 973 1021 oc-

129 1040 256 1069 ciderunt
276 1040 328 1068 hoc
351 1039 446 1073 modo,
468 1042 495 1068 et
526 1040 583 1076 ipse
608 1039 712 1067 orando
741 1047 787 1068 eos
818 1039 973 1068 vivificabat

129 1087 200 1121 De03
223 1086 296 1115 unde
316 1087 415 1115 merito
438 1093 551 1123 precum
573 1094 697 1119 suarum,
714 1089 744 1114 ut
758 1086 824 1114 dicit
845 1086 973 1122 Augusti-

128 1142 180 1163 nus
191 1135 212 1168 2,
233 1134 347 1162 Paulum
371 1133 494 1162 lucratus
515 1136 571 1167 est,
593 1136 621 1161 et
641 1133 688 1169 qui
710 1133 801 1161 fuerat
822 1133 881 1161 eius
902 1133 973 1161 occi-

128 1189 173 1210 sor
201 1180 376 1217 postmodum
405 1180 493 1208 factus
521 1183 563 1208 est
590 1179 694 1208 doctor.
717 1180 748 1208 Et
773 1180 824 1208 hoc
852 1179 973 1216 perfecte

128 1228 302 1264 praeparavit
316 1235 380 1256 eum
395 1227 429 1255 ad
444 1235 588 1261 coronam,
609 1226 675 1263 qnia
696 1226 799 1254 orando
815 1234 865 1263 pro
879 1226 973 1255 adver-

129 1274 208 1303 sariis
236 1281 364 1303 coronam
390 1273 561 1302 adversando
582 1273 689 1302 diabolo
710 1273 824 1302 abstulit
845 1276 871 1302 et
893 1281 970 1301 suam

128 1321 199 1350 fecit.
230 1321 305 1350 Unde
338 1321 407 1349 bene
428 1320 461 1349 de
489 1328 521 1349 eo
543 1324 632 1357 potest
653 1321 753 1357 exponi
776 1320 850 1357 quod
871 1320 972 1349 dicitur

129 1368 210 1405 primi
236 1368 460 1404 Paralipomenon
483 1368 652 1404 vigesimoss:
682 1367 757 1396 Tulit
781 1367 876 1396 David
896 1376 974 1396 coro-

127 1423 198 1443 nam
219 1413 354 1443 Melchom
377 1414 410 1443 de
431 1415 524 1451 eapite
544 1415 607 1442 eius
635 1417 662 1443 et
690 1414 781 1451 posuit
802 1422 860 1442 eam
884 1415 910 1442 in
933 1422 974 1443 ca-

128 1462 183 1498 pite
204 1470 262 1491 suo.
286 1478 322 1481 —
344 1461 419 1497 Quis,
440 1469 499 1495 oro,
521 1465 562 1490 est
582 1462 686 1495 Dauid,
701 1470 794 1490 manu
809 1461 906 1499 (ortis,
921 1461 971 1490 nisi

129 1509 285 1545 Stephanus
309 1508 413 1545 plenus
433 1509 535 1546 pratia
556 1512 580 1536 et
600 1507 773 1545 fortitudine
787 1508 820 1536 4?
841 1508 908 1544 Quis
933 1511 974 1537 est

127 1555 274 1589 Melehom,
290 1556 336 1592 qui
353 1555 553 1591 interpretatur
571 1564 623 1583 rem
645 1564 756 1589 eorum,
772 1555 822 1583 nisi
838 1555 973 1589 diabolus,

128 1602 174 1639 qui
201 1605 242 1631 est
267 1611 318 1630 reac
339 1610 428 1639 super
450 1602 602 1630 uniuersos
629 1602 704 1639 filios
728 1602 898 1639 superbiae,
927 1602 973 1630 lob

129 1648 339 1686 quadragesimo
367 1648 463 1685 primo.
487 1648 573 1676 Huius
595 1656 723 1676 coronam
746 1649 843 1677 beatus
859 1649 973 1685 Stepha-

127 1703 181 1724 nus
191 1695 313 1729 abstulit,
329 1695 438 1732 quando
453 1695 556 1723 orando
569 1703 618 1731 pro
631 1695 682 1729 his,
696 1695 720 1723 in
734 1696 836 1732 quibus
848 1695 973 1724 diabolus

128 1742 308 1779 gloriabatur,
330 1743 403 1778 ipsos
424 1742 559 1771 convertit
579 1742 612 1771 ad
631 1742 781 1776 Christum,
797 1742 843 1779 qui
859 1742 973 1771 fuerunt

128 1790 151 1818 ei
174 1789 199 1817 in
222 1797 368 1823 coronam,
384 1789 537 1818 secundum
552 1789 625 1826 quod
641 1789 742 1818 dicitur
758 1789 971 1818 Proverbiorum

127 1836 232 1864 decimo
253 1836 385 1872 septimo:
409 1835 525 1864 Corona
544 1844 657 1869 senum,
672 1835 727 1872 sitii
747 1836 892 1872 filiorum,
907 1836 973 1872 quia

127 1890 181 1911 non
204 1885 308 1911 tantum
331 1886 410 1911 erant
430 1882 453 1911 ei
477 1883 502 1910 in
525 1882 639 1919 gloriam
662 1886 688 1910 et
709 1890 838 1910 coronam
860 1883 906 1919 qui
924 1890 972 1918 per

129 1930 219 1966 ipsum
247 1929 370 1957 conversi
400 1932 480 1963 sunt,
509 1929 556 1958 sed
584 1929 665 1958 etiam
693 1930 739 1966 qui
770 1937 819 1966 per
848 1929 970 1957 Paulum.

128 1976 260 2005 Posuisti
286 1984 367 2012 ergo,
396 1976 530 2009 Domine,
557 1976 587 2004 in
612 1977 705 2013 capite
728 1976 791 2004 eius
815 1984 971 2009 coronam,

129 2023 232 2051 scilicet
253 2022 363 2059 gloriosi
387 2022 480 2051 militis
501 2023 647 2059 Stephani,
669 2023 716 2059 qui
745 2023 780 2051 ob
801 2031 878 2051 suam
903 2026 973 2051 stre-

128 2070 262 2098 nuitatem
284 2069 399 2098 idoneus
420 2069 472 2098 suit
493 2070 526 2098 ad
548 2078 686 2098 coronam.

208 2116 247 2144 lll.
265 2116 405 2150 posuisti,
427 2117 558 2153 inquam,
579 2125 717 2145 coronam
741 2117 774 2144 cle
795 2117 891 2154 lapide
907 2126 973 2154 pre-

130 2163 209 2192 tioso.
224 2163 271 2192 Hic
285 2167 397 2192 notatur
418 2163 591 2199 maqnuuao
606 2164 745 2192 mercedis
759 2164 785 2192 in
805 2164 915 2192 nomine
929 2172 973 2192 co—

130 2218 221 2239 ronae.
242 2210 307 2239 lllud
323 2211 395 2239 enim
410 2211 560 2247 glor10sum
577 2211 741 2247 praemium,
756 2211 883 2248 quamvis
899 2211 974 2239 nullo

130 2257 262 2286 vocabulo
276 2257 362 2294 possit
378 2257 547 2286 sufficienter
569 2258 697 2295 exprimi,
719 2258 913 2286 convenienter
935 2261 973 2286 ta-

128 2312 191 2333 men
212 2305 379 2341 exprimitur
400 2305 511 2333 nomine
532 2313 664 2333 coronae.
680 2305 707 2333 ln
723 2313 824 2334 corona
838 2305 909 2333 enim
925 2313 973 2333 no-

129 2352 174 2380 bili
193 2355 313 2389 quatuor
335 2352 386 2380 ista
400 2352 552 2386 considero,
567 2352 669 2381 scilicet
684 2352 757 2389 quod
774 2352 855 2380 habet
867 2352 973 2388 pretio-

127 2398 242 2426 sitatem
256 2399 283 2426 in
298 2398 421 2432 materia,
436 2402 614 2427 venustatem
637 2398 663 2426 in
685 2398 786 2432 forma,
802 2398 972 2435 (lignitatem

127 2446 154 2474 in
173 2445 335 2479 adiacentia,
354 2445 651 2474 interminabilitatem
672 2446 698 2473 in
722 2445 825 2481 figura3
846 2448 872 2473 et
888 2445 912 2473 in
930 2445 973 2473 his

128 2495 247 2529 quatuor
275 2492 519 2528 comprehenditur
546 2500 626 2520 omne
658 2491 847 2520 desiderabile.
876 2491 973 2519 Omnis

128 2539 213 2572 enim,
229 2539 275 2576 qui
291 2539 436 2572 desiderat,
452 2541 500 2567 aut
513 2539 650 2567 desiderat
672 2538 783 2571 bonum,
799 2537 872 2574 quod
888 2537 971 2571 ditat,

191 2686 199 2699 ¹
218 2688 283 2709 Vers.
300 2688 337 2709 60.

191 2725 200 2738 ²
218 2727 291 2748 Serm.
309 2727 361 2748 332.
380 2727 444 2754 (alias
463 2726 483 2748 xl.
507 2727 536 2748 de
562 2726 658 2754 Sanctis)
682 2732 701 2748 e.
725 2726 745 2748 3.
772 2733 793 2748 n.
817 2727 839 2748 3.
864 2729 886 2748 et
908 2732 927 2748 c.
952 2726 973 2748 4..

129 2771 151 2787 n.
169 2765 194 2791 (ις
212 2771 282 2787 serm.
299 2765 352 2787 331.
371 2765 434 2793 (alias
452 2765 473 2787 6.
491 2765 549 2787 inter
567 2765 743 2793 Vignerianos);
760 2771 829 2787 serm.
842 2765 895 2787 3¹15.
908 2765 973 2793 (alias

130 2804 166 2826 93.
184 2803 213 2827 de
230 2803 341 2831 Diversis)
359 2810 379 2826 c.
397 2804 418 2825 5.
435 2810 456 2825 11.
474 2804 496 2826 7.
514 2807 535 2825 et
552 2810 622 2826 serm.
641 2803 691 2825 1149.
711 2803 775 2832 (alias
792 2805 830 2826 211.
847 2804 876 2827 de
898 2804 973 2826 Diver-

129 2842 168 2871 sis)
187 2848 206 2864 (·,
228 2843 262 2864 16.
283 2848 303 2864 n.
320 2842 354 2863 17.

192 2881 200 2893 ⁵³
219 2881 284 2903 Vers.
302 2882 329 2908 23
348 2881 444 2909 Vulgata
464 2882 592 2903 continuat:
609 2881 708 2911 fecitque
724 2881 770 2904 sibi
786 2881 838 2905 inde
855 2881 972 2905 diadema.

192 2920 200 2932 ⁴
218 2922 265 2942 Act.
284 2921 310 2947 6,
328 2921 354 2948 83
372 2923 501 2949 sequuntur
519 2919 558 2942 lob
576 2920 612 2947 41,
631 2920 667 2943 25.
684 2923 706 2943 et
724 2921 789 2943 Prov.
812 2921 845 2947 17,
863 2921 883 2942 6.

192 2958 201 2971 ⁵
219 2960 284 2981 Vei-s.
302 2959 346 2986 2>st
363 2962 491 2988 sequuntur
509 2959 556 2981 lsai.
575 2959 612 2986 33,
630 2960 650 2981 6,
669 2962 690 2981 et
709 2960 775 2981 Prov.
792 2960 813 2985 3,
832 2959 868 2981 151.

1817 180 1873 208 [187

1032 254 1059 280 01
1080 252 1116 280 ita
1137 252 1304 289 pretiosum;
1326 256 1375 282 aut
1399 254 1518 289 bonum,
1541 242 1621 291 quod'
1635 255 1769 289 delectat,
1791 259 1818 284 et
1839 257 1875 285 ita

1032 298 1201 334 speciosum;
1230 302 1278 327 aut
1310 299 1429 333 bonum,
1450 300 1523 337 quod
1549 301 1674 335 exaltat,
1700 305 1727 330 et
1755 302 1806 330 hoc
1834 306 1875 331 est

1033 342 1206 378 honorabile;
1228 348 1276 373 aut
1297 345 1416 380 bonum,
1438 347 1511 383 quod
1532 347 1642 381 durat,
1658 351 1685 376 et
1699 348 1751 376 hoc
1772 352 1812 377 est
1834 349 1874 377 in-

1032 390 1211 419 terminabile.

1110 437 1198 466 Prima
1220 446 1285 475 ergo
1307 447 1412 468 merces
1442 440 1619 469 beatitudinis
1639 445 1780 475 aeternae,
1802 450 1874 479 quae

1031 485 1071 511 est
1092 491 1193 511 corona
1214 484 1394 519 Sanctorum,
1416 490 1457 514 est
1478 488 1671 516 ornamentum
1695 488 1873 525 pretiosum,-

1031 532 1057 557 ct
1079 530 1130 558 hoc
1152 530 1220 559 bene
1241 531 1367 560 innuitur
1389 532 1601 562 proverbiorum
1616 534 1721 563 decimo
1742 538 1841 572 quarto
1853 535 1873 569 ⁵,

1031 575 1076 603 ubi
1099 576 1216 604 dicitur:
1241 577 1355 606 Corona
1369 579 1556 616 sapientium,
1573 580 1692 610 diuitiae
1706 590 1806 609 eorum
1821 584 1872 610 etc.

1030 622 1086 650 Nou
1110 626 1215 651 tantum
1238 632 1339 653 corona
1354 625 1399 653 illa
1413 629 1454 654 est
1474 626 1565 660 dives,
1587 627 1633 655 sed
1656 628 1729 664 ipsae
1744 628 1872 662 divitiae,

1031 669 1159 704 quoniam
1182 678 1246 698 vere
1277 670 1345 699 ditat
1374 672 1512 701 hominem
1543 673 1644 702 divitiis
1665 675 1776 708 salutis,
1802 683 1873 711 quae

1032 723 1084 743 non
1107 720 1171 744 sunt
1202 724 1302 745 aurum
1335 721 1362 746 et
1393 722 1556 755 argentum,
1578 720 1640 754 sed,
1669 721 1740 749 sicut
1771 721 1872 750 dicitur

1032 761 1114 789 Isaiae
1136 762 1276 798 trigesimo
1306 764 1401 798 tertio,
1429 765 1548 793 diuitiae
1578 766 1700 800 salutis,
1728 767 1872 804 sapientia

1031 810 1056 835 et
1077 808 1215 841 scientae,-
1238 809 1324 837 timor
1342 810 1467 844 Domini,
1483 811 1542 847 ipse
1563 816 1602 839 est
1617 811 1773 841 thesaurus
1794 814 1872 846 eius,-

1031 857 1058 882 et
1080 854 1146 882 haec
1168 858 1233 883 sunt
1253 863 1335 884 verae
1355 856 1481 891 divitiae,
1503 858 1583 894 quia,
1605 859 1675 886 sicut
1694 859 1794 887 dicitur
1810 860 1873 888 Pro-

1031 900 1191 929 verbiorum
1221 902 1317 936 tertio,
1340 903 1485 939 sapientia
1516 908 1555 932 est
1582 905 1739 941 pretiosior
1763 907 1873 935 cunetis

1031 947 1147 983 opibus,
1164 952 1189 976 et
1209 949 1319 983 onznia,
1335 958 1410 987 qitae
1426 950 1640 985 desiderantur,
1657 950 1724 980 huic
1745 961 1802 980 nou
1822 962 1873 981 va-

1031 994 1087 1022 lent
1124 995 1303 1031 comparari.
1340 996 1415 1024 Unde
1446 997 1655 1033 Augustin11s⁶:
1690 999 1872 1027 «Desiderari

1031 1044 1135 1077 potest,
1157 1042 1290 1077 suspirari
1313 1042 1424 1071 omnino
1446 1047 1549 1079 potest;
1565 1044 1644 1081 digne
1665 1045 1716 1073 dici
1739 1049 1765 1073 et
1787 1053 1873 1074 enun-

1031 1087 1092 1115 tiari
1114 1095 1167 1115 non
1191 1090 1280 1124 potest
1295 1088 1449 1125 »racquiri
1465 1093 1562 1126 potest,
1578 1091 1715 1119 aestimari
1738 1100 1791 1119 non
1814 1095 1873 1128 pot—

1030 1136 1078 1162 est.
1101 1134 1251 1171 Gregorius
1265 1135 1344 1163 dicit:
1365 1147 1377 1160 «
1393 1136 1577 1171 Considerate,
1593 1138 1666 1174 quod
1682 1138 1763 1166 vilius
1775 1139 1793 1172 ⁷,
1809 1146 1872 1167 cum

1031 1181 1149 1214 emitur,
1172 1182 1245 1218 quod
1274 1182 1382 1215 carius,
1404 1190 1466 1211 cum
1490 1183 1686 1219 possidetur».
1710 1185 1762 1213 Hoc
1794 1193 1872 1221 prae—

1030 1228 1115 1256 mium
1139 1228 1319 1257 desiderabile
1345 1233 1488 1258 assecutus
1510 1233 1551 1258 est
1572 1230 1667 1259 beatus
1689 1232 1851 1268 Stephanus.

1109 1275 1155 1303 Est
1176 1275 1256 1303 etiam
1279 1280 1473 1304 ornamentum
1498 1277 1677 1313 speciosum,
1699 1278 1771 1314 quod
1794 1279 1873 1306 deco·
1886 1288 2010 1316 Vetusiasin

1031 1325 1088 1355 rat,
1111 1325 1137 1350 01
1159 1322 1218 1350 ideo
1240 1325 1314 1351 recte
1335 1322 1437 1351 dicitur
1459 1331 1574 1357 corona;
1597 1324 1679 1352 Isaiae
1701 1325 1872 1361 sexagesimo
1913 1314 1979 1330 ‘mm'

1031 1368 1157 1405 primoss:
1181 1369 1351 1397 Jmtztmento
1373 1369 1504 1398 iustitiae
1525 1370 1717 1399 circumdedit
1739 1380 1800 1404 ΜΘ,-
1822 1372 1873 1400 1100

1030 1415 1121 1444 dicere
1153 1419 1241 1452 potest
1273 1416 1369 1444 beatus
1400 1417 1556 1453 Stephanus
1587 1421 1613 1445 et
1639 1417 1755 1454 quilibet
1776 1418 1874 1446 Beatus

1030 1466 1165 1498 quantum
1187 1462 1219 1490 ad
1242 1466 1342 1491 statum
1365 1463 1453 1491 meriti
1477 1464 1533 1492 sive
1554 1464 1672 1501 gratiae3
1688 1465 1873 1502 quasispon-

1030 1517 1097 1537 suin
1118 1509 1287 1538 decoratum
1308 1518 1434 1543 corona,
1456 1514 1590 1547 quantum
1619 1511 1650 1539 ad
1674 1514 1776 1540 statum
1797 1520 1874 1548 prae-

1032 1556 1076 1584 mii
1099 1557 1156 1584 sive
1177 1556 1288 1592 gloriae.
1312 1556 1380 1584 Vere
1402 1564 1554 1592 supernum
1578 1557 1730 1593 praemium
1753 1561 1794 1586 est
1812 1566 1873 1594 spe-

1031 1603 1151 1636 ciosum;
1173 1603 1246 1631 unde
1268 1603 1379 1631 loannes
1398 1603 1425 1631 in
1440 1603 1613 1639 Apocalypsis
1628 1604 1758 1640 vigesimo
1773 1604 1871 1640 primo,

1030 1649 1188 1678 describens
1207 1650 1280 1678 illius
1295 1657 1431 1686 supernae
1446 1650 1562 1679 civitatis
1577 1651 1775 1686 speciositatem
1791 1651 1871 1679 dicit:

1033 1696 1160 1724 Ostendit
1181 1695 1255 1725 mihi
1274 1697 1417 1725 ciuitatem
1438 1701 1570 1725 sanctam
1588 1697 1745 1725 Ierusaleu'z
1760 1698 1873 1726 (lescen-

1030 1743 1138 1772 [lentem
1161 1743 1194 1771 de
1215 1743 1292 1772 caelo
1314 1752 1333 1772 a
1356 1744 1428 1778 Deo,
1450 1743 1598 1772 habentem
1619 1744 1781 1773 claritatem
1805 1745 1856 1773 Dei
1862 1755 1872 1777 ,·

1030 1794 1054 1818 et
1077 1790 1172 1818 lumen
1194 1791 1257 1818 eius
1277 1790 1370 1818 simile
1392 1790 1486 1827 lapilli
1503 1791 1638 1827 pretioso.
1656 1791 1725 1819 Vere
1746 1799 1812 1828 ergo
1826 1792 1871 1820 de-

1030 1845 1126 1865 corum
1159 1837 1331 1873 praemium,
1353 1837 1418 1873 quia
1449 1838 1632 1871 luminosum;
1654 1842 1681 1866 et
1709 1838 1758 1866 iste
1789 1838 1871 1866 decor

1030 1892 1139 1913 summe
1151 1884 1297 1912 delectabit
1307 1887 1457 1920 aspectum.
1470 1884 1545 1912 Unde
1556 1884 1724 1921 Augustinus
1736 1884 1762 1912 ⁰:
1779 1896 1793 1909 «
1803 1884 1871 1912 Cum

1030 1931 1239 1968 pervenerimus
1260 1930 1293 1958 ad
1316 1934 1350 1964 te,
1372 1939 1388 1958 o
1410 1931 1501 1959 lumen
1524 1933 1666 1959 aeternum
1688 1934 1715 1959 et
1735 1931 1871 1959 desidera-

1030 1978 1111 2006 bilem
1134 1977 1279 2014 spiritum,
1301 1977 1353 2005 erit
1375 1977 1452 2005 nobis
1473 1977 1668 2005 delectabiliter
1689 1977 1821 2013 impressa
1835 1984 1871 2005 ex

1030 2025 1133 2053 visione
1156 2028 1203 2052 tua
1224 2024 1334 2052 satietas
1355 2024 1437 2052 simul
1468 2027 1495 2052 et
1522 2024 1697 2052 desiderium.
1720 2023 1770 2051 Sed
1794 2024 1871 2060 longe

1030 2072 1106 2100 abest
1121 2080 1136 2099 a
1147 2071 1282 2099 desiderio
1297 2071 1407 2099 satietas
1421 2074 1448 2099 et
1463 2071 1541 2107 longe
1556 2079 1571 2099 a
1585 2071 1708 2099 satietate
1719 2070 1870 2102 fastidium;

1030 2126 1092 2147 nam
1114 2118 1236 2146 sitientes
1257 2117 1419 2146 satiabimur
1437 2120 1464 2146 et
1485 2118 1571 2146 satiati
1588 2118 1752 2151 sitiemus»,
1774 2125 1871 2145 secun—

1029 2165 1096 2193 dum
1125 2164 1192 2193 illud
1218 2164 1395 2193 Ecclesiastici
1418 2164 1549 2200 vigesimo
1569 2167 1684 2201 quarto:
1708 2164 1765 2199 Qui
1784 2164 1871 2192 edunt

1030 2220 1074 2240 me
1094 2210 1191 2240 adhuc
1212 2211 1349 2243 esurient,
1364 2214 1389 2238 et
1406 2211 1458 2248 qui
1478 2210 1577 2239 bibunt
1592 2219 1635 2239 nze
1650 2209 1746 2239 adhuc
1766 2211 1868 2239 sitient.

1110 2259 1155 2286 Est
1176 2258 1256 2286 etiam
1279 2265 1384 2286 merces
1405 2257 1451 2285 illa
1472 2260 1666 2285 ornamentum
1688 2256 1869 2291 honorabile,

1031 2305 1102 2333 sicut
1124 2312 1225 2333 corona
1245 2303 1397 2340 imponitur
1419 2303 1497 2340 capiti
1528 2303 1600 2340 regis
1624 2303 1657 2331 ad
1683 2304 1814 2332 honorem
1844 2306 1871 2332 et

1030 2352 1153 2388 gloriam.
1178 2350 1237 2379 ldeo
1258 2350 1358 2378 dicitur
1374 2350 1400 2378 in
1416 2350 1521 2378 Psalmo
1534 2350 1570 2377 ¹⁰:
1597 2350 1699 2378 Gloria
1719 2354 1744 2378 et
1765 2350 1871 2379 honore

1030 2397 1179 2426 coronasti
1205 2405 1287 2430 eum,
1316 2397 1438 2425 Domine.
1471 2397 1502 2424 Et
1532 2397 1601 2425 bene
1622 2397 1702 2425 dicit:
1724 2397 1872 2425 coronasti

1028 2444 1125 2482 gloria
1146 2447 1170 2472 et
1192 2443 1314 2476 honore,·
1335 2451 1397 2471 narn
1421 2444 1507 2471 honor
1528 2447 1569 2472 est
1589 2443 1640 2471 ista
1661 2451 1770 2477 corona,
1786 2447 1812 2473 et
1826 2452 1870 2473 co-

1031 2499 1097 2519 rona
1118 2494 1158 2519 est
1180 2490 1215 2518 ibi
1247 2490 1334 2526 gloria
1364 2492 1391 2518 et
1422 2497 1487 2518 vera
1511 2490 1597 2526 gloria
1617 2493 1644 2518 et
1665 2497 1748 2518 verus
1773 2491 1869 2519 honor.

1030 2537 1104 2566 Unde
1125 2536 1307 2573 Augustinus:
1331 2536 1426 2564 «Vera
1440 2536 1476 2564 ibi
1491 2536 1578 2572 gloria
1591 2537 1656 2570 erit,
1672 2536 1717 2565 ubi
1735 2537 1871 2565 laudantis

1891 451 2004 478 ‘Pi-otiositas

1890 480 1909 493 ln
1922 477 2006 494 Πξόἰθηᾶ-

1887 2266 1973 2289 Dignitas
1984 2266 2005 2284 in

1889 2289 2001 2309 adiacentia.

1093 2685 1102 2698 ὓ
1120 2687 1192 2708 Serm.
1210 2686 1263 2707 ⁴236.
1284 2685 1347 2713 (alias
1365 2686 1400 2706 88.
1418 2685 1447 2707 de
1464 2685 1573 2713 Diversis)
1595 2691 1616 2707 11.
1635 2686 1656 2707 3.
1673 2697 1703 2701 —
1721 2686 1824 2714 Sequens
1841 2686 1870 2707 lo-

1029 2731 1070 2747 cus
1087 2725 1191 2753 Gregorii
1210 2724 1307 2747 habetur
1324 2724 1339 2746 l.
1358 2724 1440 2746 Homil.
1457 2724 1479 2745 in
1498 2724 1583 2751 Evang.
1602 2724 1680 2746 homil.
1698 2724 1719 2746 5.
1737 2731 1759 2746 11.
1777 2725 1799 2746 3.

1093 2763 1100 2776 ⁷
1119 2764 1217 2792 Supple:
1234 2769 1306 2791 regno
1323 2763 1448 2786 caelorum.

1091 2802 1100 2815 s
1119 2803 1182 2824 Vei-s.
1204 2802 1240 2830 10,
1258 2802 1363 2830 sequitur
1379 2802 1449 2829 Apoc.
1467 2802 1505 2829 21,
1527 2802 1560 2823 10.
1576 2808 1625 2829 seq.

1092 2840 1101 2853 ⁹
1119 2841 1194 2863 potius
1211 2841 1314 2869 Gregor.,
1332 2841 1409 2864 xviii.
1426 2841 1503 2863 liloral.
1520 2847 1539 2863 c.
1558 2841 1595 2863 54..
1607 2847 1629 2863 n.
1651 2841 1688 2863 91.
1708 2853 1739 2857 —
1762 2841 1870 2869 Sequitur

1029 2880 1093 2903 Eccli.
1112 2880 1149 2906 ΞΜ,
1167 2880 1204 2902 29.
1318 2895 1320 2898 .

1091 2917 1110 2931 ¹⁰
1129 2919 1208 2941 Psalm.
1226 2920 1252 2946 8,
1270 2920 1291 2941 6.
1309 2931 1338 2935 --
1356 2919 1463 2947 Sequitur
1487 2919 1591 2946 August„
1614 2919 1681 2942 xxu.
1705 2919 1734 2941 de
1750 2918 1799 2941 Civ.
1818 2919 1869 2946 Dei,

1028 2964 1048 2980 c.
1068 2959 1103 2980 30.
1122 2964 1144 2980 n.
1167 2958 1183 2980 1,
