2243 3348
242 902 270 930 De
283 902 351 929 virtute

251 928 341 945 iustitiae.

241 1607 268 1625 De
280 1607 350 1626 honore

256 1630 331 1654 gloriae,

374 165 431 194 394

373 244 508 272 maculam
536 245 725 279 peccatorum;
758 240 830 269 unde
863 239 1041 268 Ecclesiastici
1074 237 1216 274 trigesimo

373 293 474 327 quarto
486 289 509 317 ¹:
533 289 674 317 Dominus
694 287 828 316 exaltans
849 286 982 314 animam
997 288 1023 313 et
1043 283 1216 312 illuminans

373 336 486 370 oeulos,
509 336 584 364 (lans
605 334 759 363 sanitatem
782 337 807 361 et
826 332 918 360 vitani
939 335 965 359 et
986 330 1215 359 benedictionem.

373 398 410 404 —
424 382 566 410 Dominus
580 380 688 409 exaltat
703 379 850 411 animani,
866 378 932 405 dum
947 377 1008 406 eius
1023 376 1152 405 affectum
1167 383 1216 404 ex-

373 429 471 466 spoliat
491 428 525 456 ab
547 426 715 464 ignobilitate
736 424 881 453 vetustatis
902 424 999 460 culpae
1020 426 1047 451 et
1062 423 1151 451 induit
1171 430 1217 450 no-

373 475 484 503 vitatem
507 472 661 502 decorantis
682 471 801 508 gratiae3
823 474 847 499 et
872 470 1020 498 illuminat
1041 469 1154 502 oeulos,
1176 469 1217 497 in-

375 522 498 550 tellectus
509 528 524 548 a
540 519 734 548 tenebrositate
749 518 887 546 caecitatis
901 520 928 545 et
943 516 1113 553 ignorantiae
1127 516 1217 552 splen-

372 569 438 597 dore
459 567 583 595 veritatis
604 569 629 594 et
651 565 862 602 intelligentiae,
878 564 954 592 (lans
974 564 1142 597 sanitatem,
1158 563 1218 592 eius

372 614 447 643 carni
469 622 518 650 per
540 612 741 649 repressionem
774 611 891 640 carnalis
918 610 1171 647 concupiscentiae,
1193 613 1218 638 et

371 661 478 695 vitam,
500 662 628 688 aeternae
659 658 890 691 immortalitatis,
922 661 947 685 et
978 656 1217 690 benedictionem,

371 714 508 744 supernae
531 705 706 735 hereditatis,
728 707 760 733 ut
782 704 866 741 possit
886 703 978 732 dicere
1010 703 1078 732 illud
1103 703 1216 731 Psalmi:

373 754 432 790 Qui
451 753 564 782 emaltas
585 761 629 780 nze
660 752 694 780 (le
718 752 813 788 portis
844 751 965 784 mortis,
988 755 1021 778 ut
1045 750 1218 779 annuntiem

371 809 468 829 omnes
490 800 674 828 laudationes
696 802 764 827 titus
786 798 816 826 in
835 797 931 834 portis
951 797 1030 834 filiae
1052 797 1130 826 Sion.

449 847 574 876 Secundo
594 849 707 883 propter
729 845 912 874 humilitatem
934 844 1112 873 subiectionis
1133 847 1160 872 et
1175 851 1218 872 re-

373 894 511 924 verentiae
533 894 559 922 in
581 900 664 930 opere
685 900 720 921 ex
743 892 961 920 consideratione
993 891 1142 919 altissimae
1164 891 1218 919 Ma-

370 941 474 971 iestatis
495 940 664 969 exaltabitur
684 940 791 968 ¹tu'rtute
805 938 987 967 abundantis
1010 937 1151 971 institiae,
1173 945 1218 965 ac-

371 988 538 1018 cumulantis
559 995 642 1023 opera
661 986 840 1018 meritorum;
857 984 930 1013 unde
952 984 978 1012 in
1002 984 1144 1013 Psalmo2:
1162 983 1217 1012 Cu-

370 1035 446 1064 stodi
461 1034 539 1063 triam
554 1034 633 1066 etus;
648 1037 672 1061 et
686 1031 826 1061 exaltabit
842 1035 879 1065 te,
895 1034 926 1059 ut
942 1030 1097 1059 hereditate
1111 1031 1217 1067 capias

371 1087 491 1111 terrant.
513 1097 551 1100 —
575 1080 694 1108 Custodi
713 1079 795 1108 viam
825 1078 902 1111 enm,
929 1086 978 1114 per
1009 1077 1216 1106 exsecutionem

370 1131 597 1166 praeceptorum,
619 1130 645 1155 et
665 1125 803 1154 eaealtabit
826 1129 865 1159 te,
898 1132 947 1161 per
968 1124 1216 1153 accumulationem

370 1176 550 1208 meritorum,
572 1177 604 1201 nt
632 1172 787 1201 hereditate
818 1172 921 1209 capias
950 1175 1079 1205 terrani,
1103 1179 1152 1208 per
1173 1178 1217 1199 re-

370 1222 549 1251 tributionem
572 1220 776 1258 praemiorum;
798 1223 825 1248 et
846 1222 960 1256 propter
980 1219 1031 1247 hoc
1052 1218 1154 1247 dicitur
1170 1218 1218 1247 Ec-

371 1269 512 1299 clesiastiei
541 1268 687 1305 vigesimo:
719 1268 776 1303 Qut
804 1270 944 1305 operatur
972 1266 1135 1299 iustitiam,
1157 1266 1218 1302 ipse

371 1315 558 1344 exaltabitur.
581 1331 618 1335 —-—
642 1315 699 1350 Qui
726 1318 866 1351 operatur
895 1313 1057 1346 iustitiam,
1085 1311 1217 1348 multipli-

371 1363 457 1391 cando
479 1362 591 1396 merita,
614 1362 673 1398 ipse
694 1361 888 1394 eat-allabitur,
910 1360 943 1389 ad
966 1368 1064 1396 magna
1087 1359 1216 1396 praemia.

371 1410 402 1439 Et
417 1410 481 1447 quia
497 1410 548 1438 hoc
564 1409 646 1437 habet
668 1408 726 1436 fieri
749 1408 884 1436 mediante
908 1408 1005 1436 timore
1021 1407 1142 1440 Domini,
1158 1406 1218 1434 ideo

370 1458 471 1486 dicitur
487 1456 664 1485 Ecclesiastici
687 1455 914 1492 quadragesimo:
937 1454 1104 1482 Facultates
1119 1457 1143 1481 et
1158 1453 1218 1481 vir-

371 1509 443 1533 tutes
464 1504 594 1533 emittant
614 1512 681 1536 ror,
704 1507 728 1531 et
749 1511 838 1539 super
860 1501 929 1531 haee
952 1502 1039 1530 timor
1061 1501 1187 1529 Domini.

448 1552 540 1580 'l‘ertio
563 1554 675 1588 propter
698 1550 881 1579 humilitatem
904 1549 1099 1586 recognitionis
1121 1549 1218 1585 culpae

370 1599 396 1627 in
423 1607 470 1627 ore
501 1606 537 1627 ex
570 1598 668 1626 timore
693 1600 821 1625 aeternae
854 1595 1016 1624 calamitatis
1047 1595 1218 1623 exaltabitur

370 1645 476 1675 honore
507 1644 661 1682 deiformis
690 1644 820 1681 qloriae,
850 1643 1025 1672 sublimanlis
1053 1642 1086 1671 ad
1119 1642 1218 1679 gandia

369 1693 573 1730 praemiorum;
596 1691 669 1720 unde
691 1691 796 1728 primae
818 1690 888 1719 Petri
912 1690 1047 1727 quintoss:
1071 1689 1218 1717 Humilia—

369 1740 444 1768 ntini
463 1739 516 1768 sub
536 1738 646 1775 potenti
665 1746 759 1766 numu
783 1738 849 1771 Dei,
871 1741 903 1764 ¹ut
926 1745 974 1765 bos
989 1736 1092 1764 exaltet
1107 1736 1138 1764 in
1154 1740 1218 1764 tenz-

366 1796 439 1825 pore
470 1786 654 1815 visitationis.
691 1785 901 1813 Considerantes
932 1783 1039 1812 divinae
1072 1783 1218 1811 Maiestatis

370 1833 581 1871 praesidentiam
611 1836 638 1861 et
666 1836 776 1860 nostrae
797 1831 909 1859 vilitatis
934 1830 1142 1864 excellentiam,
1165 1828 1218 1857 hu-

369 1881 485 1910 miliori
505 1880 639 1909 debemus
660 1879 714 1908 sub
740 1888 833 1907 manu
854 1878 962 1906 divinae
991 1877 1137 1914 potentiae.
1160 1878 1217 1905 Non

370 1928 442 1957 enim
466 1935 614 1964 possumus
635 1926 715 1955 aliter
736 1925 892 1954 sublimiter
921 1925 1038 1953 exaltari
1062 1925 1088 1952 in
1112 1924 1215 1961 patria,

370 1976 421 2004 nisi
444 1975 635 2003 humilientur
657 1973 777 2002 totaliter
798 1973 852 2001 sub
870 1973 980 2009 potenti
1000 1980 1095 2000 ntanu
1119 1972 1170 1999 Dei
1190 1971 1218 1999 in

370 2023 422 2051 ria.
438 2022 503 2050 Nam
526 2022 547 2050 si
570 2022 649 2050 aliter
668 2021 783 2049 nitimur
804 2019 968 2053 ascendere,
991 2027 1043 2047 non
1067 2019 1119 2047 erit
1140 2018 1219 2047 nobis

370 2078 433 2107 spes
451 2070 484 2098 de
506 2069 673 2097 exaltatione
688 2068 812 2096 caelestis
827 2067 942 2104 gloriae,
958 2066 1004 2095 sed
1019 2066 1053 2094 de
1068 2065 1219 2094 deiectione

369 2116 511 2145 infernalis
523 2115 700 2152 ignominiam
717 2114 789 2143 unde
805 2113 953 2143 Ezechielis
968 2113 1073 2141 decimo
1088 2113 1217 2149 septimo:

372 2164 430 2201 Eyo
449 2163 590 2191 Dominus
611 2161 768 2190 lnoniliavi
786 2161 896 2198 lignun?
913 2160 1036 2188 sublime
1050 2164 1075 2188 et
1089 2160 1220 2188 exaltavi

371 2211 483 2248 ligyrium
506 2208 621 2237 humile.
637 2209 725 2237 Causa
740 2211 833 2236 autem
849 2208 934 2236 huius
949 2207 1069 2235 iustitiae
1084 2209 1111 2235 et
1125 2207 1218 2243 aequi-

369 2257 433 2285 tatis
454 2260 508 2290 est,
530 2256 610 2293 quia,
633 2259 736 2293 quanto
750 2255 813 2292 quis
829 2255 914 2291 magis
929 2262 958 2283 se
973 2255 1077 2282 exaltat
1092 2257 1118 2282 et
1134 2261 1219 2290 supra

370 2312 398 2333 se
420 2304 552 2341 erigitur,
574 2306 650 2331 tanto
672 2303 764 2331 minus
786 2303 904 2331 honorat
929 2302 1016 2330 Deum
1038 2304 1064 2329 et
1089 2309 1105 2329 a
1137 2308 1218 2337 supe-

370 2352 492 2380 rioribus
513 2359 541 2379 se
563 2351 672 2387 elongat
692 2353 718 2378 et
740 2350 918 2378 inferioribus
934 2356 962 2377 se
978 2349 1106 2383 subiicit;
1122 2356 1153 2377 ac
1169 2356 1218 2385 per

371 2399 422 2426 hoc
444 2398 530 2435 magis
561 2398 696 2426 deiicitur.
729 2397 779 2425 Sed
812 2405 827 2425 e
859 2404 1007 2430 converso,
1030 2398 1134 2432 quanto
1155 2395 1218 2432 quis

372 2445 457 2481 magis
478 2453 506 2473 se
528 2445 664 2478 humiliat,
686 2447 761 2472 tanto
784 2444 869 2481 magis
891 2444 1008 2471 honorat
1029 2443 1116 2472 Deum
1139 2446 1166 2471 et
1184 2442 1218 2470 ad

372 2492 516 2528 superiora
537 2491 740 2528 appropinquat
761 2494 787 2519 et
810 2490 987 2519 inferioribus
1002 2489 1217 2526 superponitur3

372 2546 403 2567 ac
424 2546 473 2575 per
494 2539 545 2566 hoc
568 2539 639 2566 iusto
660 2539 706 2566 Dei
730 2538 830 2566 iudicio
852 2538 939 2574 magis
960 2538 1110 2566 exaltatur.
1134 2537 1218 2573 Roge-

372 2593 435 2613 mus
456 2593 522 2621 ergo
543 2588 592 2613 etc.

1034 160 1206 189 SERMONES
1227 159 1269 188 DE
1291 159 1454 188 TEMPORE.

1614 236 1705 265 Samio
1727 236 1778 264 11⁴.

1343 336 1472 362 Dominica
1485 337 1605 368 vigesima
1618 336 1636 362 ⁵.
1656 337 1739 363 Sermo
1753 337 1840 363 fratris
1852 338 2043 364 Bonaventurae
2061 339 2120 364 Fra-

1273 379 1355 404 tribus
1373 380 1402 404 do
1422 380 1519 405 Tolosa.

1353 468 1442 497 Nemo
1469 472 1559 506 potest
1587 469 1697 498 dicere:
1728 471 1869 500 Dominus
1897 471 1975 500 lesus
2002 472 2062 500 nisi
2089 471 2121 500 in

1275 514 1389 552 Spiritu
1410 519 1524 549 saneto,
1547 516 1652 552 primae
1672 516 1705 545 ad
1726 517 1883 546 Corinthios
1904 517 2066 547 duodecimo
2080 518 2100 546 ⁶.

1354 562 1381 590 ln
1404 562 1496 591 verbis
1510 562 1554 591 bis
1568 562 1698 592 describit
1713 564 1872 600 Apostolus,
1893 568 1997 601 quanta
2011 568 2038 593 et
2052 573 2120 602 qua-

1275 608 1307 637 lis
1328 608 1410 637 debet
1430 616 1489 637 esse
1504 609 1656 646 unicuique
1677 613 1803 639 nostrum
1818 610 1852 639 ad
1873 610 2013 639 Christum
2032 611 2120 640 lesum

1275 655 1442 685 crucifixum
1464 656 1535 692 sides
1556 660 1583 685 et
1604 656 1721 692 devotio,
1743 660 1770 686 et
1791 666 1873 694 quam
1895 658 1974 687 beata
1989 661 2016 688 et
2036 667 2119 696 quam

1275 710 1354 731 sacra
1374 702 1409 731 sit
1424 702 1509 731 huius
1524 703 1615 740 oripo.
1633 703 1770 738 Primum,
1792 703 1845 732 ibi:
1868 704 1956 733 Nemo
1970 707 2064 742 potest·
2077 705 2121 734 tli-

1275 756 1354 777 eere:
1377 749 1520 778 Dominus
1536 750 1634 784 lesus,
1656 749 1682 778 id
1697 753 1751 784 est,
1766 750 1860 779 nullus
1875 754 1964 787 potest
1978 751 2080 780 sentire
2094 753 2121 780 et

1275 803 1440 832 cognoscere
1462 800 1489 824 et
1513 804 1610 833 sapere
1632 796 1693 825 fidei
1716 799 1743 825 et
1764 796 1914 826 maiestatis
1934 801 1961 826 et
1989 797 2121 827 claritatis

1275 845 1302 871 et
1323 842 1465 871 suavitatis
1487 843 1574 880 ipsius
1596 843 1777 880 praesentiam
1806 847 1833 872 et
1860 844 2057 879 assistentiam;
2079 852 2121 873 se-

1275 889 1411 924 cundum,
1433 890 1486 918 ibi:
1501 890 1562 919 nisi
1576 890 1606 919 in
1622 890 1736 927 Spiritu
1751 895 1868 925 saneto,
1891 891 1916 919 id
1932 893 1981 926 est,
1997 891 2047 920 nisi
2063 892 2122 928 Spi-

1276 936 1346 965 ritus
1367 940 1479 966 sanctus
1500 945 1563 966 eum
1586 938 1618 966 ad
1639 938 1690 966 hoc
1712 937 1863 972 illuminet,
1884 938 1996 973 afficiat,
2018 938 2120 974 elevet,

1275 983 1427 1012 inflammet
1447 987 1474 1013 et
1495 984 1608 1013 reliciat.

1355 1030 1370 1059 1.
1393 1031 1472 1059 Circa
1493 1031 1614 1068 primum
1631 1034 1710 1065 nota,
1733 1031 1806 1068 quod
1823 1031 1955 1060 memoria
1976 1039 2123 1061 conversa-

1276 1077 1365 1112 tionis,
1382 1078 1592 1114 praedicationis
1606 1081 1633 1107 et
1647 1078 1744 1107 mortis
1758 1078 1865 1107 Domini
1886 1079 1944 1107 lesu
1959 1081 2001 1107 est
2015 1082 2122 1115 pertra-

1274 1124 1373 1152 ctanda
1386 1124 1459 1153 iusto
1474 1126 1501 1153 et
1515 1124 1613 1153 devoto
1628 1125 1702 1153 viro:
1726 1125 1752 1153 in
1768 1128 1859 1153 niente
1877 1128 2012 1162 quantum
2028 1125 2061 1154 ad
2075 1125 2122 1154 de-

1274 1171 1389 1205 sideria,
1411 1171 1444 1200 ad
1468 1171 1654 1208 Philippenses
1669 1172 1759 1208 primo
1771 1172 1796 1200 ⁷:
1815 1172 1994 1201 Desiderium
2015 1171 2123 1201 habens

1274 1218 1395 1247 dissolvi
1414 1222 1440 1247 et
1460 1227 1518 1246 esse
1539 1227 1605 1247 eunt
1623 1218 1751 1253 Christo,
1773 1219 1863 1247 multo
1883 1219 1980 1257 magis
2001 1219 2104 1248 melius
2111 1230 2122 1253 ;

1274 1265 1307 1294 ad
1336 1265 1524 1302 Philippenses
1546 1266 1650 1303 primo:
1676 1265 1748 1294 Mihi
1768 1266 1844 1295 enini
1864 1266 1959 1295 vivere
1988 1266 2122 1296 Christus

1275 1316 1315 1340 est
1330 1316 1354 1341 et
1368 1313 1446 1341 niori
1461 1313 1586 1341 luerunt.
1603 1330 1640 1333 -—
1657 1313 1682 1341 ln
1698 1321 1830 1341 sermone
1844 1316 1979 1350 qnantum
1994 1313 2027 1342 ad
2043 1321 2122 1350 prae-

1275 1360 1365 1394 eonia3
1382 1360 1487 1396 primae
1501 1360 1533 1388 ad
1549 1360 1706 1389 Corinthios
1721 1360 1842 1389 secundo
1854 1359 1879 1388 ⁸:
1901 1359 1965 1388 Non
1979 1360 2122 1393 iudicavi,

1275 1414 1319 1434 nze
1339 1406 1415 1434 scire
1436 1406 1550 1444 aliquid
1572 1406 1646 1434 inter
1664 1415 1714 1435 bos
1734 1406 1795 1434 nisi
1811 1406 1902 1434 lesum
1928 1405 2076 1435 Christum
2098 1410 2124 1435 et

1275 1452 1352 1481 hune
1383 1452 1569 1490 crucifixum.
1600 1454 1635 1482 Et
1661 1461 1756 1481 sermo
1783 1461 1864 1482 nzeus
1889 1457 1913 1482 et
1939 1453 2123 1490 praedicatio

1275 1509 1340 1529 ntea
1370 1509 1428 1529 non
1456 1500 1488 1528 iu
1513 1500 1759 1537 persuasibilibus
1787 1499 1935 1528 humanae
1962 1499 2124 1537 sapientiae

1274 1547 1383 1581 verbis,
1405 1547 1455 1576 secl
1476 1547 1507 1575 in
1528 1547 1686 1576 ostensione
1706 1547 1830 1584 spiritus
1851 1550 1875 1575 et
1895 1546 2022 1575 virtutis
2041 1563 2080 1567 —
2095 1547 2122 1575 ln

1276 1594 1542 1631 repraesentatione
1563 1597 1699 1631 quantum
1722 1594 1755 1622 ad
1776 1593 1905 1630 vestigia3
1934 1593 1967 1622 ad
1989 1594 2124 1622 Romanos

1274 1641 1381 1670 decimo
1402 1641 1483 1670 tertio
1498 1641 1524 1669 ⁹:
1548 1641 1713 1670 lnduirnini
1735 1641 1893 1670 Dominum
1914 1641 2012 1670 Iesum
2041 1639 2124 1670 Chri—

1274 1692 1362 1716 stunz..
1384 1705 1422 1708 —
1444 1690 1471 1716 ln
1493 1688 1660 1725 operatione
1691 1691 1826 1725 quantum
1855 1688 1887 1716 ad
1917 1688 2061 1724 exempla3
2090 1687 2124 1716 ad

1275 1735 1449 1764 Colossenses
1471 1735 1568 1763 tertio:
1593 1735 1700 1763 Omnia
1722 1735 1753 1763 in
1773 1735 1890 1763 nomine
1913 1735 2030 1763 Domini
2057 1735 2124 1763 Iesu

1277 1781 1387 1811 Christi
1406 1782 1502 1820 facite.

1355 1830 1383 1857 ll.
1407 1829 1485 1858 Circa
1506 1829 1658 1858 secundum
1680 1832 1760 1864 nota,
1776 1829 1850 1866 quod
1872 1829 1991 1866 Spiritus
2012 1832 2124 1858 sanctus

1275 1877 1308 1905 ad
1330 1877 1382 1905 ista
1407 1880 1528 1913 quatuor
1549 1885 1635 1913 supra
1657 1876 1728 1905 (licta
1751 1876 1863 1913 proprie
1888 1879 1915 1905 et
1935 1876 2124 1913 principaliter

1276 1923 1379 1961 cto-tyn
1410 1923 1516 1952 animae
1548 1923 1725 1958 intentivam3
1755 1924 1838 1952 Isaiae
1868 1923 2042 1960 sexagesimo
2069 1926 2125 1952 ter-

1276 1971 1313 1999 tio
1329 1971 1366 1998 ¹⁰:
1390 1970 1520 2007 Spiritus
1544 1970 1661 1998 Domini
1681 1970 1785 1998 ductor
1800 1970 1863 1998 eius
1877 1969 1935 2007 fuit
1953 1973 2004 1998 etc.
2020 1987 2058 1990 —
2072 1970 2125 1998 Fe-

1275 2019 1387 2047 eunctat
1417 2018 1590 2054 eloquentiae
1618 2018 1870 2054 interpretativam;
1900 2017 2027 2046 Matthaei
2052 2017 2125 2046 deci-

1275 2073 1336 2094 mo:
1359 2065 1423 2094 Non
1444 2065 1520 2093 enini
1543 2074 1592 2094 ros
1613 2065 1694 2099 estis,
1716 2065 1768 2103 qui
1783 2064 1951 2103 loquimini,
1966 2065 2016 2093 sect
2030 2064 2126 2102 Spiri—

1277 2117 1324 2141 tus
1348 2113 1449 2141 Patris
1471 2113 1576 2145 vestri,
1599 2112 1650 2150 qui
1671 2112 1800 2150 loquitur
1822 2112 1851 2140 in
1870 2111 1958 2140 vobis.
1973 2128 2012 2132 —-
2026 2110 2124 2149 Infor-

1275 2164 1338 2188 ntat
1360 2160 1490 2188 moralem
1513 2160 1713 2193 ostensionem3
1737 2159 1843 2188 loannis
1856 2159 1962 2188 decimo
1977 2159 2074 2196 quinto
2086 2159 2123 2187 ¹¹:

1278 2207 1350 2235 Cum
1379 2207 1489 2235 venerit
1511 2206 1700 2239 Paracletus,
1723 2214 1807 2244 quent
1834 2214 1884 2243 eqo
1909 2205 2024 2234 mittam
2044 2205 2125 2234 vobis

1276 2262 1296 2282 a
1319 2254 1424 2287 Patre,
1448 2253 1594 2290 Spiritum
1615 2253 1764 2287 veritatis,
1786 2252 1838 2291 (siti
1864 2261 1884 2281 a
1910 2253 2000 2281 Patre
2024 2261 2124 2290 proee-

1276 2301 1335 2334 ctu,
1360 2300 1405 2329 ille
1427 2300 1623 2328 testimonium
1642 2298 1801 2337 perhibebit
1828 2300 1862 2328 (le
1882 2308 1944 2333 me,·
1972 2299 2005 2328 ad
2027 2300 2124 2328 Roma-

1275 2355 1325 2376 nos
1355 2350 1467 2376 octavo:
1498 2347 1679 2385 Quicumque
1708 2346 1818 2383 spiritu
1842 2347 1893 2375 Dei
1923 2350 2073 2384 ayuntur,
2095 2345 2126 2375 hi

1274 2398 1343 2422 sunt
1363 2393 1420 2430 filii
1443 2394 1500 2421 Dei.
1517 2410 1553 2413 ——
1569 2393 1697 2422 Roborat
1717 2393 1789 2422 vitae
1807 2393 1991 2430 operativam3
2007 2394 2124 2422 Actuum

1276 2441 1380 2478 primo:
1404 2441 1558 2478 Aeeipietis
1579 2441 1713 2469 virtutem
1743 2440 1974 2478 supervenientis
1995 2440 2125 2477 Spiritus
2157 2440 2159 2442 ’

1275 2489 1371 2517 saneti
1390 2488 1422 2516 in
1443 2496 1492 2516 vos
1520 2491 1546 2516 et
1565 2488 1647 2516 eritis
1671 2486 1746 2516 mihi
1766 2490 1846 2516 testes
1867 2487 1899 2516 in
1919 2487 2079 2516 Jerusalem
2100 2490 2126 2515 et

1276 2536 1307 2564 in
1324 2536 1404 2564 onmi
1425 2534 1537 2563 Iudaea
1558 2538 1583 2563 et
1604 2535 1747 2563 Sci-incerta
1769 2538 1794 2563 et
1814 2543 1905 2571 usque
1926 2534 1966 2563 acl
1987 2533 2124 2563 ultimum

1276 2586 1380 2611 ter-rae.

437 2768 444 2780 ¹
463 2769 528 2791 Vers.
547 2770 588 2796 20;
606 2769 709 2797 sequitur
728 2770 761 2791 Ps.
781 2770 805 2796 9,
827 2769 860 2791 15.

436 2806 445 2819 ²
463 2808 544 2830 Psalm.
563 2808 604 2835 36,
623 2808 664 2836 3>st
682 2812 809 2837 sequuntur
827 2809 894 2831 Eccli.
911 2809 953 2836 ⁶20,
972 2809 1009 2831 30.
1026 2812 1047 2831 et
1065 2815 1084 2831 c.
1104 2809 1146 2835 40,
1164 2809 1200 2830 20.

436 2845 445 2857 ³
462 2846 529 2868 Vers.
546 2847 571 2873 53
589 2847 692 2875 seqnitur
711 2848 789 2869 ezech.
811 2847 844 2875 17,
863 2847 899 2869 22.

436 2884 445 2896 “¹
464 2886 493 2907 Ex
510 2887 528 2908 Α
546 2887 584 2908 t'ol.
602 2886 644 2908 134
664 2893 686 2908 ν.

437 2922 446 2935 ⁵
464 2924 538 2946 Potius
563 2925 680 2947 Dominica
706 2925 808 2953 decima;
834 2926 874 2947 etr.
900 2926 998 2953 Epistola
1026 2926 1094 2948 huius
1120 2925 1220 2948 Domini-

375 2968 422 2984 cae.

1338 2766 1348 2779 ‘³
1367 2768 1431 2790 Vers.
1449 2768 1470 2790 3.

1339 2805 1348 2819 ⁷
1366 2807 1432 2829 Vers.
1452 2807 1494 2834 23;
1512 2809 1533 2829 et
1551 2806 1604 2829 dein
1623 2813 1644 2828 v.
1663 2807 1700 2828 21.

1340 2844 1348 2857 Β
1366 2846 1432 2868 Vers.
1450 2846 1471 2867 2.
1489 2848 1511 2868 et
1530 2845 1550 2868 4.

1339 2884 1349 2897 ‘³
1366 2885 1432 2907 Vers.
1452 2884 1492 2913 ⁷²45
1510 2885 1615 2913 sequitur
1632 2884 1679 2907 Col.
1697 2884 1718 2911 3,
1737 2884 1774 2906 rl7.

1340 2924 1359 2936 ¹⁰
1378 2925 1442 2947 Vers.
1461 2924 1503 2951 ¹¹43
1520 2924 1624 2953 sequitur
1642 2924 1716 2946 lllatth.
1738 2924 1772 2951 10,
1789 2924 1826 2945 20.

1341 2962 1359 2975 ¹¹
1378 2963 1443 2985 Vei-s.
1462 2963 1504 2991 263
1522 2967 1649 2991 sequuntur
1667 2963 1733 2985 Rom.
1751 2962 1776 2989 8,
1796 2961 1831 2984 «it.
1849 2964 1871 2983 et
1887 2962 1935 2983 Act.
1955 2961 1975 2988 sl,
1994 2961 2016 2983 8.

2138 618 2216 638 Divisio.

2139 1039 2185 1059 Pars
2198 1040 2212 1059 1.

2153 1133 2241 1152 Memoria

2137 1157 2202 1176 mortis
2215 1157 2243 1176 Cb

2135 1180 2160 1199 sti
2170 1181 2242 1200 tractam

2139 1203 2241 1228 quadrupli·

2141 1839 2187 1858 Pars
2199 1839 2222 1859 ll.

2147 1885 2233 1909 Spiritus.

2138 1910 2215 1929 effeetus
2225 1914 2231 1928 t

2159 1933 2231 1958 druple:
