2243 3348
537 186 579 214 DE
601 186 722 215 SANCTA
745 187 872 216 AGNETE
894 188 1024 217 VlRGlNE
1048 189 1087 218 ET
1110 190 1273 219 MARTYRE.
1296 191 1406 220 SERMO
1429 192 1445 220 1.
1805 196 1856 223 501

120 269 183 291 eum
203 261 380 299 ylorificavit
395 264 423 296 1‚·
441 263 475 292 de
496 264 624 300 sepulcro
645 264 705 293 eius
728 273 841 294 manna
865 270 963 294 scat-u-

119 308 189 337 rivit
201 308 229 341 2’;
250 308 276 337 in
301 309 368 338 hora
390 310 486 338 mortis
508 310 598 339 locum
620 311 738 347 sepulcri
755 311 807 340 bum
827 313 963 341 maxima

119 355 152 384 de
173 355 248 384 caelo
269 356 422 392 occupavit
443 360 469 384 et
490 356 528 385 sic
550 356 721 394 defunctum
742 359 853 395 rapuit.

197 401 345 430 Miracula
366 405 475 436 autem,
498 403 600 439 quibus
615 403 712 432 beatus
727 404 840 434 loannes
855 405 962 440 floruit,

97 468 102 473 .
119 448 221 485 quibus
241 448 330 477 factus
351 451 392 477 est
413 448 509 477 similis
529 449 655 485 gloriosis
676 453 703 478 et
724 451 876 487 magnificis
898 452 963 480 San-

119 495 170 524 ctis
191 497 256 523 sunt
269 495 352 524 haec:
368 503 431 523 nam
447 495 475 523 in
499 495 553 523 vita
573 496 727 525 suscitavit
748 497 868 526 viduam
887 499 963 526 Dru-

119 541 237 570 sianam
259 549 351 570 coram
373 541 446 570 omni
469 542 586 578 populo;
602 542 756 571 suscitavit
769 543 863 579 filiu-m
880 545 964 574 unius

120 588 217 616 viduae
248 586 419 625 defunctum
450 595 542 616 coram
571 589 645 617 omni
671 590 789 625 populo;
810 591 964 619 suscitavit

119 634 193 663 duos
214 634 329 663 iuvenes
349 638 482 663 mortuos
508 634 542 663 de
573 642 678 664 veneno
706 643 798 664 coram
820 637 893 665 omni
916 645 963 674 po-

118 682 203 718 pulo;
225 681 294 709 bibit
316 689 454 710 venenum
484 684 511 710 et
539 681 644 710 nullam
677 682 823 711 laesionem
845 683 964 712 incurrit

119 736 211 757 coram
232 728 306 756 omni
330 728 446 765 populo;
468 728 605 765 ternplum
622 728 735 757 Dianae
752 729 921 765 Ephesorum
937 734 963 759 et

118 774 264 811 imaginem
288 775 347 803 eius
369 775 479 811 penitus
500 775 690 808 comminuit‚·
711 775 836 804 mutavit
856 776 887 804 in
909 785 963 804 au-

118 829 187 850 rum
208 821 347 850 silvestres
368 821 507 850 frondium
530 821 621 858 virgas
649 821 813 858 littoreaque
834 831 911 851 saxa
936 823 963 851 in

119 875 256 905 gemmas;
276 876 461 905 geminarum
483 867 652 905 foaymenta
668 868 694 896 in
716 869 856 905 propriam
879 869 964 897 refor-

118 914 202 943 mavit
223 918 367 948 naturam;
387 913 572 951 philosophos
593 922 656 943 cum
678 914 820 951 discipulis
841 918 868 944 et
886 915 964 944 fami-

118 961 161 990 liis
175 961 209 990 ad
223 961 364 990 Christum
379 961 515 990 convertit
529 964 556 990 et
571 961 735 998 baptizavit,
757 962 803 998 qui
826 962 849 990 ei
866 962 892 990 in
909 962 964 991 vita

1019 275 1070 296 sua
1090 268 1231 297 ecclesiam
1253 269 1313 298 eius
1334 270 1444 299 nomine
1459 271 1708 300 construxerunt3.
1731 272 1860 301 Similiter

1020 316 1102 342 totam
1126 315 1228 343 Asiam
1251 316 1390 344 convertit
1410 320 1437 345 et
1462 317 1501 346 eis
1521 318 1648 347 ecclesias
1669 321 1696 347 et
1720 319 1861 356 episcopos

1019 359 1192 394 ordinavit43
1216 361 1273 398 regi
1296 362 1442 391 Eduardo5
1464 364 1587 401 Angliae,
1609 372 1625 393 a
1646 373 1702 401 quo
1723 365 1749 394 in
1772 366 1861 402 specie

1020 407 1157 443 peregrini
1179 408 1378 445 eleemosynam
1400 410 1514 439 anulum
1529 411 1646 448 accepit,
1662 415 1792 449 tanquam
1811 420 1861 441 suo

1019 453 1117 482 devoto
1148 454 1181 483 de
1212 455 1286 484 ultra
1315 464 1391 484 mare
1423 457 1615 493 per-militem
1637 466 1719 487 suum
1741 459 1860 493 remisit;

1020 499 1146 528 iuvenem
1178 501 1306 537 pulcrum
1336 505 1363 530 et
1393 502 1512 532 ferocem
1543 505 1678 533 convertit
1705 509 1733 534 et
1753 506 1860 534 cuidam

1020 546 1147 583 episcopo
1169 548 1383 582 commendavit,
1405 557 1488 586 quem
1520 551 1665 587 requirens
1686 552 1757 581 inter
1778 553 1861 581 latro-

1020 600 1077 626 nes,
1100 593 1212 621 reduxit
1233 598 1259 622 et
1281 595 1432 630 perfectum
1454 596 1555 625 factum
1578 598 1735 635 episcopum
1752 599 1861 628 ordina-

1020 638 1074 672 vit;
1097 639 1318 669 haeresiarcham
1340 641 1501 671 Cerinthum
1523 651 1587 672 cum
1618 645 1676 673 suis
1697 645 1859 675 mirabiliter

1021 685 1173 714 confutavit
1187 686 1208 720 θ,
1230 695 1312 723 quem
1334 688 1415 716 etiam
1437 689 1508 725 apud
1525 690 1634 719 balneas
1649 692 1789 721 inveniens
1804 693 1860 722 sive

1020 733 1259 768 supervenientem
1276 734 1379 768 videns,
1394 735 1479 763 dixit:
1506 748 1519 761 «
1533 737 1679 773 Fugiamus
1695 739 1771 773 hinc,
1786 748 1819 768 ne
1834 743 1861 768 et

1021 778 1132 807 balneae
1154 779 1228 815 ipsae
1250 785 1430 817 corrumpant
1451 790 1513 816 nos,
1536 783 1561 811 in
1578 784 1679 820 quibus
1694 785 1802 814 lavatur
1817 787 1860 815 vel

1021 824 1105 852 lavari
1138 825 1197 853 vult
1228 825 1389 861 Cerinthus,
1421 828 1543 857 veritatis
1571 829 1697 859 inimicus
1711 842 1738 864 »,
1767 831 1860 861 Glossa

1020 877 1104 906 super
1119 871 1268 900 secundam
1284 872 1404 906 loannis;
1422 874 1525 908 locum,
1541 875 1568 903 in
1583 884 1638 911 quo
1651 877 1760 913 scripsit
1775 878 1860 906 Evan-

1020 916 1137 953 gelium,
1159 925 1175 945 a
1197 918 1284 946 ventis
1310 922 1337 947 et
1359 919 1458 955 pluviis
1486 922 1637 950 contutavit
1665 923 1802 957 oratione,
1827 924 1861 953 ab

1021 963 1104 996 hora,
1127 972 1182 1000 qua
1204 964 1319 1001 incepit,
1342 973 1431 1002 usque
1453 966 1532 995 hodie
1553 971 1603 996 etc.
1617 968 1626 984 ⁷

545 1087 586 1115 DE
608 1087 730 1116 SANCTA
752 1087 880 1116 AGNETE
901 1087 1033 1117 VlRGlNE
1056 1088 1096 1117 ET
1117 1065 1271 1118 MARTYRE
1294 1092 1338 1126 (21
1365 1091 1440 1127 Ian).

462 1198 552 1226 Samio
574 1198 584 1226 1
596 1197 615 1226 8.

201 1292 351 1330 Equitatui
370 1300 431 1321 meo
453 1292 484 1320 in
505 1291 645 1320 curribus
660 1290 831 1320 Pharaonis
846 1292 965 1321 assimi-

120 1339 180 1368 lavi
199 1342 241 1372 te,
262 1339 362 1367 anu'ca
378 1347 463 1372 nica,
486 1338 660 1367 canticorum
683 1338 773 1375 primo
788 1339 806 1366 ⁹.

197 1386 253 1415 Non
280 1386 338 1415 sine
366 1394 449 1415 causa
476 1385 612 1414 canticum
642 1385 743 1414 amoris
767 1385 869 1415 dicitur
896 1386 964 1415 Can-

97 1433 203 1462 -ticum
230 1433 417 1467 canticorum,
442 1441 493 1469 pro
520 1440 568 1467 eo,
596 1432 670 1469 quod
698 1433 827 1466 materia,
849 1432 882 1461 de
910 1441 965 1469 qua

119 1483 173 1513 est,
197 1482 225 1508 et
249 1479 350 1513 virtus,
375 1487 391 1507 a
415 1487 470 1516 qua
493 1479 629 1508 formatur
654 1479 744 1515 ipsum
766 1479 917 1513 canticum,
938 1483 965 1508 et

120 1526 197 1561 finis,
219 1526 251 1555 ad
274 1534 356 1563 quem
378 1529 434 1560 est,
457 1526 624 1555 transcendit
645 1529 672 1554 et
694 1526 836 1554 materiam
863 1529 890 1555 et
910 1526 965 1554 ori-

119 1573 209 1611 ginem
239 1576 266 1602 et
293 1573 375 1602 finem
408 1573 531 1602 omnium
563 1573 743 1601 canticorum.
765 1573 867 1602 Tantae
888 1573 966 1601 nobi-

120 1614 203 1648 litatis
230 1623 272 1648 est
299 1619 388 1649 virtus
416 1619 553 1653 caritatis,
578 1622 610 1648 ut
637 1619 685 1656 qui
716 1619 796 1648 habet
823 1619 965 1648 caritatem

121 1666 220 1695 habeat
241 1669 268 1694 et
289 1666 386 1700 Deum,
401 1674 452 1694 nec
472 1669 513 1694 est
534 1665 645 1703 aliquod
666 1666 819 1702 praemium
842 1673 891 1695 nec
912 1674 966 1695 me-

120 1712 205 1741 ritum
220 1713 270 1741 nisi
293 1713 406 1750 diligere
427 1713 531 1747 Deum,
553 1716 585 1741 ut
605 1713 670 1741 dicit
691 1713 860 1749 Augustinus
875 1713 898 1730 ¹⁰
920 1721 966 1741 su-

120 1767 169 1796 per
191 1759 274 1788 illud:
296 1758 368 1788 ltlz'lzz·
388 1759 548 1788 adhaerere
565 1759 620 1788 Deo
636 1759 742 1788 bonum
763 1763 811 1788 est.
826 1760 908 1788 Amor
923 1767 966 1788 ca-

121 1806 209 1835 ritatis
236 1810 327 1835 tantae
356 1806 533 1835 sublimitatis
561 1809 618 1840 est,
640 1809 670 1834 ut
698 1806 732 1835 de
761 1806 862 1835 misero
887 1806 967 1835 faciat

120 1853 230 1883 beatum
263 1857 289 1882 et
320 1853 354 1882 de
385 1853 500 1890 simplici
533 1853 699 1890 sapientem,
734 1853 965 1890 quemadmodum

120 1901 154 1929 de
175 1903 263 1929 aetate
288 1900 433 1929 iuvencula
462 1900 559 1929 transit
580 1900 606 1928 in
628 1900 764 1929 canitiem.
786 1901 874 1937 Agnes
900 1900 966 1934 ista,

121 1947 201 1976 cuius
221 1947 422 1976 solemnitatem
445 1947 524 1975 modo
539 1947 724 1981 celebramus,
740 1947 811 1975 inter
825 1947 892 1975 alias
906 1947 967 1975 Vir-

121 1994 212 2031 gines,
235 2001 306 2031 quae
337 2001 452 2031 sponsae
473 1993 574 2022 Christi
599 1993 730 2028 fuerunt,
751 1997 792 2022 est
820 1993 967 2030 praecipue

121 2041 359 2074 commendabilis;
382 2041 442 2069 ideo
463 2040 580 2069 verbum
602 2040 635 2069 de
654 2040 712 2077 ipsa
727 2044 914 2077 competenter
927 2040 967 2069 di-

122 2087 203 2122 citur,
225 2087 299 2124 quod
320 2087 456 2116 delaude
477 2095 593 2124 sponsae
613 2087 723 2116 dicitur.
738 2087 913 2124 Quamquam
929 2087 969 2115 iu-

122 2134 238 2163 vencula
258 2134 311 2162 fuit
331 2137 436 2168 aetate,
458 2134 549 2162 animo
571 2137 660 2162 tamen
690 2134 742 2163 fuit
769 2142 852 2168 cana,
880 2133 968 2171 gratia

123 2181 244 2210 caritatis
265 2184 321 2209 tota
343 2181 447 2218 repleta
467 2181 527 2210 fuit.
549 2181 617 2209 Cum
640 2181 727 2210 odore
748 2181 828 2209 istius
848 2180 969 2218 Virginis

122 2236 242 2257 currere
263 2228 410 2262 debemus3
433 2228 536 2257 multae
558 2228 678 2265 virgines
692 2236 751 2257 eam
768 2231 878 2257 secutae
894 2231 968 2257 sunt.

123 2275 151 2303 ln
173 2275 307 2312 principio
330 2275 488 2312 rogabimus
511 2275 657 2304 Dominum
681 2279 732 2304 etc.

203 2322 357 2360 Equitatui
376 2330 437 2350 meo
458 2325 509 2351 etc.

1101 1199 1222 1227 Verbum
1245 1200 1316 1228 istud
1338 1201 1371 1229 ad
1393 1201 1500 1230 laudem
1523 1210 1637 1239 sponsae
1652 1204 1757 1232 Domini
1773 1208 1861 1241 potest

1023 1246 1094 1274 trahi
1116 1246 1142 1274 in
1165 1246 1272 1275 laudem
1295 1247 1443 1277 cuiuslibet
1472 1249 1578 1278 animae
1608 1250 1759 1286 perfectae,
1791 1259 1861 1288 quae

1022 1292 1105 1321 habet
1126 1293 1152 1320 in
1175 1301 1203 1322 se
1227 1294 1445 1331 praerogativas,
1467 1303 1538 1332 quae
1558 1304 1672 1332 sponsae
1688 1300 1860 1334 competunt,-

1023 1339 1094 1368 inter
1109 1348 1178 1376 quas
1192 1341 1278 1377 Agnes
1293 1341 1391 1369 merito
1406 1345 1630 1371 connumeratur.
1646 1344 1767 1380 Sponsus
1781 1352 1862 1381 spon-

1022 1394 1078 1414 sam
1102 1386 1193 1415 laudat
1214 1395 1230 1415 a
1250 1387 1374 1416 duobus:
1396 1396 1411 1416 a
1439 1389 1549 1418 virtutis
1576 1389 1810 1427 manifestatione
1836 1394 1863 1419 et

1022 1441 1038 1461 a
1052 1433 1163 1462 virtutis
1184 1434 1303 1471 oriqine.
1319 1434 1516 1472 Manifestatio
1532 1436 1642 1465 virtutis
1656 1440 1697 1465 est
1711 1437 1738 1465 in
1754 1445 1862 1466 assecu—

1024 1479 1095 1508 tione
1117 1480 1266 1516 triumplii;
1289 1481 1370 1518 ori90
1392 1485 1483 1510 autem
1506 1482 1617 1511 virtutis
1641 1487 1682 1512 est
1709 1484 1734 1512 in
1757 1492 1862 1521 posses-

1023 1527 1098 1555 sione
1118 1527 1201 1555 divini
1223 1528 1285 1556 doni
1308 1528 1364 1556 sive
1385 1529 1503 1557 habitus.
1526 1530 1664 1558 Assecutio
1684 1531 1743 1559 eius
1765 1531 1862 1559 trium-

1024 1574 1086 1610 plii,
1108 1574 1211 1602 scilicet
1231 1574 1264 1603 de
1284 1574 1406 1608 diabolo,
1429 1576 1531 1604 mundo
1558 1579 1584 1604 et
1612 1584 1708 1611 carne,
1736 1580 1861 1612 notatur,

1023 1628 1086 1649 cum
1108 1621 1188 1649 dicit:
1213 1621 1364 1659 Equitatui
1383 1630 1444 1650 meo
1468 1623 1499 1650 in
1527 1623 1665 1651 curribus
1694 1623 1862 1652 Pharaonis

1023 1667 1190 1696 assimilavi
1210 1671 1240 1696 te.
1263 1668 1346 1705 Origo
1368 1669 1451 1697 totius
1472 1669 1622 1698 sanctitatis
1636 1673 1662 1698 et
1677 1670 1804 1699 bonitatis
1822 1674 1862 1699 est

1023 1714 1158 1751 possessio
1179 1715 1297 1751 Spiritus
1318 1715 1417 1749 sancti,
1439 1724 1510 1752 quae
1524 1716 1690 1751 nominatur,
1705 1725 1767 1745 cum
1782 1717 1860 1746 dicit:

1024 1761 1123 1790 amica
1144 1770 1216 1790 nica.
1239 1762 1369 1790 Totaliter
1390 1762 1424 1791 ab
1445 1763 1532 1791 amico
1553 1771 1612 1798 suo,
1628 1763 1653 1791 id
1675 1767 1715 1792 est
1729 1772 1744 1792 a
1759 1764 1862 1801 Sponso

1024 1816 1083 1842 suo,
1100 1816 1223 1845 possessa
1237 1808 1289 1837 fuit
1303 1809 1382 1837 beata
1396 1809 1482 1846 Agnes
1496 1813 1523 1838 et
1537 1807 1685 1846 possidens,
1700 1810 1773 1847 quia,
1789 1811 1862 1847 quod

1025 1854 1107 1883 habet
1127 1854 1227 1891 aliquis
1242 1855 1293 1883 hoc
1314 1855 1403 1889 modo,
1419 1855 1521 1884 scilicet
1535 1864 1583 1892 per
1598 1864 1728 1890 amorem,
1744 1857 1862 1886 habetur

1024 1901 1118 1938 (etiam
1139 1901 1174 1930 ab
1194 1901 1268 1937 alio),
1290 1901 1362 1930 sicut.
1382 1902 1463 1930 etiam
1484 1905 1525 1931 est
1546 1902 1573 1930 in
1594 1910 1686 1931 amore
1707 1903 1851 1939 corporali.

1877 1210 1950 1229 Sermo.

1880 1396 1957 1416 Divisio⁴

1103 1948 1120 1976 l.
1143 1948 1220 1977 Modo
1240 1948 1313 1983 dico,
1329 1949 1401 1985 quod
1417 1948 1583 1986 triumphus
1597 1950 1730 1986 gloriosae
1744 1949 1863 1986 Virginis
1877 1955 1923 1982 Pars
1935 1955 1948 1973 1-
1962 1954 2001 1973 Ma-

1025 1995 1180 2032 explicatur
1201 1995 1288 2029 nobis,
1310 2003 1372 2023 cum
1394 1995 1475 2024 dicit:
1498 1996 1649 2034 Equitatui
1668 2005 1728 2025 ineo
1747 1999 1797 2025 etc.
1814 1997 1862 2025 Per

1024 2042 1185 2080 equitatum
1207 2041 1376 2070 Pharaonis
1390 2042 1560 2079 significatur
1575 2043 1714 2071 exercitus
1728 2043 1861 2077 fidelium,

1025 2088 1082 2125 qui,
1094 2091 1232 2125 prostrato
1247 2089 1394 2123 Pharaone,
1407 2089 1531 2125 pervenit
1545 2089 1578 2118 ad
1594 2092 1694 2118 terram
1711 2090 1864 2126 promissio-

1025 2135 1075 2163 nis.
1088 2135 1135 2163 Cui
1149 2135 1292 2173 equitatui
1305 2135 1471 2164 assimilatur
1484 2136 1601 2165 Ecclesia
1611 2139 1638 2165 et
1652 2136 1702 2164 ista
1714 2136 1795 2172 Virgo
1807 2136 1863 2172 glo-

1025 2182 1097 2210 riosa
1112 2185 1224 2218 propter
1239 2181 1468 2218 multiplicitatem
1480 2182 1768 2220 praerogativarum.
1784 2183 1864 2211 Recte

1025 2229 1161 2257 exercitui
1176 2228 1322 2257 Pharaonis
1338 2228 1488 2257 assimilant
1503 2237 1628 2265 sponsam
1644 2233 1670 2258 et
1681 2232 1793 2266 propter
1804 2237 1864 2257 con-

1025 2275 1112 2304 simile
1125 2275 1227 2304 bellum
1239 2278 1265 2303 et
1277 2277 1389 2312 propter
1398 2275 1537 2304 consimile
1547 2275 1673 2304 roburet
1682 2278 1793 2312 propter
1804 2283 1864 2304 con-

1026 2322 1113 2350 simile
1125 2322 1309 2358 praesidium
1324 2324 1351 2350 et
1365 2325 1477 2358 propter
1489 2322 1657 2350 consimilem
1672 2321 1862 2359 triumphuni.

186 2506 194 2519 ¹
214 2507 272 2530 Vide
289 2507 384 2535 Bonav.,
402 2510 457 2530 tom.
476 2508 512 2530 Vl.
529 2514 583 2536 pag.
601 2508 654 2535 529,
671 2511 749 2531 notam
768 2509 789 2531 5.
807 2511 828 2530 et
846 2509 867 2529 6.

185 2545 193 2558 ²
212 2546 271 2568 Vide
288 2545 395 2574 Abdiam,
413 2547 455 2569 loc.
473 2547 510 2569 cit.
527 2547 566 2570 lib.
583 2547 604 2575 4,
616 2547 664 2575 ubi,
677 2548 756 2575 paucis
773 2547 880 2575 exceptis,
892 2547 970 2569 omnia

124 2584 160 2607 hic
176 2585 245 2607 relata
264 2584 374 2607 mirabilia
392 2585 502 2608 invenIes.

186 2623 195 2636 ³
213 2624 245 2646 De
263 2624 298 2646 his
324 2631 385 2653 quae
410 2627 531 2648 narrantur
553 2625 575 2648 in
593 2627 636 2648 hoc
661 2625 767 2647 membro
785 2625 837 2647 vide
858 2624 970 2652 Abdiam,

124 2663 167 2685 loc.
184 2663 221 2685 cit.
238 2675 269 2679 —
287 2664 351 2692 Quae
368 2667 496 2693 sequuntur
513 2665 639 2687 sumsimus
657 2671 684 2686 ex
700 2665 752 2687 cod.
770 2664 903 2686 Tudertino.

186 2701 196 2714 4
213 2702 313 2731 Hieron„
332 2703 360 2725 de
378 2703 440 2726 Viris
458 2703 595 2731 illustribus,
613 2710 632 2726 c.
650 2704 670 2726 9,

187 2739 196 2753 ⁵
213 2740 258 2763 Csr.
276 2742 379 2764 Breviar.
392 2743 488 2765 Roman.
500 2742 524 2764 in
537 2744 593 2765 sesto
608 2743 630 2765 S.
642 2743 742 2765 Eduardi
756 2742 794 2771 (24
806 2742 873 2771 Oct),
886 2743 935 2764 lect.
949 2742 969 2763 6.

187 2779 196 2792 ⁵
213 2780 315 2808 Hieron„
334 2781 364 2803 de
381 2781 442 2804 Viris
458 2781 592 2810 illustribus,
610 2788 630 2804 c.
648 2782 711 2804 9.-
723 2782 830 2810 Sequitur
842 2782 920 2804 Glossa
934 2786 969 2803 01·-

124 2818 218 2841 dium-ta
237 2819 259 2841 in
278 2820 301 2842 ll.
319 2820 378 2842 loan.
396 2827 419 2842 v.
437 2821 474 2843 ll.

187 2857 195 2870 ⁷
213 2859 255 2881 Pro
275 2859 331 2881 testo
349 2859 370 2881 S.
389 2859 479 2882 loannis
497 2860 537 2882 Ev.
552 2860 628 2882 adhuc
640 2860 697 2882 alius
708 2866 784 2882 sermo
796 2859 919 2887 inscriptus
932 2859 970 2880 Ro-

126 2900 267 2919 naventurae
284 2897 313 2920 de
331 2899 444 2921 themate:
464 2898 510 2926 Qui
534 2898 610 2928 dz'lz'qz't
635 2897 712 2921 cordis
737 2897 892 2925 munditiam,
913 2902 970 2926 pro-

123 2937 176 2965 pter
190 2936 295 2965 qratiam
314 2936 432 2960 labiorum
450 2943 551 2960 suorum
568 2936 659 2960 habebit
675 2937 779 2960 amicum
795 2943 875 2966 repant
893 2936 968 2965 (Prov.

126 2976 166 3003 22,
185 2975 240 3004 lh),
258 2975 354 2999 hahetur
375 2977 397 2999 iu
417 2976 585 3006 Supplemento
603 2975 695 2999 Bonelli
716 2976 779 3003 (tom.
803 2976 836 2998 lll.
860 2976 902 2998 col.
924 2976 965 2998 741

1027 2508 1100 2537 seqq.)
1114 2510 1135 2530 et
1152 2507 1226 2535 magis
1242 2509 1356 2529 contracte
1367 2507 1392 2528 in
1403 2506 1542 2529 editionibus
1554 2512 1589 2528 an.
1604 2506 1662 2528 '1479
1676 2506 1784 2535 (Zwollis)
1797 2508 1865 2535 atque

1027 2553 1063 2569 an.
1082 2547 1089 2568 sl
1098 2546 1137 2569 491
1159 2549 1180 2568 et
1197 2547 1264 2568 etiam
1288 2546 1310 2568 in
1326 2546 1378 2568 cod.
1397 2545 1499 2567 biblioth.
1518 2545 1650 2568 Basileensis
1668 2545 1736 2574 (sign.
1752 2546 1769 2567 B
1787 2545 1815 2568 X.
1835 2545 1865 2574 4).

1026 2585 1113 2607 Divisio
1131 2585 1243 2607 sermonis
1261 2584 1383 2612 variaeque
1401 2584 1525 2606 sententiae
1548 2583 1663 2606 insinuare
1684 2586 1776 2612 possent
1794 2584 1866 2606 Bona-

1029 2628 1149 2646 venturam
1167 2629 1190 2646 ut
1207 2626 1336 2651 auct01·em;
1354 2625 1388 2645 ast
1404 2622 1527 2651 expositio,
1545 2629 1603 2651 quae
1615 2623 1644 2645 de
1656 2623 1702 2645 sola
1715 2623 1778 2645 tertia
1790 2625 1866 2650 parte,

1027 2663 1074 2685 scil.
1091 2662 1195 2686 amicitia
1213 2661 1303 2689 (lirina,
1322 2664 1412 2688 tractat,
1429 2661 1458 2683 ita
1476 2661 1553 2684 deviat
1570 2667 1582 2683 a
1599 2661 1649 2683 stilo
1666 2664 1688 2683 et
1707 2661 1776 2684 modo
1794 2662 1866 2683 Bona-

1029 2704 1139 2724 venturae
1155 2704 1276 2727 consueto,
1295 2703 1318 2722 ut
1335 2701 1396 2722 hunc
1417 2706 1546 2722 sermonem
1569 2700 1726 2728 recipiendum
1748 2706 1794 2722 non
1816 2706 1866 2722 esse

1028 2740 1113 2768 opinati
1130 2741 1210 2762 simus.

1090 2778 1099 2791 ⁸
1117 2780 1146 2801 Ex
1163 2779 1213 2801 cod.
1232 2778 1339 2801 Trecensi
1357 2785 1379 2800 n.
1397 2778 1450 2800 95¹.
1468 2778 1503 2800 sol.
1521 2778 1550 2800 53
1568 2784 1594 2806 r.,
1611 2778 1650 2800 ubi
1669 2778 1774 2800 tribuitur
1791 2778 1814 2800 S.
1826 2778 1865 2800 Bo·

1028 2822 1176 2841 naventurae.
1194 2818 1278 2840 Textus
1295 2820 1328 2840 est
1345 2817 1426 2839 vitiose
1443 2819 1579 2844 reportatus.

1091 2856 1100 2868 ⁹
1119 2857 1183 2879 Vers.
1201 2857 1221 2879 S.

1090 2895 1110 2908 ¹⁰
1126 2895 1171 2919 Cir.
1189 2896 1289 2917 Enarrat.
1308 2895 1329 2917 in
1342 2896 1376 2917 ΡΞ.
1389 2894 1441 2917 449,
1454 2901 1477 2917 n.
1490 2895 1515 2922 43
1531 2897 1558 2917 tr.
1575 2895 1607 2917 10.
1620 2895 1642 2917 in
1655 2894 1723 2923 Epist.
1735 2895 1793 2917 loun.
1807 2901 1829 2917 n.
1842 2895 1868 2922 5;

1028 2935 1066 2958 lib.
1084 2935 1112 2957 de
1130 2935 1218 2957 Divers.
1236 2934 1367 2963 Quaestion.
1384 2940 1422 2963 qu.
1441 2934 1477 2956 54.
1496 2936 1517 2956 et
1533 2933 1572 2956 lib.
1593 2934 1621 2956 de
1644 2933 1727 2962 Spiritu
1748 2936 1770 2956 et
1792 2934 1868 2956 anima

1029 2975 1096 3003 (inter
1113 2980 1183 3002 opera
1201 2974 1316 3003 August),
1334 2980 1352 2996 c,
1371 2973 1407 2995 116.
1424 2985 1454 2990 —
1471 2973 1578 3003 Sequitur
1595 2974 1630 2995 l's.
1646 2973 1689 3000 72,
1706 2974 1743 2995 27.

1891 1978 1985 1997 msestatio

1883 2001 1957 2020 virtutis
1969 2001 1989 2020 S.

1873 2025 1950 2048 Agnetis
1962 2024 2001 2043 eive

1891 2048 1983 2067 assecutio

1891 2071 1987 2095 triumphi.

1882 2234 1995 2254 Snbdivisio.
