2243 3348
258 265 336 284 Divisio.

220 453 245 471 Ex
249 452 331 477 plicatio.

224 1665 270 1683 Pars
282 1665 296 1691 l.
310 1664 337 1683 De

229 1690 328 1707 sanctitate

228 1713 247 1730 S.
262 1712 326 1730 Marci.

223 2133 337 2152 Suhdivisio.

219 2274 288 2295 Primo,
302 2278 343 2300 san-

237 2300 291 2315 eutas
304 2302 323 2315 m

250 2320 313 2339 corde.

354 181 410 209 520

354 262 489 295 quantum
511 258 544 286 ad
565 257 635 286 duo:
658 256 764 293 primo,
786 258 920 292 quantum
942 254 975 282 ad
996 253 1196 286 sanctitatem,

353 313 417 334 cum
437 305 553 333 dicitur:
577 304 719 335 Sanctus;
741 301 869 334 secundo,
884 304 1019 337 quantum
1034 299 1067 327 ad
1082 299 1197 336 sapien-

354 352 444 386 tiam,
466 359 529 380 cum
550 350 666 379 dicitur:
683 349 713 376 itt
727 347 873 384 sapientia
894 350 991 375 manet
1003 346 1079 374 sieut
1094 345 1143 373 sol.
1159 362 1197 366 —

354 399 453 432 Primo,
475 398 543 431 dico,
565 399 700 433 quantum
722 394 755 422 ad
769 394 961 422 sanctitatem.
982 392 1149 425 «Sanctitas,
1167 395 1197 420 ut

353 445 390 473 ait
410 445 507 473 beatus
528 442 674 479 Dionysius
687 443 705 474 ¹,
727 444 768 470 est
788 440 823 469 ab
847 440 920 468 omni
946 439 1090 476 iniquitate
1112 438 1198 467 libera

353 492 460 529 puritas
475 503 500 518 n.
524 491 603 518 Istam
626 488 723 516 habuit
744 487 840 516 beatus
861 487 978 520 Marcus,
994 486 1059 522 quia
1074 486 1131 522 ipse
1146 484 1197 513 fuit

354 538 422 566 liber
444 536 478 565 ab
498 535 570 564 omni
593 534 701 563 macula
722 537 748 562 et
769 533 850 561 etiam
865 533 917 561 fuit
932 536 1044 561 secutus
1059 531 1130 559 viam
1145 531 1197 559 Do-

354 583 419 612 mini
442 587 468 611 et
490 582 682 610 mandatorum
704 580 764 608 eius
785 583 813 608 et
833 579 1020 612 consiliorum,
1042 578 1114 606 sicut
1135 577 1197 606 bea-

354 634 398 659 tus
413 630 510 658 Petrus
523 628 616 657 docuit
630 635 703 656 eum.
718 626 793 655 Unde
809 628 921 655 secutus
936 625 988 653 suit
1003 624 1130 653 mandata
1145 624 1198 652 Do-

353 676 429 711 mini,
450 675 601 705 secundum
624 674 697 712 quod
720 674 817 702 beatus
840 673 935 701 Petrus
949 672 1082 700 docuerat
1097 672 1196 708 ipsum.

352 723 429 753 L'nde
449 723 547 751 beatus
569 722 666 750 Petrus
687 721 713 749 in
737 724 843 749 tantum
872 719 969 748 dilexit
998 719 1104 755 ipsum,
1133 718 1198 755 quia

354 770 462 799 videbat
483 777 545 798 euni
568 769 605 797 ita
619 768 789 797 tractabilem
804 767 837 795 ad
852 775 929 795 suam
946 765 1108 799 doctrinam,
1124 765 1198 802 quod

352 817 447 854 filiunt
471 816 584 845 vocabat
605 823 677 844 eum.
700 814 775 843 Unde
796 814 822 842 in
845 813 963 851 quadam
994 812 1133 849 Epistola2
1157 812 1198 840 di-

354 864 405 893 cit:
428 863 546 892 Salutat
567 871 615 891 uos
636 862 765 895 Marcus,
787 860 867 897 filius
881 868 970 888 meus.
987 859 1046 888 Fuit
1061 867 1126 895 ergo
1142 859 1198 895 ple-

354 918 407 939 nus
428 909 579 943 sanctitate,
600 908 665 945 quia
687 907 814 936 mandata
835 906 942 935 Domini
964 913 1073 941 semper
1094 905 1146 933 suit
1160 912 1198 933 se-

354 960 437 986 cutus
456 960 483 985 et
504 964 520 984 a
542 959 594 984 tam
617 957 711 983 sancto
733 953 793 982 viro
814 953 942 986 edoctus;
971 955 998 981 et
1025 951 1077 980 fuit
1108 954 1198 980 tantae

355 1003 521 1037 sanctitatis,
543 1002 615 1039 quod
644 1001 708 1030 fecit
735 1000 785 1029 sibi
817 999 956 1037 amputari
988 998 1146 1036 pollicem³,
1168 1002 1198 1026 ut

354 1052 412 1088 ipse
432 1050 540 1087 fugeret
561 1049 706 1085 dignitates
721 1050 747 1076 et
762 1048 880 1075 honores
896 1047 979 1075 liuius
995 1046 1098 1074 mundi.
1124 1045 1199 1074 Unde

354 1101 501 1134 antequam
524 1096 581 1133 ipse
602 1095 709 1124 veniret
730 1095 773 1123 vel
788 1094 941 1130 susciperet
955 1093 1035 1121 fidem
1052 1092 1198 1129 Evangelii,

355 1148 414 1174 erat
435 1152 509 1172 uuus
530 1150 646 1179 magnus
668 1142 825 1178 patriarcha
846 1141 887 1169 vel
920 1140 1058 1177 legislator
1082 1143 1109 1168 et
1136 1139 1199 1168 fecit

354 1191 415 1220 fieri
447 1198 533 1219 unum
567 1189 699 1225 ternplum
734 1188 895 1216 mirabiliter
917 1187 1061 1224 pulcrum,
1095 1186 1199 1223 inquo

354 1238 450 1267 orabat
471 1240 497 1266 et
518 1236 633 1265 Domino
648 1235 792 1264 serviebat.
810 1235 840 1262 Et
855 1235 881 1262 in
897 1234 949 1262 boc
964 1241 1111 1270 possumus
1126 1233 1199 1261 clare

355 1285 457 1318 videre,
479 1283 553 1321 quod
575 1283 632 1320 ipse
654 1282 705 1310 suit
727 1284 847 1315 sanctus,
870 1280 935 1317 quia
956 1280 993 1308 ita
1014 1279 1136 1316 fugiebat
1150 1279 1199 1307 110-

354 1340 444 1361 nores.
467 1348 504 1352 -—
525 1330 586 1359 Fuit
606 1329 687 1358 etiam
708 1328 842 1365 sapien&
865 1327 942 1364 quia,
965 1330 1109 1363 postquam
1127 1326 1200 1354 venit

354 1379 388 1408 ad
409 1378 610 1414 susceptionem
640 1375 792 1412 Evangelii,
824 1374 876 1402 fuit
908 1373 1093 1410 Evangelista,
1125 1372 1199 1409 quod

355 1426 443 1454 maius
464 1428 505 1453 est
526 1432 607 1461 quam
630 1423 777 1459 legislator,
799 1422 870 1450 sicut
891 1421 930 1449 sol
952 1425 993 1449 est
1014 1425 1076 1449 ante
1098 1420 1198 1449 stellas.

356 1471 429 1500 Unde
451 1471 502 1499 ista
523 1470 577 1498 duo
599 1469 668 1498 bene
689 1468 856 1497 conveniunt
877 1467 937 1501 sibi,
954 1467 1056 1495 scilicet
1071 1466 1201 1495 sanctitas

354 1522 381 1547 et
402 1518 542 1554 sapientia,
564 1520 590 1545 et
613 1516 663 1544 ista
684 1515 739 1543 duo
760 1514 840 1543 debet
861 1514 963 1542 habere
985 1513 1101 1550 quilibet
1121 1513 1200 1541 Chri-

354 1565 469 1598 stianus,
491 1567 517 1592 et
538 1563 571 1592 de
593 1563 635 1591 his
656 1562 765 1590 duobus
781 1561 891 1589 intendo
906 1561 997 1589 dicere
1012 1560 1044 1589 ad
1061 1568 1198 1597 praesens.

433 1612 451 1639 Ι.
474 1611 579 1644 Primo,
601 1610 634 1638 de
656 1609 817 1637 sanctitate.
841 1608 899 1645 lpse
917 1608 968 1636 suit
990 1608 1047 1636 sine
1076 1608 1199 1642 macula3

354 1659 428 1688 unde
449 1657 535 1686 voluit
557 1656 658 1685 imitari
680 1655 828 1684 Dominum
860 1655 946 1683 lesum
980 1654 1138 1688 Christum,
1166 1654 1200 1683 de

355 1714 410 1743 quo
431 1705 532 1734 dicitur
544 1704 564 1738 4,
586 1702 660 1740 quod
682 1703 739 1739 ipse
754 1706 795 1730 est
809 1701 922 1730 candor
938 1701 1012 1729 lucis
1027 1704 1161 1729 aeternae
1176 1704 1200 1728 et

353 1753 503 1790 speculam
524 1752 586 1780 Sine
607 1750 745 1783 macula‚·
773 1752 800 1778 et
820 1749 900 1777 alibi:
924 1748 1075 1785 Spectosus
1099 1747 1200 1785 forma

351 1809 426 1837 prae
446 1799 516 1836 filiis
538 1798 696 1827 homiuum.
722 1797 751 1825 Et
773 1796 896 1833 loquitur
918 1795 955 1824 ibi
977 1795 1063 1832 magis
1083 1795 1117 1824 de
1139 1795 1200 1831 pul-

355 1846 490 1876 critudine
511 1845 646 1882 spirituali
669 1852 752 1881 quam
774 1843 926 1879 corporali;
949 1842 1021 1871 unde
1036 1842 1062 1870 in
1080 1842 1200 1878 Evange-

355 1894 391 1921 lio
411 1893 444 1922 de
466 1893 548 1921 fatuis
570 1891 738 1928 virginibus,
761 1897 832 1927 quae
860 1897 913 1917 non
943 1889 1057 1917 suerunt
1088 1888 1200 1925 pulcrae

354 1939 541 1977 pulcritudine
563 1937 697 1971 interiori,
719 1936 830 1970 dicitur,
852 1935 925 1973 quod
947 1943 1001 1964 non
1022 1934 1137 1963 fuerunt
1158 1942 1200 1963 re-

355 1990 449 2024 ceptae
470 1986 503 2015 ad
524 1986 643 2023 nuptias.
666 1984 741 2013 Unde
762 1986 879 2020 oportet,
901 1983 974 2020 quod
997 1983 1080 2011 homo
1103 1982 1201 2010 habeat

354 2033 569 2071 pulcritudinem
592 2032 708 2061 interius
730 2031 757 2059 in
779 2033 869 2059 mente
891 2034 918 2059 et
936 2030 1017 2059 etiam
1033 2029 1158 2058 exterius
1173 2029 1200 2057 in

355 2080 487 2109 exteriori
499 2079 714 2108 conversatione.
731 2078 762 2106 Et
776 2077 827 2106 ista
841 2077 979 2110 sanctitas,
994 2079 1111 2113 oportet,
1127 2075 1200 2113 quod

355 2128 390 2156 sit
405 2127 432 2155 in
447 2127 552 2156 tribus:
568 2126 667 2163 primo,
690 2125 717 2153 in
739 2124 841 2158 cortle;
860 2124 990 2158 secundo,
1006 2123 1032 2152 in
1048 2131 1201 2151 couversa-

356 2175 446 2207 tioue;
462 2173 543 2202 tertio
557 2176 675 2210 oportet,
691 2172 765 2209 quod
780 2172 814 2200 sit
828 2171 944 2208 probata
959 2171 985 2199 in
1005 2170 1200 2199 tribulatione.

434 2221 539 2255 Primo,
561 2220 637 2254 dico,
659 2220 686 2248 in
708 2219 810 2253 corae,
832 2226 886 2246 non
908 2218 997 2247 solum
1019 2220 1115 2251 extra3
1137 2225 1201 2245 nam

356 2267 526 2305 pulcritudo,
547 2275 618 2304 quae
640 2269 681 2295 est
702 2269 783 2294 extra
805 2265 909 2299 solum,
931 2265 968 2293 ita
989 2264 1063 2301 quod
1085 2272 1139 2292 non
1162 2264 1202 2292 in-

357 2319 414 2349 tra,
437 2318 477 2343 est
498 2315 569 2343 sicut
590 2313 762 2351 pulcritudo,
777 2320 848 2349 quae
863 2315 904 2341 est
926 2312 953 2340 in
975 2310 1095 2347 (mundi)
1117 2310 1202 2339 huius

357 2361 491 2398 sepulcris
502 2361 522 2388 ⁵.
554 2360 717 2397 Sepulcrum
750 2359 850 2388 etenim
886 2358 1012 2387 exterius
1045 2361 1086 2387 est
1124 2357 1202 2386 valde

357 2408 485 2445 pulcrum
507 2411 534 2436 et
555 2407 703 2444 depictum,
726 2406 843 2435 interius
864 2409 954 2434 tamen
978 2408 1019 2433 est
1041 2408 1128 2433 totum
1151 2404 1203 2433 soe-

358 2458 417 2483 tore
447 2454 574 2491 plenum,
597 2454 635 2482 sic
656 2456 697 2482 est
727 2453 760 2481 de
791 2453 934 2481 sanctitate
962 2451 1097 2488 corporali
1125 2454 1204 2480 exte-

359 2501 425 2530 riori
455 2501 499 2530 vel
525 2501 727 2537 pulcritudine,
749 2503 776 2528 et
796 2508 850 2528 non
876 2498 1010 2527 interiori.
1039 2498 1114 2527 Unde
1142 2498 1203 2527 talis

359 2548 488 2576 sanctitas
508 2551 549 2576 est
570 2547 730 2584 hypocrisis.
754 2546 829 2576 Unde
850 2547 889 2575 sic
911 2549 952 2575 est
976 2546 1010 2574 de
1038 2545 1126 2582 gratia
1155 2544 1202 2573 Dei

359 2597 386 2623 et
407 2594 560 2631 hypocrisi,
582 2602 632 2623 suo
653 2593 807 2628 contrario,
830 2593 902 2622 sicut
929 2593 963 2621 de
995 2596 1094 2621 natura
1123 2595 1150 2621 et
1170 2591 1204 2620 de

1021 175 1193 205 SERMONES
1215 175 1257 203 DE
1279 175 1418 203 SANCTlS.

1254 256 1322 285 arte,
1344 259 1415 288 quae
1436 255 1500 280 sunt
1521 251 1674 288 disparata;
1696 251 1770 288 quia,
1792 251 1863 280 sicut
1885 254 1984 280 natura
1998 252 2024 280 in
2039 251 2096 280 ani-

1256 299 1319 326 mali
1342 298 1431 335 primo
1452 298 1551 326 format
1572 306 1619 327 cor
1642 298 1767 332 interius,
1788 298 1885 327 deinde
1900 298 2000 327 format
2015 306 2097 327 mem-

1255 345 1304 373 bra
1326 344 1482 378 exteriora;
1504 345 1542 373 sic
1563 345 1651 381 gratia
1671 344 1763 373 divina
1785 345 1875 381 primo
1903 344 2023 374 vivificat
2050 353 2097 373 cor

1254 391 1372 420 interius
1392 395 1419 420 et
1440 392 1538 420 deinde
1561 391 1681 420 vivificat
1696 391 1821 420 exterius
1835 399 1919 428 opera
1933 395 1960 420 et
1974 391 2099 420 membra

1255 440 1281 466 et
1303 445 1408 467 sensus.
1431 438 1482 467 Sed
1504 438 1657 475 hypocrisis
1678 442 1705 467 et
1720 446 1789 467 vana
1803 438 1889 475 gloria
1904 438 1988 467 huius
2003 438 2096 467 mundi

1256 487 1344 513 totum
1366 493 1381 513 e
1402 485 1541 513 contrario
1562 485 1640 518 facit;
1663 485 1753 522 primo
1774 485 1846 514 enim
1868 485 1978 513 simulat
1999 484 2098 514 sancti-

1255 534 1337 560 tatem
1360 532 1486 560 exterius
1507 534 1534 560 et
1555 532 1649 568 fingit,
1671 540 1755 568 opera
1776 539 1835 561 esse
1863 535 1956 560 sancta
1983 534 2010 560 et
2039 531 2099 560 viva

1255 578 1396 612 exterius;
1418 581 1537 607 attamen
1561 579 1679 607 interius
1699 579 1790 607 anima
1821 582 1862 607 est
1893 581 1949 606 tota
1980 581 2097 607 mortua.

1255 624 1307 653 Sed
1329 624 1407 652 istam
1434 625 1605 653 sanctitatem
1637 632 1651 653 e
1682 625 1821 653 contrario
1852 627 1935 653 totam
1967 624 2100 653 debemus

1256 671 1367 705 habere,
1389 671 1492 700 scilicet
1513 671 1604 708 primo
1625 672 1651 700 in
1667 672 1764 705 corde;
1781 675 1807 700 et
1822 671 1873 700 ista
1888 671 2017 700 sanctitas
2030 671 2099 700 duas

1255 768 1366 793 sauctus
1387 768 1414 793 et
1434 773 1520 793 amor
1541 768 1660 794 sanctus.

1334 811 1433 845 Primo,
1455 813 1566 840 sanctus
1589 812 1634 840 Dei
1658 811 1753 840 timor.
1776 812 1886 846 Anima,
1917 819 1989 848 quae
2020 811 2100 840 modo
2124 818 2220 862 qnianssffioo
2240 847 2241 850 Ἰ

1255 862 1296 887 est
1317 858 1343 886 in
1366 861 1459 886 sancta
1481 858 1599 887 Ecclesia
1620 861 1647 887 et
1667 866 1738 895 quae
1760 857 1840 886 debet
1861 866 1920 886 esse
1941 858 1969 886 in
1990 858 2036 886 illa
2057 866 2101 886 su-

1257 914 1341 942 perna
1364 905 1510 934 Ierusalem
1527 905 1657 942 plantata,
1672 905 1753 934 debet
1768 905 1870 939 habere
1885 905 1956 933 hanc
1971 904 2099 939 radicem,

1255 951 1359 980 scilicet
1390 955 1516 980 sanctum
1548 952 1683 980 timorem.
1716 952 1791 980 Unde
1819 952 1845 980 in
1875 951 2100 980 Ecclesiastico⁶:

1258 999 1315 1034 Qui
1335 999 1433 1027 timent
1457 998 1611 1027 Dominum
1631 998 1858 1036 praeparabunt
1879 998 1970 1027 eorda
1984 1006 2052 1032 sua,
2067 998 2100 1027 ad

1255 1046 1406 1074 faciendam
1429 1046 1596 1074 voluntatem
1620 1046 1741 1079 Domiui3
1764 1048 1790 1074 et
1816 1053 1924 1082 semper
1945 1045 2047 1074 habeut
2068 1045 2101 1074 ti-

1256 1101 1360 1121 morem
1384 1093 1501 1126 Domini,
1523 1093 1595 1121 sicut
1616 1101 1671 1121 una
1686 1092 1757 1121 bona
1771 1085 1890 1127 domina,
1905 1092 2015 1129 quando
2030 1092 2100 1121 mul-

1256 1142 1315 1168 tum
1337 1139 1425 1176 diligit
1445 1139 1587 1168 dominum
1609 1147 1706 1173 suum,
1728 1139 1847 1167 multum
1869 1139 1939 1168 bene
1960 1147 1989 1168 se
2010 1141 2101 1168 custo-

1256 1186 1295 1214 dit
1316 1186 1349 1214 de
1370 1186 1493 1214 faciendo
1516 1194 1587 1219 rem,
1610 1194 1680 1222 quae
1701 1186 1724 1214 ei
1746 1185 1897 1222 displiceat,
1912 1188 1939 1214 et
1954 1185 2101 1222 praecipue

1256 1233 1282 1261 in
1306 1236 1454 1270 conspectu
1476 1233 1565 1267 illius,
1587 1233 1625 1261 sic
1647 1232 1766 1261 totaliter
1782 1240 1831 1261 nos
1845 1232 1977 1261 debemus
1998 1232 2101 1266 facere,

1257 1288 1349 1309 coram
1371 1280 1486 1308 Domino
1509 1280 1566 1308 lesu
1582 1279 1691 1308 Christo
1706 1279 1809 1307 habere
1823 1282 1948 1307 sanctum
1965 1279 2101 1314 timorem,

1257 1335 1291 1356 ne
1312 1326 1444 1355 faciamus
1465 1326 1585 1363 aliquid,
1608 1326 1726 1360 scilicet,
1749 1326 1822 1363 quod
1844 1326 1868 1354 ei
1893 1325 2050 1363 displiceat,
2071 1329 2102 1355 ut

1258 1377 1400 1410 peccatum
1422 1373 1548 1409 aliquod,
1571 1377 1598 1402 et
1619 1373 1756 1407 maxime,
1778 1373 1843 1410 quia
1863 1372 1933 1401 nihil
1954 1380 2101 1409 possumus

1257 1420 1363 1454 facere,
1385 1420 1452 1457 quin
1474 1419 1607 1448 faciamus
1629 1420 1656 1447 in
1688 1422 1837 1456 conspectu
1868 1419 1936 1448 eius.
1969 1418 2043 1448 Unde
2074 1419 2101 1447 in

1258 1467 1340 1496 lsaia:
1365 1467 1522 1495 Dominum
1545 1469 1641 1495 autem
1664 1466 1844 1495 exercituum
1870 1466 1966 1503 ipsum
1994 1465 2102 1494 sancti-

1256 1513 1341 1550 ficate
1370 1514 1395 1542 in
1418 1513 1549 1542 cordibus
1570 1513 1678 1542 vestris.
1702 1513 1766 1550 lpse
1786 1513 1821 1541 sit
1839 1521 1935 1550 pavor
1955 1516 2057 1547 vester,
2078 1516 2103 1541 et

1258 1561 1317 1598 ipse
1339 1564 1434 1589 terror
1455 1565 1553 1589 vester.
1577 1560 1715 1589 Debemus
1745 1568 1811 1597 ergo
1844 1559 1946 1588 habere
1977 1562 2103 1588 sanctum

1258 1608 1383 1636 timorem
1405 1607 1438 1635 de
1460 1608 1516 1635 Deo
1538 1607 1564 1635 in
1586 1606 1684 1641 corde,
1706 1607 1771 1644 quia
1792 1614 1872 1635 secus
1893 1606 1987 1635 nullus
2014 1608 2103 1643 potest

1257 1655 1409 1683 iustificari.
1432 1654 1483 1683 Iste
1505 1658 1617 1683 sanctus
1638 1654 1720 1682 timor
1742 1654 1823 1683 debet
1844 1661 1903 1683 esse
1924 1654 1950 1682 in
1966 1653 2103 1688 omnibus,

1257 1705 1283 1730 et
1304 1702 1452 1738 praecipue
1473 1701 1499 1729 in
1522 1701 1607 1729 sacris
1636 1701 1805 1738 virginibus,
1827 1701 1892 1738 quia
1914 1700 2060 1735 Dominus,
2081 1700 2103 1729 si

1258 1748 1330 1777 videt
1342 1748 1361 1782 ⁷,
1377 1756 1412 1777 ex
1433 1756 1488 1785 quo
1509 1751 1550 1776 est
1571 1748 1622 1776 sibi
1644 1748 1707 1776 data
1727 1751 1754 1776 et
1775 1747 1950 1784 desponsata,
1966 1755 2018 1776 non
2035 1747 2103 1782 vult,

1257 1794 1331 1832 quod
1353 1795 1481 1831 respiciat
1502 1795 1535 1823 ad
1558 1795 1678 1831 aliquem
1700 1795 1785 1823 alium
1808 1794 1859 1823 nisi
1875 1794 1908 1823 ad
1923 1794 2023 1831 ipsum,
2039 1794 2104 1831 quia

1258 1842 1315 1879 ipse
1337 1845 1378 1871 est
1400 1842 1436 1870 ita
1455 1842 1598 1878 zelotypus
1609 1842 1620 1858 ³
1635 1842 1668 1870 de
1684 1841 1871 1878 pulcritudine
1885 1841 2019 1875 mulieris,
2034 1841 2105 1870 sicut

1258 1889 1352 1918 nullus
1366 1889 1483 1926 pulcher
1498 1889 1660 1917 domicellus
1675 1897 1797 1925 unquam
1820 1891 1912 1925 posset
1926 1896 1984 1917 esse
1999 1887 2032 1916 de
2046 1888 2105 1925 pul-

1258 1936 1395 1965 critudine
1416 1944 1482 1965 suae
1503 1936 1616 1972 pulcrae
1638 1935 1778 1970 mulieris;
1800 1935 1834 1964 de
1855 1934 2051 1972 pulcritudine,
2066 1934 2105 1963 in-

1258 1991 1351 2020 quam,
1373 1982 1497 2011 interiori
1520 1983 1638 2017 virtute;
1661 1990 1723 2011 nam
1746 1982 1779 2011 de
1794 1982 1926 2011 exteriori
1942 1989 2041 2019 parurn
2056 1989 2104 2010 cu-

1259 2033 1301 2058 rat
1322 2030 1379 2066 ipse
1401 2029 1459 2058 stne
1479 2030 1546 2064 1111ος
1569 2032 1661 2058 tamen
1682 2029 1751 2058 bene
1779 2029 1868 2066 placet
1898 2028 1965 2062 sibi,
1997 2031 2028 2057 ut
2050 2036 2105 2057 una

1258 2085 1321 2106 cum
1343 2077 1430 2105 altera
1451 2077 1570 2105 totaliter
1592 2076 1642 2105 sibi
1675 2076 1855 2110 custodiatur,
1877 2076 1915 2104 ita
1945 2075 2018 2112 quod
2049 2083 2104 2104 non

1258 2124 1326 2158 vult,
1349 2123 1422 2161 quod
1444 2123 1572 2160 respiciat
1592 2123 1626 2152 ad
1647 2123 1767 2160 aliquem
1788 2123 1872 2151 alium
1888 2123 1939 2151 nisi
1954 2122 1988 2151 ad
2002 2122 2103 2159 ipsum,

1258 2171 1329 2200 sicut
1350 2178 1440 2207 neque
1461 2178 1594 2207 sponsus,
1616 2170 1663 2207 qui
1686 2170 1805 2199 multum
1834 2172 1875 2198 est
1902 2169 2044 2206 zelotypus
2071 2169 2104 2198 de

1259 2225 1309 2246 sua
1329 2217 1427 2254 pulcra
1448 2225 1548 2251 uxore,
1571 2225 1624 2245 non
1647 2220 1737 2254 potest
1757 2216 1902 2250 sustinere,
1924 2215 1998 2253 quod
2018 2215 2104 2244 alium

1259 2264 1387 2300 respiciat
1408 2271 1458 2292 nec
1478 2263 1513 2292 ab
1534 2264 1587 2292 alio
1608 2263 1787 2300 respiciatur3
1810 2263 1849 2292 sic
1871 2263 1930 2292 vult
1954 2262 2103 2297 Dominus,

1259 2310 1333 2348 quod
1353 2310 1443 2339 anima
1466 2313 1560 2339 sancta
1581 2310 1614 2338 ad
1636 2310 1743 2338 nullum
1765 2310 1850 2339 alium
1878 2310 1929 2338 nisi
1951 2309 1985 2338 ad
2012 2309 2103 2346 ipsum

1259 2357 1395 2394 respiciat.
1418 2357 1461 2385 SIc
1482 2357 1551 2385 bene
1572 2356 1636 2386 fecit
1658 2356 1711 2391 lob,
1727 2357 1774 2394 qui
1789 2356 1911 2385 dicebat:
1929 2356 2032 2394 Pepiyi
2045 2354 2104 2392 foe-

1259 2404 1315 2433 (tus
1336 2412 1404 2432 cum
1425 2403 1515 2432 oeulis
1536 2404 1624 2437 meix,
1648 2407 1679 2432 ut
1699 2412 1733 2432 ue
1755 2403 1912 2441 eoqttarem
1934 2403 2050 2441 quidem
2070 2402 2105 2431 de

1259 2450 1381 2488 virgine.
1404 2450 1541 2479 Habemus
1562 2458 1643 2487 ergo,
1665 2450 1738 2487 quod
1760 2453 1872 2479 sanctus
1899 2450 1981 2478 timor
2002 2453 2029 2478 et
2050 2452 2105 2478 tre—

1260 2506 1319 2526 mor
1341 2500 1382 2526 est
1404 2506 1459 2526 una
1479 2497 1513 2526 de
1534 2497 1673 2526 radicibus
1695 2496 1854 2526 sanctitatis.

1338 2545 1394 2573 Alia
1415 2544 1496 2573 radix
1518 2547 1559 2573 est
1581 2548 1693 2573 sanctus
1714 2552 1816 2578 amor;
1831 2546 1858 2572 et
1872 2552 1925 2572 non
1941 2546 2030 2580 potest
2044 2551 2104 2572 esse
2127 2548 2225 2592 ngmrggffio

1260 2599 1344 2621 verus
1364 2600 1441 2620 amor
1470 2591 1528 2620 sine
1559 2591 1674 2626 timore,
1705 2591 1770 2628 quia
1801 2591 1883 2619 timor
1903 2593 2050 2627 praeparat
2070 2589 2104 2619 ad

423 2774 431 2787 ¹
450 2774 509 2797 Vide
526 2780 596 2802 supra
613 2780 668 2802 pag.
685 2774 744 2801 503,
761 2777 838 2797 uotam
855 2774 878 2797 7.

421 2812 430 2826 ²
448 2813 518 2841 Epist.
535 2814 549 2835 1.
566 2820 586 2835 c.
607 2813 628 2840 5,
647 2814 684 2835 113.

422 2851 431 2864 ⁸
448 2852 507 2874 Vide
524 2852 662 2879 Barouium,
679 2852 777 2875 Annales
794 2853 918 2875 ecclesiast.
937 2856 991 2875 tom.
1009 2853 1023 2875 l.
1042 2852 1071 2875 ad
1089 2858 1124 2874 an.
1142 2852 1204 2874 Chri-

360 2891 387 2913 sti
406 2891 443 2913 45.
459 2897 482 2913 n.
500 2891 535 2918 46,
549 2890 589 2913 ubi
600 2892 643 2913 hoc
656 2892 740 2913 sactum
754 2891 811 2913 inter
824 2891 912 2914 fabulas
923 2891 1050 2919 ablegatur.
1063 2892 1124 2919 Lege
1135 2891 1203 2914 etiam

361 2936 421 2958 quae
438 2929 523 2952 ibidem
541 2937 563 2952 n.
582 2930 618 2952 42.
637 2936 701 2959 seqq.
719 2930 827 2953 dicuntur
845 2930 874 2953 ad
897 2931 1006 2953 tollendas
1028 2931 1058 2953 de
1079 2931 1146 2953 Marci
1164 2936 1204 2952 no-

361 2968 422 2990 mine
439 2967 609 2996 ambiguitates.

1321 2772 1331 2785 ‘¹
1349 2774 1402 2801 Sap.
1420 2773 1442 2800 7,
1461 2773 1502 2800 263
1522 2774 1651 2801 sequuntur
1665 2772 1699 2794 ΡΞ.
1713 2771 1749 2799 44,
1762 2772 1783 2794 3.
1796 2774 1817 2794 et
1828 2771 1880 2794 dein
1893 2771 2015 2799 respicitur
2028 2770 2104 2793 Matth.

1260 2813 1301 2839 25,
1324 2813 1358 2834 10.
1374 2819 1439 2841 seqq.

1323 2850 1332 2863 5
1349 2851 1477 2879 Respieitur
1495 2851 1572 2873 Matth.
1590 2851 1626 2879 23,
1644 2850 1682 2872 27.

1322 2890 1331 2904 ὓ
1349 2889 1403 2918 Cap.
1422 2890 1444 2916 2,
1461 2890 1503 2916 20;
1522 2889 1626 2918 sequitur
1644 2888 1694 2911 lsai.
1711 2889 1736 2916 8,
1758 2888 1791 2910 ¹3.

1323 2927 1331 2940 ⁷
1349 2928 1425 2952 Codex
1443 2928 1512 2951 habet
1528 2928 1584 2951 voit.

1323 2966 1332 2980 ⁸
1350 2968 1479 2996 Respicitur
1497 2968 1566 2990 Exod.
1584 2968 1624 2996 20,
1643 2967 1669 2996 5;
1687 2966 1791 2995 sequitur
1809 2965 1848 2989 lob
1865 2966 1902 2995 3t,
1924 2967 1941 2988 l.

2112 701 2125 719 h
2140 678 2208 705 Duplex
2232 698 2243 710 Η,

1256 718 1338 746 habet
1360 718 1473 752 radices,
1489 718 1531 746 vel
1552 718 1607 747 duo
1628 726 1688 747 eam
1704 719 1879 753 comitantur,
1895 718 1997 747 scilicet
2012 719 2099 747 timor
2122 707 2167 744 ιῗιῗέ
2175 703 2235 747 {iffi

2121 1659 2209 1679 Hei-tatio.
