2243 3348
7 563 13 582 „i
59 557 136 577 Divisio.

1 1273 4 1279 .
31 1257 57 1277 De
68 1256 128 1276 Patris

0 1291 3 1315 ',
37 1281 124 1305 potentia.

34 1678 81 1705 'Octo
94 1682 136 1704 ppo-

5 1703 136 1744 'ease

0 1723 56 1767 istum
75 1748 135 1772 appli-

5 1773 66 1791 108188.

62 1817 131 1837 Prima.

42 2286 133 2306 Secunda.

733 148 765 177 lN
787 148 981 177 NATlVlTATE
1003 149 1127 178 DOMINI.
1149 150 1258 178 SERMO
1280 151 1320 179 lV.

157 225 188 252 in
202 224 330 252 eii-cuitu
343 223 457 261 gloriae
470 232 552 258 suae,
569 233 675 253 numus
692 225 805 254 Eoeeelsi
822 231 1002 262 aperuerunt

108 284 113 290 π
157 271 257 304 illuni,
280 270 458 299 Ecclesiastici
480 271 690 307 quadragesimo
712 272 793 300 tertio
808 274 827 300 1.

234 316 422 345 Consideranti
445 316 511 344 mihi
534 317 700 346 celebritatis
723 318 871 347 hodiernae
893 319 1000 347 inenar-

156 363 243 392 rabile
264 362 427 399 mysterium
449 366 476 390 et
497 362 657 391 admirabile
683 368 885 393 sacramentum
907 369 934 394 et
960 366 1000 393 in-

155 409 319 445 explicabile
340 408 504 437 beneficium
525 409 648 437 occurrit
673 410 823 445 praemissa
842 412 1000 445 auctoritas,

156 456 182 484 in
204 464 260 493 qua
281 456 430 484 nativitatis
451 455 551 483 Christi
582 464 667 484 novae
690 464 737 492 per
763 465 872 486 carnem
900 459 1001 487 veritas

156 502 312 539 explicatur
334 502 386 531 sub
408 502 568 538 metaphora
591 502 679 530 iridis
700 503 757 531 sive
771 511 853 532 arcus
868 505 999 533 caelestis

156 549 184 577 ln
205 557 261 585 qua
282 549 394 585 Sapiens
415 552 536 585 quatuor
556 548 634 576 facit:
657 549 746 585 primo
769 550 851 578 mittit
872 551 904 578 ad
919 551 1000 579 devo—

155 599 210 623 tam
233 595 456 632 recogynitionem
477 595 619 631 originalis
644 598 670 623 et
698 596 862 624 universalis
882 597 928 625 Dei
949 605 1000 634 po-

156 641 268 675 tentiae,
283 649 333 678 per
354 641 445 669 carnis
463 641 661 669 assumtionem
676 642 830 676 inclinatae,
845 650 907 671 cum
919 643 999 671 dicit:

163 688 228 716 Vide
249 696 352 716 areum
375 692 399 716 et
421 687 535 716 benedic
556 696 622 716 eum
644 688 696 726 qui
708 687 777 725 feeit
794 689 885 717 illum.
903 707 938 709 —
954 690 1001 718 Se-

155 734 245 763 cundo
266 735 371 763 inducit
384 735 418 763 ad
440 734 590 763 studiosam
607 734 829 771 speculationem
849 736 1000 764 luciformis

155 786 182 810 et
196 782 382 818 pulcriformis
398 782 444 810 Dei
460 781 630 818 sapientiae,
648 789 697 818 per
711 790 809 810 novam
829 782 999 811 nativitatem

154 828 300 862 revelatae,
316 836 379 857 cum
394 828 474 857 dicit:
493 828 576 856 valde
590 829 737 865 speciosus
752 832 792 856 est
806 829 837 857 in
850 828 1000 865 splendore

154 883 216 903 suo.
239 891 275 896 —
298 875 390 903 Tertio
411 875 521 903 deducit
542 875 575 903 ad
597 875 743 911 gratiosam
769 876 999 912 cleyztstationeni

154 921 316 950 boniformis
337 925 364 950 et
386 922 506 950 liberalis
528 922 573 950 Dei
596 921 778 955 elementiae,
805 922 926 950 humano
954 931 998 960 ge—

153 969 213 997 neri
236 968 316 997 hodie
337 969 569 1002 communicatae,
592 976 654 997 cum
681 968 762 997 dicit:
788 970 907 1006 gyravit
936 978 998 998 eae-

155 1014 214 1043 lum
237 1015 410 1043 incircuitu
430 1015 543 1052 qloriae
563 1023 643 1043 suae.
659 1032 697 1035 —
712 1016 816 1051 Quarto
838 1015 945 1043 reducit
965 1016 999 1044 ad

154 1061 254 1090 harum
279 1062 402 1090 omnium
429 1062 603 1099 gratiarum
632 1062 750 1090 debitam
780 1062 921 1090 actionem
949 1070 998 1099 per

153 1108 375 1144 recogitationem
398 1111 489 1137 tantae
510 1109 627 1145 gratiae,
649 1108 781 1137 divinitus
803 1109 905 1137 mundo
931 1109 998 1137 effu-

154 1162 208 1189 sae,
230 1162 293 1183 cum
315 1154 404 1183 addit:
427 1163 536 1183 manus
558 1155 672 1183 Excelsi
692 1159 872 1192 aperuerunt
893 1156 984 1184 illum.

232 1202 288 1230 Sub
310 1202 472 1238 metaphora
493 1210 558 1239 ergo
580 1202 667 1230 iridis
688 1202 745 1231 sive
766 1203 890 1231 caelestis
917 1210 999 1231 arcus

153 1248 200 1277 Dei
220 1248 349 1285 potentia
370 1248 449 1277 nobis
470 1249 598 1277 inclinata
618 1257 668 1285 per
690 1249 887 1277 humanitatem
909 1253 1000 1278 osten—

153 1296 238 1330 ditur,
260 1304 322 1324 cum
345 1296 411 1324 dicit
431 1296 559 1332 Sapiens:
589 1296 655 1324 Vide
678 1304 798 1330 arcum,
821 1296 846 1325 id
861 1299 915 1330 est,
930 1296 998 1324 divi-

153 1351 217 1372 nam
238 1343 404 1372 Maiestatem
431 1343 575 1372 considera
595 1343 674 1380 quasi
696 1351 745 1380 per
767 1344 868 1372 nubem
900 1344 998 1372 huma-

153 1389 259 1423 nitatis,
280 1397 309 1427 se
329 1389 433 1418 mundo
455 1389 630 1418 inclinantem
653 1397 703 1426 per
725 1390 919 1418 iucarnationis
940 1398 998 1426 my-

153 1437 268 1465 sterium
290 1440 317 1465 et
338 1436 598 1465 condescendentem
623 1445 671 1473 per
694 1445 780 1466 novae
801 1437 950 1466 nativitatis
971 1437 997 1465 in

153 1491 235 1512 carne
256 1487 476 1518 sacramentum;
498 1487 524 1511 et
545 1483 674 1517 benedic,
696 1492 745 1520 per
767 1484 997 1521 recognitionem,

152 1531 204 1568 qui
223 1530 292 1568 fecit
312 1530 405 1564 illum,
429 1531 480 1559 hoc
501 1534 543 1559 est
566 1531 671 1559 Patrem
694 1533 855 1565 aeternum,
884 1531 930 1567 qui
960 1531 998 1559 sic

151 1586 215 1608 eum
237 1578 375 1607 incarnari
397 1581 424 1607 et
445 1578 517 1606 nasci
540 1578 685 1606 ordinavit.

230 1626 297 1654 Nota
321 1633 403 1662 ergo,
425 1624 499 1662 quod
520 1625 647 1653 Christus
675 1628 757 1654 natus
781 1625 882 1654 dicitur
908 1633 997 1653 arcus

152 1671 280 1700 caelestis
295 1674 408 1708 propter
424 1674 485 1700 octo
501 1673 683 1708 proprietates
695 1672 836 1705 virtuales,
848 1680 918 1709 quae
933 1674 998 1700 sunt

151 1719 178 1747 in
200 1726 269 1747 arcu
290 1718 441 1747 secundum
464 1719 768 1755 repraesentationem,
788 1722 815 1747 et
835 1718 948 1747 fuerunt
969 1718 995 1746 in

151 1765 260 1794 Christo
274 1768 338 1794 nato
349 1773 399 1802 per
411 1772 491 1794 omne
503 1768 613 1802 tempus
625 1765 776 1794 secundum
788 1765 946 1794 veritatem.
959 1782 996 1785 —

151 1813 217 1841 Nam
233 1820 315 1841 arcus
326 1815 462 1849 quantum
475 1812 508 1841 ad
524 1812 705 1841 substantiam
717 1817 895 1849 procreatur
906 1820 941 1841 ex
954 1821 996 1841 re-

151 1859 284 1896 fulgentia
298 1862 325 1888 et
339 1859 549 1896 repercussione
564 1859 705 1888 radiorum
723 1859 854 1888 solarium
879 1860 903 1887 in
923 1859 996 1887 nube

144 1914 285 1940 concava,
314 1906 407 1935 rorida
428 1909 455 1935 et
475 1906 625 1935 imbrifera.
655 1906 697 1935 Sic
722 1906 875 1935 substantia
895 1906 994 1934 Christi

150 1954 205 1982 nati
222 1956 357 1991 quantum
378 1953 412 1981 ad
434 1961 536 1990 corpus
556 1956 583 1982 et
604 1953 722 1981 animam
745 1956 890 1990 procreata
904 1956 994 1981 estex

150 2000 303 2029 reflexione
318 2000 459 2028 radiorum
475 2003 501 2028 et
517 2000 652 2028 virtutum
669 2000 840 2028 beatissimae
856 2000 996 2028 Trinitatis

149 2050 280 2084 tanquam
304 2047 369 2076 solis
389 2047 493 2075 aeterni
514 2047 540 2075 in
563 2047 702 2084 Virginem
725 2047 871 2083 gloriosam
893 2046 949 2075 sive
968 2047 994 2074 iu

149 2097 278 2122 naturam
309 2094 475 2127 humanam,
497 2096 627 2130 tanquam
649 2094 676 2122 in
699 2094 773 2122 nube
801 2101 919 2122 concava
946 2101 995 2129 per

150 2141 333 2170 humilitatem
356 2140 531 2177 profundam,
554 2141 646 2169 rorida
667 2144 694 2169 et
715 2141 855 2169 imbrifera
877 2149 925 2177 per
940 2141 996 2176 Spi-

149 2187 221 2216 ritus
249 2188 335 2216 sancti
364 2188 606 2224 superventionem
634 2188 792 2221 abundam;
818 2187 993 2216 Ecclesiastici

151 2234 379 2271 quinquagesimo
391 2235 417 2262 2:
439 2234 533 2270 Quasi
546 2243 637 2263 arcus
652 2233 799 2272 refulgyens
814 2235 888 2263 inter
908 2234 994 2262 nebu-

151 2280 195 2309 las
214 2281 328 2318 yloriae
342 2284 403 2316 etc„
421 2281 523 2309 dicitur
544 2281 577 2309 de
599 2281 708 2309 Christo
725 2284 797 2309 nato.
813 2297 851 2301 —
866 2281 946 2309 Plena
960 2280 995 2308 fa-

150 2328 191 2357 cie
211 2328 330 2364 respicit
350 2328 436 2356 solem
459 2336 495 2356 ex
516 2328 641 2365 opposito
669 2331 696 2356 et
725 2328 872 2364 respicitur
893 2336 908 2355 a
929 2327 993 2355 sole.

151 2375 193 2403 Sic
214 2375 341 2404 Christus
362 2378 443 2403 natus
464 2376 545 2411 plena
562 2375 631 2403 facie
651 2375 758 2403 animae
778 2383 826 2411 per
850 2374 994 2411 plenitudi—

150 2429 212 2450 nem
235 2422 383 2458 sapientiae
406 2422 568 2458 respiciebat
598 2422 624 2450 in
645 2422 747 2450 fontem
777 2421 846 2450 lucis
867 2424 994 2449 aeternae

150 2471 176 2497 et
198 2468 397 2504 respiciebatui·
425 2477 441 2496 a
462 2468 535 2497 sonte
562 2469 646 2502 lucis,
669 2471 763 2505 utpote
791 2468 817 2496 in
840 2476 895 2504 quo
916 2470 995 2496 eraut

151 2513 283 2543 thesauri
302 2515 464 2551 sapientiae
484 2519 508 2543 et
535 2515 672 2543 scientiae
693 2515 740 2543 Dei
763 2514 939 2548 absconditi,
967 2517 994 2542 et

150 2560 181 2589 in
202 2569 258 2599 qao
280 2560 424 2589 inhabitat
455 2562 550 2589 omnis
567 2561 717 2598 plenitudo
740 2560 909 2588 Di'oinitatis
931 2568 993 2588 cor-

1841 155 1895 184 113

1054 227 1215 263 poralz‘ter‚·
1237 228 1384 257 Ezechielis
1415 229 1544 265 primo³:
1574 230 1638 259 Vidi
1664 231 1751 268 quasi
1776 233 1896 269 speeiem

1057 273 1134 310 ignis
1154 274 1327 310 splendentis
1342 275 1373 303 in
1388 275 1525 309 circuitu,
1540 276 1615 305 velut
1629 281 1774 314 aspectum
1795 287 1894 312 arcu&

1057 327 1123 347 cum
1143 319 1235 356 fuerit
1256 321 1287 349 in
1308 321 1382 349 nube
1403 322 1434 350 in
1449 322 1494 350 (lie
1512 322 1638 359 pluviae.
1655 324 1710 352 Hie
1729 329 1793 353 erat
1813 334 1895 362 aspe—

1057 369 1120 393 ctus
1140 366 1302 402 splendoris
1321 376 1373 404 per
1392 377 1509 406 pyrum.
1534 370 1610 398 Haec
1635 371 1707 399 visio
1728 371 1895 400 similitudi-

1056 412 1103 439 nis
1116 412 1228 449 9loriae
1244 414 1367 442 Domini.
1383 432 1422 435 —
1436 416 1453 444 Α
1476 419 1550 444 terra
1571 425 1659 454 usque
1674 418 1707 446 ad
1722 419 1826 446 caelum
1842 419 1893 447 cir-
1911 424 1979 443 Tertia-

1056 458 1187 487 culariter
1208 459 1351 494 elevatur,
1373 461 1481 490 duobus
1509 463 1638 491 cornibus
1668 467 1768 493 terram
1797 473 1894 502 percu—

1057 504 1148 533 tiendo
1169 508 1196 533 et
1210 507 1312 535 vertice
1327 508 1432 536 caelum
1447 509 1590 545 tangendo.
1613 511 1655 539 Sic
1670 511 1796 540 Christus
1815 516 1895 541 natus

1056 550 1083 578 in
1107 554 1180 579 terra
1196 555 1226 579 ut
1240 553 1336 581 viator
1351 554 1474 582 elevatur
1489 556 1514 582 iu
1531 557 1645 591 caelum,
1662 560 1692 585 ut
1713 558 1894 595 comprehen-

1055 605 1106 624 sor
1126 600 1153 625 et
1174 598 1273 634 spiritu
1294 602 1321 627 et
1348 608 1429 629 carne
1450 602 1570 630 calcabat
1592 604 1725 632 mundum
1750 608 1776 633 et
1797 606 1894 641 synde-

1057 643 1109 671 resi
1141 644 1279 673 habitabat
1307 647 1428 680 caelum;
1457 648 1629 685 Apocalypsis
1656 650 1801 679 decimo⁴¹z
1832 653 1895 680 Vidi

1056 689 1149 717 alium
1166 691 1306 727 Anyelum
1321 691 1435 728 foi-lenz,
1450 694 1659 724 descendentem
1674 698 1707 725 cle
1718 699 1804 732 eaelo,
1820 700 1893 728 ami—

1056 739 1135 763 ctam
1149 736 1233 769 nube,
1249 741 1273 765 et
1288 738 1343 766 iris
1357 739 1387 767 in
1409 741 1501 776 capite
1522 742 1592 775 eius,
1607 747 1630 770 et
1647 742 1738 780 facies
1756 745 1817 773 eius
1831 750 1893 774 erat

1058 785 1087 809 ut
1108 782 1167 815 sol,
1188 786 1213 810 et
1230 784 1315 819 pectes
1336 785 1399 812 eius
1421 790 1560 824 tanquam
1579 789 1728 818 columnae
1749 791 1833 828 iyuis.
1855 809 1893 812 —

1058 827 1252 862 Quadricolor
1272 834 1313 858 est
1333 839 1369 858 ex
1390 835 1509 867 quatuor
1530 835 1670 863 elementis
1691 837 1741 865 sibi
1763 838 1892 873 oppositis
1909 843 1984 866 Quaru-

1056 877 1083 902 et
1104 874 1130 902 in
1152 882 1181 903 se
1203 876 1398 905 relucentibus.
1421 878 1463 907 Sic
1477 879 1603 909 Christus
1617 885 1697 910 natus
1716 883 1742 910 in
1763 891 1790 912 se
1806 887 1893 913 trans—

1055 920 1183 950 formavit
1204 923 1321 951 colorem
1346 924 1467 953 rubeum
1483 933 1531 962 per
1550 927 1689 956 caritatem
1712 929 1831 965 igneam;
1853 938 1894 959 co-

1056 968 1141 996 lorem
1164 971 1282 997 aereum
1299 978 1347 1006 per
1362 971 1534 1000 serenitatem
1552 973 1698 1009 placidam;
1720 976 1837 1004 colorem
1855 977 1894 1004 oi-

1056 1014 1148 1043 riclem
1172 1023 1219 1051 per
1241 1017 1432 1045 amoenitatem
1448 1019 1610 1055 gratiosain;
1630 1022 1746 1049 colorem
1770 1030 1893 1060 aqueum

1055 1069 1104 1097 per
1128 1062 1254 1098 pietatem
1277 1063 1443 1097 fraternam3
1465 1065 1569 1102 absque
1590 1067 1728 1096 coloribus
1755 1069 1814 1096 aliis
1834 1077 1894 1105 spe—

1055 1108 1170 1137 cialibus
1192 1109 1284 1143 variis,
1300 1118 1370 1146 quos
1386 1111 1410 1138 in
1427 1119 1458 1139 eo
1473 1111 1640 1148 distinguere
1656 1122 1708 1141 non
1725 1115 1788 1142 sinit
1802 1123 1891 1150 causa,

1055 1155 1126 1184 sicut
1147 1156 1241 1184 nullus
1263 1157 1350 1193 pictor
1374 1160 1461 1194 potest
1481 1159 1548 1187 alios
1573 1160 1678 1189 colores
1698 1169 1779 1189 arcus
1800 1162 1895 1191 distin-

1054 1210 1139 1239 guere
1160 1203 1311 1231 secundum
1332 1204 1525 1241 Philosophum
1542 1206 1568 1240 ⁵3
1591 1207 1763 1244 Apocalypsis
1781 1213 1893 1245 quarto:

1057 1249 1114 1277 Iris
1134 1253 1198 1277 erat
1219 1250 1249 1277 in
1270 1250 1397 1278 circuitu
1418 1251 1494 1279 sedis
1520 1252 1626 1281 similis
1655 1254 1760 1282 visioni
1779 1264 1894 1284 sinara-

1052 1295 1168 1332 9clinae.
1200 1313 1238 1316 -
1269 1297 1413 1333 Nunquam
1445 1298 1552 1327 videtur
1574 1299 1624 1327 nisi
1647 1300 1680 1328 de
1701 1300 1762 1334 dz'e;
1784 1305 1893 1330 creatur
1910 1305 1983 1328 Quinta-

1055 1342 1126 1370 enim
1149 1351 1163 1370 a
1186 1343 1268 1371 radiis
1290 1344 1435 1378 solaribus,
1458 1348 1484 1373 et
1505 1353 1557 1373 non
1580 1346 1630 1374 nisi
1653 1347 1695 1375 bis
1715 1347 1748 1375 de
1770 1350 1848 1376 nocte
1867 1349 1893 1376 in

1055 1389 1254 1426 quinquaginta
1274 1391 1361 1424 annis,
1377 1394 1487 1420 creatus
1502 1395 1567 1421 tunc
1581 1401 1596 1421 a
1612 1394 1694 1422 radiis
1716 1395 1796 1423 lunae
1807 1395 1833 1429 6;
1856 1396 1894 1424 sic

1054 1436 1180 1465 Christus
1208 1441 1288 1465 natus
1317 1446 1458 1474 nunquam
1480 1440 1608 1475 apparuit
1636 1441 1686 1469 nisi
1716 1441 1741 1469 in
1771 1442 1893 1470 claritate

1054 1484 1245 1520 exemplorum
1263 1485 1397 1519 fidelihus,
1410 1489 1437 1514 et
1451 1486 1492 1514 bis
1507 1486 1540 1515 de
1555 1490 1633 1515 nocte
1648 1496 1717 1524 puer
1732 1488 1838 1517 delatus
1852 1491 1893 1517 est

1054 1531 1079 1559 in
1103 1532 1252 1568 Aegyptum
1274 1535 1300 1560 et
1322 1532 1453 1561 reductus
1474 1541 1489 1560 a
1510 1533 1577 1561 facie
1600 1533 1757 1562 infidelium.
1780 1534 1890 1563 Genesis

1054 1586 1125 1606 nono
1140 1578 1166 1606 ⁷:
1190 1580 1300 1607 Areum
1322 1588 1416 1607 meum
1442 1588 1551 1615 ponam
1579 1580 1610 1608 in
1637 1580 1771 1614 nubibus,
1793 1584 1818 1609 et
1838 1581 1892 1609 crit

1053 1625 1171 1662 signum
1191 1624 1316 1662 foederis
1337 1626 1412 1654 inter
1432 1634 1475 1654 me
1496 1630 1521 1654 et
1536 1627 1609 1654 inter
1625 1631 1742 1655 terram.
1765 1644 1802 1647 —
1817 1628 1890 1655 Nun·
1907 1631 1969 1650 Sexta-

1053 1680 1135 1708 quam
1157 1676 1270 1708 apparet
1291 1673 1341 1700 nisi
1363 1673 1393 1700 in
1414 1676 1538 1709 tempore
1549 1673 1676 1709 pluuiali
1688 1673 1721 1701 de
1738 1681 1824 1707 mane,
1843 1677 1891 1702 aut

1053 1718 1086 1747 de
1100 1726 1170 1752 sero,
1198 1730 1210 1743 «
1225 1727 1278 1747 non
1293 1722 1384 1747 autem
1400 1719 1425 1747 in
1442 1719 1592 1753 meridie»,
1614 1720 1679 1756 quia
1694 1723 1758 1748 tunc
1779 1721 1818 1748 sol
1834 1728 1889 1748 me-

1052 1766 1108 1794 diat
1128 1766 1222 1794 orbem
1243 1773 1293 1794 neo
1315 1768 1402 1802 potest
1423 1766 1472 1794 sibi
1494 1766 1606 1802 opponi,
1629 1766 1778 1795 secundum
1803 1767 1889 1795 Philo-

1053 1813 1169 1849 sophum
1186 1812 1204 1839 8.
1228 1812 1270 1840 Sic
1291 1812 1417 1840 Christus
1431 1816 1511 1840 natus
1530 1821 1670 1849 nunquam
1692 1813 1819 1849 apparuit
1838 1814 1888 1841 nisi

1054 1859 1218 1893 misericors,
1240 1859 1310 1895 pius,
1333 1859 1462 1895 pacificus
1476 1862 1503 1887 et
1517 1859 1662 1895 gratiosus,
1684 1867 1825 1896 nunquam
1840 1868 1888 1887 au-

1052 1910 1105 1934 tem
1130 1906 1259 1934 terribilis
1273 1906 1324 1933 fuit
1338 1906 1394 1934 sive
1409 1906 1518 1939 t'urens;
1535 1905 1645 1934 Genesis
1659 1914 1745 1933 nouo:
1763 1906 1889 1943 Cumque

1052 1952 1197 1981 obcluatcro
1218 1952 1343 1980 nubibus
1364 1952 1491 1985 caelum,
1514 1952 1665 1988 apparebit
1693 1960 1782 1980 arcus
1807 1961 1888 1980 ‘uleus

1052 2000 1082 2027 in
1102 1999 1235 2027 nabibus.
1260 2015 1293 2019 —
1317 1999 1365 2027 Per
1386 1999 1435 2026 sui
1448 1999 1648 2026 resolutionem
1663 1999 1689 2026 in
1710 1999 1829 2034 pluviam
1846 1999 1887 2027 vel
1904 2002 1993 2025 Septima-

1051 2046 1077 2074 in
1100 2054 1189 2074 rorem
1213 2045 1341 2073 inferiora
1362 2045 1504 2078 fecundat,
1533 2045 1676 2081 superiora
1704 2048 1820 2073 serenat.
1846 2045 1888 2073 Sic

1050 2093 1175 2120 Christus
1197 2094 1277 2120 natus
1298 2099 1346 2128 per
1368 2092 1408 2119 sui
1433 2091 1516 2127 ipsius
1531 2091 1743 2120 exinanitionem
1766 2094 1793 2119 et
1808 2091 1887 2127 largi-

1051 2139 1134 2167 fluam
1148 2138 1316 2166 influentiam
1329 2141 1355 2166 et
1371 2138 1583 2166 benedictionem
1597 2138 1748 2165 humanum
1762 2145 1849 2174 genus
1860 2138 1886 2165 in

1051 2186 1136 2214 Deum
1158 2185 1313 2213 secundavit
1328 2188 1354 2213 et
1368 2184 1514 2221 angelicam
1530 2188 1656 2212 naturam
1672 2184 1704 2212 de
1720 2185 1760 2212 sui
1778 2192 1887 2221 repara-

1051 2233 1122 2261 tione
1148 2231 1322 2265 iucundavit3
1350 2231 1460 2259 Genesis
1486 2239 1556 2259 nono
1572 2231 1598 2258 ⁰:
1621 2231 1779 2267 Apparebit
1797 2240 1886 2259 arcus

1050 2287 1130 2307 meus
1144 2278 1175 2306 in
1189 2278 1324 2311 nubibus,
1339 2281 1363 2305 et
1381 2277 1555 2306 recordabor
1575 2277 1699 2314 foederis
1720 2277 1776 2305 mei
1796 2277 1886 2305 vobis-

1050 2334 1124 2353 cum.
1134 2325 1335 2353 —Dominium
1350 2324 1518 2352 humiditatis
1530 2324 1555 2351 in
1568 2325 1630 2352 aere
1643 2324 1811 2360 (significat);
1824 2332 1886 2360 pro·
1903 2328 1977 2345 Octava·

1050 2376 1111 2409 pter
1132 2372 1203 2408 quod
1219 2372 1283 2399 dicit
1299 2371 1366 2399 Beda
1382 2374 1408 2399 et
1423 2371 1550 2407 magister
1563 2371 1586 2387 ¹⁰
1601 2371 1627 2398 iu
1643 2370 1766 2404 Historia,
1789 2382 1802 2395 «
1814 2370 1886 2407 quod

1050 2428 1098 2455 per
1120 2418 1299 2455 quadraginta
1320 2426 1405 2445 annos
1426 2420 1488 2445 ante
1510 2417 1639 2445 iudicium
1662 2425 1714 2444 non
1741 2417 1886 2453 apparebit

1050 2467 1075 2494 in
1099 2466 1205 2502 signuu‘i
1228 2464 1415 2493 desiccationis
1430 2467 1456 2492 et
1470 2463 1626 2492 defectionis
1647 2464 1843 2492 elementorum
1859 2476 1885 2491 n.

1050 2513 1091 2540 Sic
1103 2512 1227 2539 Christus
1242 2514 1322 2538 natus
1337 2510 1498 2546 significavit
1509 2510 1767 2546 praedominativam
1781 2509 1887 2545 pietatis

1049 2562 1076 2587 et
1098 2557 1298 2586 misericordiae
1319 2560 1345 2585 et
1365 2557 1467 2593 gratiae
1489 2556 1604 2584 dandam
1627 2556 1743 2590 mundo,
1760 2556 1785 2583 in
1808 2556 1887 2584 cuius

213 2737 220 2749 ¹
240 2738 305 2761 Vers.
324 2739 360 2760 12.
377 2744 425 2766 seq.

213 2775 221 2789 ²
240 2777 304 2799 Vers.
324 2777 349 2805 8;
367 2780 494 2805 sequuntur
511 2777 598 2800 Coloss.
617 2778 637 2805 2,
650 2778 671 2799 3.
689 2779 711 2799 et
729 2777 749 2798 9.

213 2814 222 2827 ³
241 2816 305 2838 Vers.
323 2815 360 2838 27.
377 2822 426 2845 seq.
445 2819 467 2838 et
484 2817 506 2843 2,
527 2817 545 2838 1.

212 2853 221 2866 ⁴¹
238 2854 303 2877 Vers.
326 2855 343 2878 1,

213 2892 222 2905 ⁵
239 2894 341 2921 Aristot.‚
360 2894 391 2916 lll.
409 2894 501 2917 Meteor.
518 2900 538 2916 c.
557 2895 577 2916 2.
596 2894 704 2922 Sequitur
721 2895 792 2921 Apoc.
810 2893 836 2920 4,
854 2894 874 2915 3.

213 2931 222 2944 θ
239 2932 284 2955 Csr.
300 2932 400 2959 Aristot„
417 2933 459 2955 loc.
476 2933 512 2955 cit.

244 2978 271 3001 S.
287 2979 380 3002 Bonae.
396 2991 426 2995 —
439 2980 508 3001 Toni.
524 2980 562 3001 lx.

1112 2734 1120 2747 ⁷
1139 2736 1201 2756 Vers.
1224 2735 1256 2756 13.
1274 2736 1295 2755 et
1313 2733 1395 2755 deinde
1413 2733 1467 2755 ibid.
1485 2733 1510 2760 9,
1533 2733 1564 2754 tt.

1111 2773 1120 2785 Β
1137 2774 1235 2800 Aristot.‚
1252 2773 1294 2795 loc.
1312 2773 1348 2794 cit.

1111 2812 1120 2824 ⁹
1138 2813 1200 2834 Vei-s.
1220 2812 1256 2833 14.
1273 2818 1320 2840 seq.

1112 2850 1130 2863 ¹⁰
1148 2852 1203 2873 Petr.
1223 2850 1334 2878 Comcst.,
1357 2850 1438 2871 llistor.
1460 2849 1604 2875 scholastica,
1625 2848 1674 2870 libr.
1697 2849 1790 2870 Genesis
1807 2854 1827 2871 c.
1849 2849 1886 2871 35.

1049 2892 1081 2913 De
1099 2892 1157 2913 sonte
1175 2890 1217 2912 olei
1239 2890 1279 2912 etr.
1299 2892 1354 2911 tom.
1372 2889 1425 2911 vm.
1443 2894 1496 2916 pag.
1514 2888 1556 2915 95,
1574 2890 1624 2910 nota
1645 2888 1665 2909 3.
1684 2888 1789 2916 Sequitur
1807 2888 1885 2910 Ezeoli.

1049 2931 1070 2957 i,
1088 2930 1124 2951 28.

1766 2973 1791 2995 1:5¹»
