2243 3348
10 482 11 486 ¹
49 477 94 496 Para
106 477 136 495 111.

38 500 89 520 alitia
107 505 137 519 su-

4 526 9 544 ?
25 529 79 544 arnae
92 523 138 542 civi-

0 550 2 554 *
31 548 60 567 tin.

3 584 6 591 .
29 570 83 590 Ratio
96 570 128 589 tri-

0 601 3 616 »
55 594 103 618 plex.

4 685 11 703 ‘l

30 804 57 823 ne
68 803 135 828 prima.

7 849 12 914 l

17 2117 38 2136 Oe
50 2117 138 2136 secunda.

647 156 803 184 DOMlNlCA
827 156 864 183 [ll.
889 155 969 183 POST
993 154 1233 182 PENTECOSTEN.
1256 153 1365 182 SERMO
1389 154 1416 181 ll.

155 237 266 265 damnat
287 236 441 268 detractor,
462 239 504 264 est
525 235 603 263 valde
624 242 706 263 carus
729 234 783 262 Deo
812 232 929 262 interius
950 241 999 270 per

154 284 283 321 gratiam,
305 283 423 311 multum
456 281 604 310 conformis
632 281 742 309 Christo
764 289 812 317 per
835 281 932 308 bonam
957 288 1000 308 vo—

155 331 286 358 luntatem
309 332 335 357 et
357 329 422 357 satis
444 328 617 364 propinquus
638 327 802 356 caelestibus
825 334 873 363 per
889 326 999 354 merito-

155 384 216 405 rum
239 375 443 404 abundantiam.

235 423 272 451 lll.
296 423 387 451 Tertio
410 425 521 450 notatur
542 421 654 450 laetitia
684 429 829 457 supernae
855 420 998 453 civitatis,

154 478 217 499 cum
240 470 391 499 subinfert:
417 469 570 497 Gaudium
591 468 645 496 erit
673 476 774 496 corum
798 467 916 504 stupetis
940 467 997 495 Dei.

154 516 278 545 Gaudent
299 519 325 544 et
347 516 484 543 laetantur
507 514 619 550 superni
642 514 716 542 cives
737 513 770 542 de
791 513 881 542 salute
903 520 999 549 pecca-

153 563 221 591 toris
236 562 354 591 hominis
369 565 481 598 propter
498 561 630 589 rationem
650 560 799 596 triplicem:
817 560 919 596 primo,
936 568 998 596 pro-

153 614 214 646 pter
236 608 441 637 beneuolentiae
462 611 486 635 et
501 607 636 635 caritatis
651 607 853 639 latitucliuem;
868 606 998 640 secundo,

153 659 266 693 propter
288 654 413 691 ctuyelici
432 662 521 682 casus
542 653 807 686 restaurationem;
824 653 913 686 terti0,
935 660 998 689 pro-

154 707 214 740 pter
232 702 362 739 praemii
382 701 570 730 accidentalis
592 700 865 737 aufflueutatioueuz.

233 750 321 778 Primo
341 748 462 785 gaudent
481 748 573 784 Angeli
595 747 629 775 de
651 747 740 775 salute
762 746 913 783 peccatoris
937 754 998 783 pro-

153 802 214 834 pter
236 796 442 825 beneuolentiae
462 800 487 823 el
508 794 644 823 caritatis
666 793 857 822 latitudinem.
874 793 999 821 Latitudo

153 845 224 873 enlm
248 843 369 872 caritatis
391 843 469 876 facit,
492 842 564 879 quod
589 844 695 869 tantum
718 840 818 877 gaudet
834 840 952 876 Angelus
966 840 999 868 de

153 892 225 920 bono
247 890 365 928 proximi
388 893 523 926 quantum
555 889 588 917 de
620 888 764 925 proprio¹‚
791 887 857 924 quia
878 895 999 924 superna

153 939 248 967 civitas
269 946 322 966 non
344 939 543 973 coangustatur
565 935 742 963 multitudiue
767 934 998 967 desiderantium,

153 985 218 1022 quia
239 984 306 1013 nulli
329 983 493 1012 diminuitur
508 983 542 1011 de
556 990 606 1011 suo
622 982 734 1018 proprio
749 981 871 1018 praemio
886 983 999 1017 propter

152 1030 356 1060 multitudinem
373 1029 571 1066 possidentium
587 1031 614 1056 et
629 1027 822 1060 existentium,
838 1027 921 1055 immo
936 1027 999 1055 inde

153 1077 265 1106 cuilibet
286 1085 336 1105 sua
356 1077 443 1113 gloria
465 1075 571 1104 crescit.
596 1075 626 1103 Et
648 1077 760 1111 propter
782 1074 834 1102 boc
855 1074 956 1102 dicitur
972 1074 997 1101 in

154 1124 286 1153 hodierno
303 1123 455 1160 Evangelio,
472 1123 559 1151 Lucae
573 1122 678 1151 decimo
692 1122 790 1158 quinto
802 1122 825 1148 2;
843 1121 923 1156 Quae
938 1129 999 1148 mu-

153 1171 205 1200 lier
227 1170 334 1199 habeus
355 1169 516 1198 drachmas
530 1170 641 1202 decem,
663 1169 691 1196 si
708 1168 871 1205 perdiderit
892 1166 998 1196 11111611-

153 1226 232 1246 mam
254 1225 360 1250 uuam,
382 1224 476 1244 11011116
504 1215 635 1244 accendit
661 1214 812 1243 lucernam
842 1218 866 1242 et
894 1214 999 1242 everrit

153 1265 271 1293 domam
293 1267 316 1292 et
337 1263 454 1301 quaerit
480 1263 647 1299 diliqenter,
670 1262 757 1290 donec
786 1260 938 1289 inueniat?
967 1261 999 1288 Et

152 1320 217 1340 cum
241 1311 391 1343 invenerit,
414 1313 550 1338 conuocat
571 1309 686 1337 amicas
701 1312 725 1336 et
740 1308 868 1341 vicinas‘,
884 1308 998 1336 diceus:

154 1357 413 1396 Couyratulamiui
443 1356 532 1390 milii,
568 1356 639 1394 quia
674 1356 772 1384 inveni·
806 1354 998 1388 drachmam,

152 1414 240 1444 quain
261 1405 458 1442 perdideram.
484 1405 528 1432 lla
554 1404 618 1432 (lico
646 1403 743 1431 vobis:
770 1402 922 1431 Gaudium
944 1402 1000 1430 erit

152 1461 252 1482 coram
278 1452 394 1489 Angelis
419 1452 469 1480 Dei
488 1460 577 1488 super
603 1459 660 1479 11110
686 1454 835 1487 peccatore
854 1450 1000 1486 poeniten-

153 1500 224 1528 tiam
246 1503 354 1537 (tyceute.
370 1498 527 1526 —Mulier
548 1501 588 1526 est
609 1497 701 1526 divina
719 1497 871 1533 Sapientia,
893 1496 999 1525 ‹li-acli-

151 1555 217 1575 mae
239 1554 304 1574 vero
331 1554 431 1573 11001111
463 1549 528 1573 sunt
560 1552 657 1573 novem
690 1544 767 1572 cbori
799 1544 929 1580 angelici;
952 1543 999 1571 sed

152 1592 297 1622 draclmza
323 1593 436 1621 decima
467 1596 508 1620 est
540 1592 692 1620 humanum
721 1599 823 1627 genus,
846 1598 917 1627 quae
948 1590 1000 1618 fuit

153 1640 259 1677 perdita
280 1640 378 1668 merito
400 1639 505 1676 primae
527 1637 778 1675 praevaricationis.
803 1637 886 1674 lgitur
908 1637 1000 1665 divina

152 1687 290 1724 Sapientia
310 1686 343 1714 ad
365 1685 551 1723 quaerendam
581 1685 660 1713 istam
686 1684 846 1713 drachmam
869 1683 1000 1712 accendit

152 1734 313 1766 lucernam,
327 1733 387 1762 luce
400 1732 588 1766 humanitatis,
600 1731 720 1760 uniendo
733 1739 792 1760 eam
805 1731 847 1759 vel
860 1730 999 1759 induendo

153 1781 256 1810 lumine
278 1780 448 1813 Divinitatis;
464 1783 488 1807 et
502 1779 607 1807 everrit
622 1779 756 1812 (toruum,
771 1780 911 1806 assumtae
927 1785 1000 1805 mor-

153 1828 276 1861 talitatis,
293 1835 341 1864 per
356 1826 480 1863 corporis
501 1829 527 1855 et
548 1826 655 1854 animae
677 1825 872 1854 resolutionem
897 1824 923 1852 in
939 1832 1000 1861 pas-

153 1875 243 1908 sione,
260 1877 291 1903 ut
314 1882 361 1910 per
384 1873 528 1910 proprium
545 1872 706 1909 sanguinem
722 1872 852 1900 iuveniat
867 1871 998 1900 amissum

152 1922 301 1950 hominem.
318 1921 358 1949 Ex
374 1921 425 1949 boc
447 1921 518 1949 enim
542 1927 671 1956 magnum
694 1919 826 1956 gaudium
849 1921 1000 1955 generatur

153 1968 259 2005 Angelis
282 1968 327 1996 Dei
356 1971 470 2004 propter
503 1966 673 1995 latitudinem
703 1965 840 2002 perfectae
862 1965 999 1998 caritatis,

153 2023 224 2052 quae
245 2015 405 2044 extenditur
426 2014 460 2042 ad
481 2022 578 2042 omnes
600 2014 710 2042 electos.

232 2062 356 2091 Secundo
374 2061 495 2099 gaudent
509 2061 600 2097 Angeli
617 2061 651 2089 de
666 2060 754 2089 salute
770 2059 921 2096 peccatoris
937 2068 1000 2096 pro-

153 2113 214 2147 pter
236 2109 362 2146 (t'izqelici
381 2117 470 2137 casus
485 2108 740 2136 restaurationem.
757 2107 888 2143 Quamvis
908 2106 999 2143 Angeli

153 2157 206 2185 sint
237 2156 396 2192 superiores
426 2155 583 2183 bominibus
606 2162 654 2191 per
683 2157 827 2187 naturam,
850 2157 941 2182 tamen
964 2162 999 2182 ex

152 2203 244 2231 divina
266 2203 390 2239 largitate
422 2206 449 2231 et
480 2202 664 2238 benignitate,
686 2209 757 2238 quae
779 2201 829 2229 sibi
861 2201 999 2229 bominem

154 2249 371 2283 administravit,
394 2249 542 2285 contingit,
564 2249 673 2285 aliquos
705 2248 829 2276 bomines
857 2248 883 2275 in
912 2248 1000 2284 gratia

154 2296 260 2333 Angelis
280 2296 454 2333 aequiparari
476 2299 503 2324 et
525 2298 637 2332 propter
658 2303 754 2324 eorum
776 2295 938 2323 meritorum
954 2302 1001 2323 ex—

154 2343 306 2372 cellentiam
328 2343 361 2371 ad
383 2343 493 2371 ordines
513 2343 678 2379 Angelorum
707 2342 827 2376 assumi,
849 2344 880 2370 ut
901 2350 998 2370 eorum

154 2391 285 2419 exaltatio
299 2394 326 2419 et
340 2390 518 2419 sanctificatio
534 2390 568 2418 sit
583 2390 721 2426 angelicae
738 2390 833 2418 ruinae
848 2397 898 2425 per
913 2397 1001 2426 quan-

154 2437 215 2466 dam
237 2437 474 2474 aequiparandam
497 2437 643 2473 reparatio.
668 2437 705 2465 De
726 2436 778 2464 isto
793 2439 884 2464 autem
901 2436 1001 2472 gaudio

155 2488 244 2521 potest
274 2484 375 2521 exponi
405 2484 471 2512 illud
504 2483 587 2512 lsaiae
618 2483 850 2520 quinquagesimo
872 2483 999 2519 prim032

157 2531 360 2560 Con-solabitur
383 2531 525 2559 Dominus
547 2530 617 2559 Sicu
638 2534 664 2558 et
688 2529 887 2558 consolabitur
903 2538 1000 2558 omnes

155 2579 262 2607 ruinas
283 2578 362 2611 eius,
385 2581 410 2606 et
429 2578 574 2615 gyauclium
597 2581 622 2605 et
653 2576 764 2605 laetitia
785 2576 947 2604 invenietur
969 2577 1000 2605 in

155 2634 197 2653 ea.
214 2642 251 2645 —
267 2625 336 2653 Sion
352 2625 462 2661 specula
481 2624 681 2660 interpretatur
696 2627 723 2652 et
738 2623 872 2660 significat
894 2624 999 2652 caelum

157 2680 334 2708 empyreum,
357 2671 382 2699 in
405 2679 461 2708 quo
493 2671 572 2707 positi
601 2673 666 2699 sunt
688 2670 779 2707 Angeli
801 2670 834 2698 ad
856 2670 1000 2706 speculan-

220 2796 227 2809 ¹
245 2797 288 2819 Cir.
307 2797 400 2824 Bonam,
419 2797 441 2818 ll.
461 2797 522 2818 Seni.
539 2796 562 2818 (l.
584 2797 618 2818 ll.
635 2802 655 2818 a.
674 2797 694 2818 ⁶2.
713 2803 735 2824 q.
753 2797 774 2824 2,
793 2797 825 2819 111.
843 2797 905 2819 Sent.
923 2797 945 2819 d.
964 2798 1001 2819 31.

157 2843 177 2858 a.
195 2836 216 2858 3.
234 2843 255 2864 1[.
274 2836 296 2857 3.
314 2836 334 2857 in
352 2841 449 2863 corpore
474 2838 496 2857 et
519 2835 554 2857 lV.
580 2835 641 2856 Sem.
659 2835 681 2856 (l.
706 2834 741 2856 49.
759 2841 782 2863 p.
801 2836 815 2857 1.
832 2842 855 2864 q.
873 2836 895 2858 6.
911 2842 961 2863 arg.
980 2835 1001 2858 4.

157 2881 209 2897 cum
230 2875 350 2897 solutione.
368 2874 448 2903 Quoad
470 2874 597 2896 secuudum
622 2875 662 2896 cfr.
684 2875 708 2896 11.
733 2875 794 2896 Sent.
817 2875 840 2896 d.
862 2875 882 2897 9.
901 2882 923 2903 q.
941 2875 963 2896 Τ.
981 2878 1003 2897 et

158 2914 178 2936 5.
196 2918 217 2936 et
234 2913 312 2942 quoad
330 2914 421 2935 tertium
440 2913 462 2935 11.
484 2914 516 2935 ll.
535 2919 555 2935 a.
574 2913 595 2935 3.
612 2920 635 2941 q.
653 2914 675 2935 -2.

220 2952 229 2965 ‘2
247 2953 311 2974 Vei-s.
331 2953 390 2974 8-10.

252 3000 276 3023 S.
296 3000 385 3023 Bonae.
403 3012 433 3015 —
451 3000 519 3021 Tom.
536 2999 574 3021 lX.

1845 154 1900 182 309

1056 232 1117 261 dam
1141 232 1356 269 pulcritudinem
1389 232 1559 265 Divinitatis,
1581 232 1662 260 cuius
1696 231 1803 259 ruinas
1830 232 1902 260 Deus

1056 279 1241 312 consolatur,
1264 279 1374 316 quando
1397 282 1521 307 terrenos
1551 279 1674 307 homines
1704 279 1761 306 loco
1790 278 1901 306 illorum

1056 326 1103 363 qui
1125 326 1300 359 ceciderunt,
1322 326 1427 354 exaltat
1448 325 1481 353 ad
1503 325 1613 354 ordines
1636 326 1810 362 Angelorum.
1828 325 1902 353 Unde

1057 380 1141 409 super
1157 372 1222 400 illud
1239 372 1334 401 Psalmi
1347 383 1352 401 :
1377 372 1536 401 Coustitues
1551 380 1597 401 eos
1610 372 1776 409 principes,
1793 372 1901 401 Glossa:

1061 431 1074 444 «
1090 420 1227 456 l’auperes
1248 419 1345 456 elegit,
1368 423 1398 447 ut
1419 420 1556 448 exaltaret
1571 419 1603 447 ad
1625 419 1736 447 ordines
1758 419 1837 452 caeli,
1853 420 1900 456 qui

1057 466 1127 494 fiunt
1148 474 1184 494 ex
1207 466 1365 494 bominibus
1387 470 1413 494 et
1435 466 1579 503 Angelis».

1135 513 1226 541 Tertio
1247 513 1367 549 gaudent
1388 513 1479 549 Angeli
1502 513 1535 541 de
1557 513 1645 541 salute
1666 513 1817 549 peccatoris
1838 521 1902 549 pro-

1057 564 1117 596 pter
1127 560 1257 596 praemii
1270 560 1457 588 accidentalis
1472 560 1745 596 (cummutationem.
1761 560 1832 588 Licet
1848 569 1900 588 non

1056 610 1194 635 accrescat
1225 606 1332 643 Angelis
1362 606 1510 643 gaudium,
1538 607 1563 634 in
1586 615 1642 643 quo
1667 607 1791 635 consistit
1823 615 1902 643 prae-

1057 653 1141 681 mium
1157 653 1313 686 essentiale,
1329 654 1394 689 quia
1409 657 1542 689 quantum
1559 654 1591 682 ad
1608 654 1679 682 istud
1697 654 1815 690 perfecte
1832 653 1901 682 beati

1056 703 1136 733 sunt;
1159 703 1248 728 tamen
1271 700 1402 728 accrescit
1426 700 1465 728 eis
1485 700 1632 737 gaudium,
1655 701 1680 728 in
1704 709 1759 737 quo
1780 701 1903 729 consistit

1057 746 1210 782 praemium
1234 746 1425 779 accidentale,
1447 747 1513 783 quia
1539 747 1718 775 ministrando
1745 748 1805 776 aliis
1833 748 1903 776 bona

1056 800 1156 828 opera,
1177 797 1320 821 merentur
1350 793 1502 828 praemium
1525 794 1717 827 accidentale,
1739 802 1823 830 super
1848 802 1903 831 quo

1056 839 1176 875 gaudent
1198 839 1304 867 ratione
1324 840 1442 876 proprii
1463 840 1532 867 (loni
1547 844 1585 873 et,
1602 848 1664 868 cum
1692 841 1817 869 concives
1839 849 1903 869 suos

1056 886 1089 913 ad
1122 886 1317 914 beatitudinem
1348 886 1519 922 perducunt,
1542 895 1626 923 super
1655 888 1694 915 eis
1720 888 1824 924 absque
1852 888 1902 915 du—

1056 933 1101 961 bio
1122 933 1242 969 gaudent
1263 936 1290 961 et
1311 933 1541 969 congratulantur
1571 934 1676 961 ratione
1703 934 1754 961 sui
1781 934 1902 962 coniun-

1056 980 1102 1008 cli.
1126 980 1200 1008 Unde
1223 980 1285 1008 licet
1315 980 1452 1016 gaudeant
1483 980 1517 1008 de
1549 980 1667 1008 hominis
1688 981 1789 1014 salute,
1813 984 1903 1009 tamen

1057 1035 1109 1055 non
1133 1027 1279 1055 tristantur
1307 1026 1341 1055 de
1369 1027 1429 1055 eius
1460 1026 1649 1060 danmatione,
1671 1035 1703 1055 eo
1732 1027 1805 1063 quod
1831 1027 1903 1055 Beati

1056 1074 1247 1110 susceptibiles
1269 1076 1334 1102 sunt
1355 1074 1445 1110 gaudii
1469 1077 1496 1102 et
1518 1074 1650 1107 laetitiae,
1673 1074 1718 1102 sed
1742 1082 1795 1102 non
1819 1074 1903 1102 tristi-

1057 1122 1117 1150 tiae.
1141 1121 1179 1149 De
1201 1121 1252 1149 isto
1273 1121 1373 1157 gaudio
1394 1121 1497 1149 dicitur
1519 1121 1619 1149 Tobiae
1642 1121 1776 1149 ultim04:
1800 1122 1903 1150 Reuer-

1058 1172 1153 1197 teulu-i·
1175 1176 1272 1196 omues
1295 1168 1423 1196 tii‘nentes
1447 1168 1555 1201 Deum,
1578 1172 1601 1196 et
1624 1168 1783 1206 relinquent
1807 1172 1903 1205 pentes

1057 1215 1136 1244 idola
1156 1224 1214 1243 sua
1228 1219 1253 1243 el
1266 1215 1378 1243 venient
1393 1215 1423 1243 iu
1439 1215 1597 1243 Jerusalem
1613 1220 1637 1243 et
1652 1214 1858 1243 inhabitabunt
1873 1215 1904 1243 iu

1057 1271 1109 1296 ea;
1130 1266 1156 1290 et
1175 1262 1345 1299 paudebunt
1366 1263 1397 1290 iu
1418 1271 1452 1290 ea
1474 1271 1570 1290 onmes
1585 1271 1666 1299 reyes
1681 1266 1784 1290 terrae.
1802 1279 1836 1282 —
1856 1263 1904 1291 Re-

1057 1313 1218 1343 vertentur,
1241 1317 1290 1345 per
1312 1309 1520 1343 contritionem,
1543 1318 1640 1337 omues
1659 1309 1786 1337 tiiizeutes
1803 1310 1904 1342 Deum,

1058 1357 1130 1385 liliali
1155 1357 1326 1390 reverentia,
1348 1357 1394 1393 qui
1417 1356 1505 1385 aversi
1529 1356 1639 1384 fuerant
1661 1364 1676 1384 a
1698 1356 1753 1384 Deo
1776 1364 1825 1392 per
1844 1364 1902 1392 pec-

1057 1407 1165 1435 calum;
1187 1407 1212 1431 et
1228 1402 1388 1440 relinquent
1401 1406 1497 1440 peuces
1512 1402 1591 1430 idola
1606 1411 1673 1436 sua,
1690 1403 1858 1436 vanitatum,
1881 1406 1905 1430 et

1056 1450 1167 1478 venient
1189 1450 1219 1477 iu
1244 1449 1412 1483 Ierusalem,
1428 1449 1600 1478 concorditer
1617 1458 1665 1486 per
1682 1449 1755 1486 pacis
1770 1449 1905 1486 tranquil-

1058 1497 1177 1529 litatem;
1199 1501 1225 1524 et
1246 1495 1452 1524 inhabitabunt
1473 1496 1504 1524 iu
1519 1505 1563 1529 ea,
1587 1505 1635 1533 per
1658 1497 1719 1525 boni
1736 1497 1828 1533 operis
1843 1504 1904 1524 con-

1058 1544 1246 1572 tinuationem.
1265 1544 1294 1572 Et
1309 1544 1375 1581 quia
1397 1545 1463 1572 baec
1485 1544 1555 1572 fiunt
1574 1544 1711 1572 adiutorio
1726 1544 1904 1580 Angelorum,

1057 1591 1104 1628 qui
1127 1591 1248 1627 deputati
1272 1594 1337 1619 sunt
1358 1591 1391 1619 ad
1413 1594 1535 1619 nostram
1559 1591 1727 1625 custodiam3
1750 1591 1810 1619 isleo
1825 1599 1905 1628 reyes

1058 1642 1170 1670 terrae,
1193 1638 1218 1666 id
1240 1641 1282 1666 est
1303 1638 1411 1675 Angeli,
1434 1638 1481 1674 qui
1504 1641 1605 1675 regunt
1636 1646 1685 1666 nos
1708 1641 1832 1666 terrenos
1854 1635 1902 1674 p'er

1056 1684 1286 1721 dispensationem
1310 1693 1325 1713 a
1348 1685 1402 1713 Deo
1424 1685 1463 1713 eis
1484 1685 1590 1718 datam,
1604 1685 1774 1722 yaitdebztnt
1790 1689 1902 1721 propter

1057 1731 1232 1760 accidentalis
1254 1732 1367 1768 praemii
1390 1732 1652 1768 augmentationem.
1677 1732 1820 1768 Rogemus.

1399 1818 1490 1846 Sanno
1512 1818 1531 1845 11
1543 1818 1563 1845 ⁵.

1129 1898 1257 1922 Dominica
1277 1897 1353 1922 tertia
1373 1897 1430 1928 post
1448 1897 1621 1922 Pentecosten.
1640 1897 1723 1922 Sermo
1750 1897 1837 1921 fratris
1862 1897 1907 1922 Bo-

1057 1940 1211 1964 naveuturae
1230 1941 1255 1964 iu
1275 1940 1405 1965 Conventu
1424 1940 1524 1965 PIsano.

1136 2013 1348 2041 Himztltamtm'
1367 2013 1421 2041 sub
1439 2014 1550 2049 potenti
1576 2022 1670 2042 111111111
1704 2014 1770 2047 Dei,
1805 2018 1835 2041 ut
1858 2022 1905 2041 oos

1057 2059 1160 2087 exaltet
1179 2060 1209 2087 iu
1225 2064 1349 2096 tempore
1365 2060 1550 2094 visitationis,
1567 2061 1673 2097 primae
1690 2061 1758 2089 Petri
1776 2061 1873 2097 quinto
1885 2060 1904 2087 ⁶.

1137 2107 1315 2135 insinuantur
1336 2107 1362 2135 in
1386 2107 1478 2135 verbis
1499 2107 1558 2135 istis
1585 2107 1641 2135 duo
1670 2108 1771 2135 motiva
1798 2107 1829 2135 ad
1853 2107 1905 2135 liu—

1057 2154 1209 2187 militatem,
1231 2162 1352 2190 quorum
1375 2154 1495 2190 primum
1518 2157 1559 2182 est
1581 2154 1633 2182 sub
1650 2154 1754 2182 ratione
1769 2154 1905 2190 eogyeutis,

1057 2201 1160 2229 scilicet
1181 2201 1289 2229 divinae
1312 2201 1453 2237 potestatis
1476 2201 1670 2237 praesidentia,
1686 2209 1757 2237 quac
1773 2201 1851 2229 nobis
1867 2200 1905 2228 vi-

1057 2247 1138 2276 detur
1161 2248 1322 2281 metuenda;
1346 2248 1512 2281 secundum,
1535 2248 1587 2276 sub
1609 2248 1715 2276 ratione
1733 2248 1905 2281 (illicientis,

1057 2295 1160 2323 scilicet
1182 2298 1293 2323 nostrae
1314 2295 1515 2323 sublimationis
1536 2295 1716 2328 excellentia,
1738 2303 1808 2331 quae
1828 2294 1906 2323 nobis

1057 2342 1214 2370 declaratur
1236 2342 1397 2378 appetenda.
1421 2342 1467 2370 Vel
1490 2342 1542 2370 ita:
1572 2342 1661 2378 primo
1689 2342 1833 2378 Apostolus
1860 2342 1906 2370 Pe-

1059 2392 1119 2417 trus
1140 2389 1263 2425 suggerit
1285 2389 1449 2417 humilitatis
1471 2393 1578 2421 actum,
1603 2389 1655 2417 ibi:
1678 2388 1906 2421 Humiliamiui;

1057 2435 1177 2464 secundo
1208 2435 1352 2472 subiungit
1383 2435 1548 2464 humilitatis
1579 2436 1738 2469 motivum,
1768 2435 1820 2463 ibi:
1852 2435 1905 2463 sub

1054 2482 1164 2520 potenti
1183 2491 1276 2510 mauu
1294 2483 1361 2515 Dei;
1381 2482 1462 2511 tertio
1480 2482 1554 2511 addit
1578 2483 1740 2511 humilitatis
1754 2481 1886 2519 fruetimz
1898 2505 1905 2515 ,

1057 2530 1111 2558 ibi:
1137 2534 1168 2557 ut
1187 2538 1238 2557 vos
1259 2530 1362 2558 exaltet
1383 2533 1433 2559 etc.

1137 2578 1153 2605 1.
1176 2577 1254 2606 Circa
1276 2577 1397 2614 primum
1419 2580 1492 2611 nota,
1514 2577 1586 2614 quod
1611 2577 1749 2606 humiliari
1772 2577 1906 2606 debemus

1059 2624 1229 2657 triformiter,
1251 2624 1354 2652 scilicet
1376 2627 1510 2660 quantum
1534 2624 1566 2652 ad
1589 2623 1758 2652 intellectum
1783 2624 1807 2651 in
1828 2631 1905 2659 aspe—

1921 520 1948 540 06
1961 521 2024 540 tertia.

1924 2349 2002 2368 Divisio.

1929 2584 1975 2602 Pars
1988 2584 2001 2601 1.
2015 2584 2052 2602 Hu-

1920 2607 1987 2625 101113τί
1995 2607 2052 2626 debe-

1919 2636 1960 2648 mus
1975 2631 2053 2654 triplici-

1888 2670 1892 2674 .
1920 2657 1954 2672 [er.

1057 2674 1102 2698 ctu
1127 2670 1265 2705 veritatis;
1287 2671 1392 2707 primae
1414 2671 1447 2699 ad
1469 2671 1625 2699 Corinthios
1648 2671 1767 2699 tertio⁷:
1791 2670 1823 2698 Si
1840 2678 1906 2707 (sius

1122 2796 1131 2809 ³
1149 2797 1214 2819 Vers.
1233 2798 1259 2823 33
1276 2797 1380 2825 sequitur
1399 2797 1432 2818 Ps.
1455 2796 1497 2823 44,
1525 2797 1562 2824 ¹7}
1585 2796 1614 2818 de
1637 2796 1716 2818 Glossa
1740 2797 1780 2817 cfr.
1802 2796 1906 2822 Gregor„

1060 2836 1144 2858 XXXI.
1162 2836 1239 2858 Moral.
1257 2842 1276 2857 c.
1296 2835 1331 2857 40.
1349 2842 1372 2857 n.
1390 2836 1426 2857 99.
1700 2834 1709 2846 ⁴
1726 2834 1781 2861 Cap.
1804 2833 1842 2861 l4‚
1859 2833 1906 2855 7-9.

1123 2874 1132 2887 ⁵
1149 2876 1178 2897 Ex
1196 2875 1213 2896 A
1232 2875 1269 2896 sol.
1290 2875 1331 2896 130
1349 2881 1372 2895 v.
1389 2877 1411 2896 et
1429 2875 1444 2895 Β
1462 2875 1498 2896 sol.
1517 2874 1554 2895 58.

1123 2913 1132 2926 ⁶
1151 2914 1215 2935 Vers.
1233 2914 1255 2935 6.

1124 2951 1132 2964 ⁷
1151 2952 1215 2973 Vers.
1238 2953 1276 2979 18,
1293 2952 1332 2980 qni
1351 2953 1414 2974 locus
1431 2954 1521 2974 sumtus
1538 2955 1572 2973 est
1588 2958 1614 2974 ex
1633 2952 1655 2973 B.

1783 2999 1810 3020 47
