2243 3348
52 266 104 288 item,
118 266 165 285 iute-

12 308 14 318 ‚
41 290 78 309 rior
89 290 172 313 discipli-

57 319 79 332 na
93 313 154 336 quoad

10 352 13 367 4
30 354 32 357 ,
52 336 160 363 affectiones

29 361 32 375 t
64 360 154 383 triplices.

19 845 23 853 1
38 825 94 852 Πευκ-
102 825 163 849 quoad

20 867 21 875 ἵ
55 850 146 872 cogitatus

56 872 146 896 triplices.

14 1222 15 1225 Ἴ
44 1200 74 1219 Ad
86 1200 161 1224 quadri-

14 1244 15 1249 ,
44 1224 121 1243 formem
135 1223 162 1242 di-

53 1247 150 1271 sciplinam

45 1271 162 1290 mortificatio

53 1294 152 1318 multiplex

49 1319 157 1342 requiritur.

30 2043 76 2062 Pars
90 2043 118 2062 tii.
133 2044 160 2063 De

39 2067 155 2086 confessione

34 2091 159 2110 satisfactoria

31 2114 162 2138 multiplicium

39 2136 152 2157 defectuum.

50 2605 146 2624 Confessio

35 2628 104 2648 habeat
116 2629 162 2648 duos

57 2653 141 2671 comites.

740 186 849 215 SERMO
871 187 899 215 ΙΙ.
923 187 965 215 DE
987 187 1113 217 NOSTRA
1138 189 1377 219 REDEMPTIONE.

185 260 322 289 abstinete
338 270 394 290 vos.
410 278 447 282 —
465 262 525 291 Post
541 263 607 292 baec
622 264 793 292 observanda
807 268 848 293 est
863 265 943 293 etiam
967 273 1030 294 cen-

185 315 251 336 sura
271 307 430 344 disciplinae
459 309 485 337 iu
515 310 647 346 regimine
678 309 880 347 affectionum,
910 312 1030 340 maxime

185 357 215 382 ut
237 354 339 383 vitetur
360 355 475 384 affectus
489 356 752 392 concupiscentiae,
775 365 809 385 ne
830 357 944 393 spiritus
965 365 1029 386 con-

184 401 307 437 cupiscat
337 402 428 430 carnis
456 402 641 437 delectabilia,
674 403 716 432 vel
748 404 930 440 amplectatur
959 405 1030 433 bona

185 448 357 482 transitoria,
380 449 421 477 vel
445 449 539 477 laudes
554 449 699 483 humanas,
719 453 749 478 ut
764 450 916 479 triformem
934 451 1028 479 mundi

184 495 442 531 concupiscentiam.
466 496 550 524 Vitari
573 496 654 525 debet
675 497 756 525 etiam
778 498 893 526 affectus
908 497 1029 526 iracun-

183 542 265 575 diae,
287 549 321 570 ne
343 542 458 578 spiritus
474 543 604 571 turbetur
619 547 714 572 contra
728 544 857 580 aliquem,
873 548 900 573 et
914 545 934 572 si
951 553 1029 581 opor-

185 591 238 617 teat
260 589 373 622 moveri,
395 589 434 617 sic
454 589 561 618 feratur
583 590 608 618 in
632 590 739 623 vitium,
756 594 787 618 ut
808 599 860 619 non
885 594 1028 619 moveatur

182 635 291 664 animus
312 636 338 663 in
362 643 516 672 personam.
541 636 625 665 Debet
645 637 726 665 etiam
750 638 828 665 vitari
845 638 959 666 affectus
980 646 1028 666 ac—

182 682 277 710 cidiae
298 682 355 711 sive
376 683 512 716 tristitiae,
534 691 606 720 quae
627 683 696 712 solet
711 685 857 720 provenire
872 692 907 712 ex
930 685 1028 713 timore

182 728 321 756 mundano
343 732 370 757 et
392 729 479 757 taedio
501 729 580 762 boni;
602 733 629 758 et
651 730 721 758 hanc
736 730 823 758 vitare
839 730 958 766 perfecte
974 738 1027 758 non

182 778 270 811 potest
292 775 364 804 inter
385 776 456 804 mala
478 776 629 812 praesentis
650 776 734 810 vitae,
750 776 800 804 nisi
817 777 863 813 qui
879 776 979 813 gaudet
1000 777 1026 804 in

181 822 284 858 Spiritu
300 826 401 851 sancto.
418 840 456 843 —
470 823 610 851 Postremo
625 823 677 851 sub
693 824 743 851 hac
758 831 855 851 norma
869 823 1027 859 disciplinae

181 869 322 897 coercendi
346 873 411 898 sunt
425 869 506 898 etiam
523 869 682 906 coyitutus,
698 872 729 897 ut
751 870 935 906 restringatur
950 877 1027 898 mens

181 923 197 943 a
217 916 429 952 cogitationibus
449 916 553 949 vanis,
582 924 598 944 a
625 916 836 952 cogitationibus
863 915 989 952 foetidis,
1011 924 1027 944 a

181 962 392 999 cogitationibus
407 963 562 1000 mulionis:
584 971 679 990 vanas
694 970 761 991 voco
782 963 959 999 cogitationes
975 963 1024 991 hu-

181 1016 324 1038 manarum
347 1010 502 1043 actionum3
522 1009 665 1046 foetidus,
680 1010 858 1046 cogitationes
873 1009 1024 1038 carnalium

179 1055 407 1089 delectationuni;
429 1056 577 1093 malignas
598 1064 680 1090 vero,
702 1057 879 1093 cogitationes
893 1056 1025 1092 suspicio-

180 1111 246 1131 num
268 1107 296 1132 et
316 1111 558 1140 quarumcumque
580 1103 740 1132 nocivarum
764 1104 1006 1132 machinationum.

258 1150 330 1179 Hanc
351 1153 442 1179 autem
470 1150 685 1187 quadriformem
714 1151 884 1187 disciplinam
913 1158 1025 1179 servare

180 1205 232 1226 non
254 1204 417 1234 possumus,
439 1197 491 1226 nisi
514 1206 621 1234 eorpus
642 1200 778 1226 atteratur
794 1197 911 1231 ieiuniis,
927 1197 1026 1233 vigiliis

179 1248 205 1272 et
228 1244 383 1278 laboribus;
400 1253 508 1272 manus
523 1248 689 1273 exerceatur
704 1244 730 1272 in
748 1244 889 1272 laboribus
903 1244 946 1272 vel
961 1252 1024 1280 ope-

179 1291 258 1319 ribns
281 1291 433 1319 humilibus
454 1295 480 1319 et
502 1291 667 1325 fructuosis3
690 1291 803 1328 iiizyua,
826 1291 852 1319 in
868 1291 915 1319 Dei
939 1291 1025 1319 landi-

179 1337 246 1371 bus;
269 1338 365 1370 auris,
388 1338 413 1366 in
442 1337 538 1366 auditu
560 1338 718 1366 divinorum
741 1338 908 1371 verborum,
931 1338 1024 1371 oculi,

178 1385 205 1413 in
229 1385 392 1414 lectionibus
413 1385 498 1413 sacris
519 1389 546 1413 et
569 1385 660 1419 bonis;
683 1393 733 1413 cor
754 1385 846 1419 etiam,
861 1385 888 1413 in
911 1385 1024 1413 medita-

179 1432 299 1460 tionibus
320 1432 406 1461 sacris
421 1436 447 1461 et
463 1432 556 1466 bonis;
579 1432 652 1469 quod
667 1432 733 1469 quia
753 1432 944 1460 difficillimum
967 1436 1023 1466 est,

177 1486 224 1507 cor
246 1479 272 1507 in
295 1487 351 1507 uno
372 1482 481 1512 tenere,
503 1479 578 1507 dedit
609 1480 631 1507 ei
662 1478 735 1507 Deus
764 1487 799 1507 ex
826 1479 898 1507 omni
930 1482 1023 1515 parte,

178 1525 252 1562 quod
273 1525 377 1554 bonum
394 1526 482 1554 valeat
503 1526 638 1562 cogitare:
661 1533 773 1554 sursum
795 1526 930 1559 caelestia,
952 1526 1024 1554 scili-

178 1575 221 1601 cet
235 1580 383 1609 supernam
400 1572 527 1609 patriam,
543 1572 658 1601 inferius
672 1576 784 1601 aeterna
799 1572 945 1609 supplicia,
961 1576 1024 1601 ante

178 1620 341 1648 Sanctorum
363 1619 507 1655 exempla,
529 1623 605 1647 retro
625 1622 734 1656 peccata
755 1627 805 1647 sua
827 1622 993 1656 perpetrata,
1008 1627 1024 1647 a

177 1666 285 1695 dextris
299 1666 391 1695 divina
406 1666 547 1700 beneficia,
562 1674 576 1694 a
598 1666 717 1695 sinistris
731 1666 823 1694 divina
844 1666 959 1700 iudicia,
975 1675 1024 1695 un-

177 1713 260 1750 dique
281 1713 374 1742 divina
402 1714 582 1750 praecepta1,
604 1721 676 1750 quae
704 1721 740 1742 ex
768 1714 842 1741 omni
871 1718 948 1750 parte
975 1722 1024 1742 nos

177 1760 314 1794 ordinant,
336 1763 363 1789 et
387 1760 421 1788 ad
442 1768 513 1797 quae
540 1760 621 1788 debet
648 1768 726 1788 mens
754 1763 848 1789 nostra
870 1761 1022 1797 respicere,

176 1815 353 1845 quocumque
375 1815 403 1836 se
424 1811 523 1841 vertat,
546 1807 625 1835 iuxta
639 1807 712 1844 quod
727 1807 792 1836 dicit
815 1807 948 1844 Propheta
965 1808 975 1824 2
990 1807 1023 1836 de

178 1854 237 1882 viro
258 1854 340 1888 iusto,
361 1853 435 1891 quod
457 1854 502 1882 die
524 1862 559 1882 ac
573 1857 653 1881 nocte
667 1853 806 1881 medicari
825 1853 906 1882 debet
920 1853 952 1881 in
967 1853 1023 1891 ieye

176 1900 296 1934 divinem
317 1904 345 1930 et
366 1901 479 1937 Sapiens
499 1900 579 1929 dicit:
597 1900 677 1936 Quae
694 1900 844 1937 praecepit
865 1900 917 1929 tibi
937 1901 1021 1934 Deus,

176 1947 227 1976 illa
249 1948 345 1985 coyitu
366 1956 486 1984 semper.

255 1994 294 2022 lli.
310 1994 424 2028 Verum,
439 1994 505 2031 quia
519 2002 600 2023 nemo
615 1997 665 2028 est,
680 1994 728 2031 qui
744 1994 782 2022 sic
797 1997 888 2023 servet
902 1994 1022 2031 discipli-

177 2049 239 2069 nam
261 2045 288 2069 et
309 2041 451 2075 iustitiam,
466 2044 498 2069 ut
512 2041 581 2069 nihil
596 2041 724 2077 negligat,
739 2041 806 2069 nihil
822 2036 945 2075 omittat;
962 2041 1022 2070 ideo

177 2087 362 2116 necessarium
383 2090 425 2116 est
438 2095 586 2116 recurrere
607 2087 640 2115 ad
655 2087 852 2116 confessionem
874 2088 1022 2116 satisfacto-

177 2134 261 2168 riam,
290 2134 317 2162 in
339 2142 394 2171 qua
415 2134 496 2163 debet
523 2133 656 2162 confitens
684 2134 803 2171 integre,
825 2135 967 2162 veraciter
995 2137 1022 2163 et

171 2190 248 2218 pure
269 2181 327 2210 sine
348 2181 420 2210 omni
444 2181 578 2210 velamine
599 2181 786 2210 excusationis
802 2181 843 2210 vel
865 2182 1021 2210 occultatio-

175 2229 217 2257 nis
239 2236 288 2257 seu
310 2228 475 2265 palliationis
488 2228 611 2257 defectus
630 2236 695 2257 suos
716 2231 853 2263 retexere,
874 2232 902 2257 et
922 2229 1020 2265 primo,

176 2275 313 2304 narrando
334 2275 520 2308 omissiones,
542 2283 612 2312 quas
633 2275 695 2304 fecit
710 2275 736 2303 in
759 2275 802 2303 his
823 2283 894 2312 quae
908 2275 1021 2304 suntad

178 2322 279 2355 Deum,
294 2325 320 2351 et
341 2322 463 2350 maxime
478 2322 503 2350 in
520 2322 661 2355 oratione,
676 2325 812 2359 quantum
834 2322 867 2351 ad
881 2322 1019 2359 duplicem

175 2369 235 2398 eius
257 2372 372 2405 partem,
395 2369 540 2398 mentalem
573 2369 676 2397 scilicet
707 2373 734 2397 et
755 2369 891 2403 vocalem;
923 2369 1021 2398 deinde

175 2416 298 2445 defectus
312 2417 338 2445 in
355 2416 551 2445 observatione
566 2416 695 2445 iustiliae
715 2419 851 2453 quantum
872 2416 905 2445 ad
925 2416 1021 2453 proxi-

175 2470 267 2497 mum;
290 2467 351 2500 post
373 2463 440 2491 haec
462 2463 638 2497 omissiones,
659 2471 729 2500 quas
750 2463 805 2500 egit
819 2471 854 2491 ex
877 2463 948 2491 mala
972 2471 1020 2491 cu-

175 2509 262 2538 stodia
283 2517 415 2538 sensuum
439 2513 466 2538 et
484 2509 611 2538 sensibus
625 2509 807 2538 adiacentium
829 2510 977 2538 affectuum
993 2513 1020 2538 et

175 2556 372 2593 cogitationum
394 2557 474 2584 iuxta
502 2556 718 2593 quadriformem
746 2556 958 2593 descriptionem
980 2556 1021 2584 di-

175 2603 305 2640 sciplinae
326 2603 405 2640 prius
426 2603 597 2640 explanatae.
614 2620 649 2623 —-
666 2603 751 2631 Debet
766 2606 857 2632 autem
874 2603 941 2632 haec
956 2611 1020 2631 con-

174 2649 255 2678 fessio
276 2649 346 2678 duos
368 2649 470 2678 habere
491 2649 619 2683 comites,
641 2649 744 2678 scilicet
772 2649 970 2678 contritionem
993 2652 1020 2678 et

175 2695 424 2733 sacz'sfu-ctionenz;
445 2700 470 2724 et
493 2696 583 2724 doleat
610 2696 743 2725 confitens
759 2691 804 2724 'de
832 2696 942 2724 offensis
962 2696 1020 2725 suis

1875 197 1930 224 725

1087 267 1231 300 omnibus,
1254 276 1306 296 non
1329 268 1418 297 solum
1439 270 1556 306 magnis,
1578 278 1675 299 verum
1697 272 1778 300 etiam
1802 273 1930 308 modicis,

1087 313 1152 349 quia
1172 313 1238 342 dicit
1258 314 1371 350 Sapiens
1386 315 1412 342 ³:
1436 316 1494 351 Qui
1512 318 1625 353 spernit
1644 318 1760 346 modica
1782 319 1930 356 paulatim

1086 360 1203 388 decidet.
1225 361 1346 389 Dolendo
1367 362 1448 390 etiam
1480 367 1574 391 caveat
1602 364 1703 393 iterare
1730 366 1854 402 culpam,
1883 366 1929 395 sed

1086 407 1172 443 magis
1187 408 1295 436 studeat.
1309 409 1501 444 praescindere
1516 418 1625 438 causam
1642 414 1669 439 et
1683 412 1851 441 occasionem
1868 420 1930 449 pec-

1086 453 1174 487 candi,
1190 458 1447 492 quantumcumque
1462 456 1511 484 sibi
1528 456 1654 485 videatur
1670 465 1718 494 per
1732 466 1853 487 amorem
1870 467 1929 488 esse

1086 499 1239 528 coniuncta.
1264 500 1343 528 iuxta
1367 501 1440 529 enim
1469 502 1616 531 salvatoris
1644 504 1805 532 sententiam
1828 505 1929 533 oculus

1085 546 1298 574 scandalizans
1319 548 1464 576 eruendus
1485 553 1541 582 est,
1556 550 1629 586 quod
1652 558 1704 578 non
1720 551 1882 588 intelligitur
1895 551 1929 580 de

1087 593 1211 621 membro
1240 594 1364 630 corporis
1393 596 1496 629 nostri,
1517 596 1564 624 sed
1585 596 1618 625 de
1646 598 1787 627 occasione
1810 599 1928 635 peccati,

1085 639 1190 668 etiamsi
1214 640 1338 668 videatur
1360 648 1419 669 esse
1441 649 1505 670 cara
1527 644 1660 678 peccatori
1681 652 1763 672 causa
1784 645 1927 681 peccandi,

1085 685 1156 714 sicut
1176 687 1274 715 oculus
1295 692 1335 715 est
1357 688 1513 716 membrum
1536 697 1631 718 carum
1654 691 1701 718 toti
1723 691 1841 728 corpori.

1164 733 1263 761 Pendet
1276 737 1368 762 autem
1384 735 1484 763 veritas
1499 735 1675 765 confessionis
1690 746 1775 773 purae
1793 746 1829 766 ex
1850 738 1927 775 puri-

1084 782 1139 807 tate
1159 780 1291 808 orationis
1305 784 1332 809 et
1353 789 1368 809 e
1389 789 1530 816 converso,
1546 783 1619 819 quia,
1634 788 1737 820 quanto
1759 785 1844 821 magis
1865 785 1928 822 quis

1083 827 1286 862 appropinquat
1307 827 1339 855 ad
1363 828 1465 861 lumen,
1480 832 1556 856 tanto
1578 830 1662 866 magis
1683 831 1779 867 aspicit
1793 832 1927 868 quidquid

1083 872 1205 901 deforme
1226 876 1282 907 est:
1304 877 1331 902 et
1345 878 1448 910 quanto
1464 876 1549 912 magis
1563 876 1749 905 deformitates
1763 886 1779 906 a
1795 878 1854 906 visu
1869 879 1928 907 abs-

1083 918 1178 954 tergit,
1194 922 1269 947 tanto
1286 919 1377 948 lumen
1393 920 1502 949 dulcius
1517 922 1595 957 sapit.
1612 922 1686 951 Unde
1701 922 1842 959 confessio
1857 932 1927 960 pura

1083 964 1116 992 ad
1138 966 1290 994 orationem
1312 966 1431 1001 reducit,
1454 968 1525 996 sicut
1551 971 1615 1005 post
1638 977 1778 1005 vesperam
1800 971 1926 1007 sequitur

1084 1019 1177 1045 mane;
1197 1013 1292 1041 oratio
1309 1022 1374 1042 vero
1388 1014 1420 1042 ad
1438 1014 1529 1043 lumen
1545 1016 1781 1052 contemplationis
1796 1020 1926 1054 tanquam

1082 1058 1115 1086 ad
1138 1060 1295 1094 meridiem,
1318 1060 1364 1089 ubi
1397 1065 1473 1098 optat
1503 1062 1592 1090 omnis
1623 1063 1713 1091 anima
1744 1068 1837 1092 sancta
1862 1072 1926 1092 cum

1081 1105 1199 1140 Christo,
1221 1115 1321 1143 sponso
1335 1108 1407 1141 eius,
1430 1109 1603 1145 requiescere
1618 1110 1663 1138 hic
1678 1110 1703 1138 in
1720 1111 1855 1146 praesenti
1879 1119 1927 1147 per

1081 1153 1208 1189 gratiam,
1229 1153 1315 1182 donec
1338 1154 1462 1183 videatur
1485 1156 1557 1184 Deus
1579 1164 1627 1192 per
1642 1156 1766 1193 gloriam,
1787 1157 1821 1185 ad
1842 1165 1924 1194 quam

1082 1199 1140 1236 ipse
1160 1208 1213 1228 nos
1231 1201 1385 1237 perducat,
1401 1202 1447 1238 qui
1466 1202 1531 1229 vivit
1551 1206 1577 1231 et
1597 1206 1692 1239 regnat
1706 1203 1733 1231 in
1748 1204 1857 1232 saecula
1872 1212 1927 1233 sae-

1082 1247 1218 1275 culorum.
1240 1248 1332 1276 Amen.

1217 1342 1308 1370 Suasio
1330 1342 1358 1369 ll.
1382 1342 1420 1370 Du
1441 1350 1549 1371 Nos‘rnA
1570 1352 1760 1373 nenatirrionu
1774 1345 1794 1372 4.

1162 1434 1245 1462 Lavit
1266 1442 1318 1462 iios
1340 1442 1359 1462 a
1377 1435 1504 1471 peccati-9
1525 1436 1635 1464 nostri-s·
1650 1437 1681 1465 in
1695 1438 1841 1474 sanquine
1860 1447 1925 1472 suo,

1080 1480 1255 1517 Apocalypsis
1277 1481 1366 1517 primo
1381 1481 1401 1508 ⁵.

1159 1527 1280 1555 Verbum
1303 1527 1475 1563 propositum
1491 1528 1612 1556 continet
1627 1529 1653 1557 in
1669 1537 1698 1558 se
1712 1530 1777 1558 sads
1792 1538 1924 1568 expresse

1080 1577 1191 1602 nostrae
1213 1573 1408 1610 redemptionis
1433 1574 1611 1610 beneficium;
1634 1576 1766 1613 exprimit
1787 1578 1858 1606 enim
1882 1586 1924 1607 re-

1081 1621 1230 1657 parationis
1252 1624 1362 1649 nostrae
1393 1621 1555 1657 mysterium
1577 1626 1711 1658 quantum
1740 1623 1773 1652 ad
1795 1623 1923 1661 effectum

1081 1671 1107 1695 et
1129 1671 1263 1704 quantum
1285 1667 1318 1695 ad
1340 1667 1468 1695 modum.
1487 1667 1609 1705 Effectus
1623 1672 1714 1697 autem
1737 1670 1923 1705 praemittitur

1081 1713 1107 1741 in
1130 1714 1191 1747 hoc,
1214 1714 1287 1750 quod
1308 1714 1425 1743 dicitur:
1450 1715 1532 1743 Lavit
1552 1724 1605 1743 nos
1619 1724 1638 1743 a
1656 1717 1783 1752 pecca-tis
1797 1717 1924 1750 nost7·is;

1081 1761 1185 1789 modus
1206 1761 1393 1798 subiungitur,
1415 1769 1479 1790 cum
1500 1762 1625 1790 additur:
1648 1763 1678 1790 in
1696 1763 1840 1800 sanquine
1860 1772 1922 1792 suo.

1080 1807 1131 1836 Sed
1160 1808 1289 1844 quoniam
1319 1808 1390 1836 inter
1417 1808 1544 1837 effectum
1572 1812 1599 1837 et
1628 1809 1737 1838 modum
1760 1810 1831 1839 sicut
1852 1811 1923 1839 inter

1080 1857 1206 1883 extrema
1229 1854 1366 1883 intercidit
1387 1855 1475 1884 virtus
1497 1856 1599 1889 media,
1622 1855 1681 1884 ideo
1706 1857 1758 1885 tria
1779 1857 1857 1886 nobis
1877 1865 1922 1886 oc-

1079 1904 1199 1929 currunt
1220 1901 1433 1936 consideranda,
1462 1902 1564 1931 scilicet
1585 1903 1651 1940 quis
1677 1906 1787 1932 nostrae
1816 1904 1922 1932 redem-

1079 1948 1179 1984 ptionis
1200 1948 1317 1982 modus,
1339 1956 1413 1986 quae
1434 1948 1529 1977 virtus
1550 1953 1575 1977 et
1597 1949 1663 1987 quis
1683 1949 1803 1987 effectus.

1158 1994 1174 2022 1.
1196 1994 1299 2023 Modus
1319 1998 1411 2023 autem
1434 1996 1614 2032 reparationis
1629 1999 1738 2025 nostrae
1752 1997 1803 2025 fuit
1818 1997 1844 2025 in
1860 2005 1922 2026 san-

1078 2042 1169 2078 guinis
1183 2041 1283 2069 Christi
1299 2042 1440 2076 effusione,
1457 2050 1509 2070 non
1525 2043 1729 2080 qualicumque,
1745 2044 1790 2072 sed
1806 2044 1858 2072 sub
1876 2044 1922 2072 tri-

1079 2088 1140 2125 plici
1162 2088 1325 2116 conditione.
1348 2088 1408 2117 Fuit
1429 2088 1501 2117 enim
1517 2089 1628 2126 sanguis
1643 2090 1742 2118 Christi
1766 2099 1816 2127 pro
1833 2091 1921 2120 salute

1078 2138 1173 2164 nostra
1193 2135 1297 2163 effusus
1318 2135 1450 2164 effusione
1463 2136 1610 2172 piissima,
1622 2136 1791 2173 plenissima
1814 2141 1841 2166 et
1855 2146 1922 2175 poe-

1077 2182 1242 2211 nalissima.
1265 2198 1302 2203 ——-
1324 2182 1432 2211 Effusus
1465 2191 1583 2220 namque
1610 2183 1662 2212 fuit
1683 2184 1793 2221 sangnis
1821 2184 1920 2213 Christi

1078 2237 1128 2266 pro
1151 2229 1337 2265 redemptione
1357 2233 1452 2258 nostra
1472 2228 1609 2267 effusione
1620 2230 1768 2266 piissima,
1790 2231 1811 2260 si
1833 2231 1921 2260 consi-

1077 2276 1191 2304 deretur
1212 2284 1320 2309 causa,
1342 2276 1408 2312 quia
1429 2284 1481 2304 non
1504 2284 1555 2313 pro
1576 2277 1657 2313 culpa
1678 2285 1740 2310 sua,
1756 2277 1801 2306 sed
1823 2278 1920 2312 aliena,

1077 2321 1179 2350 scilicet
1201 2325 1303 2355 nostra,
1335 2322 1486 2350 secundum
1513 2322 1586 2359 quod
1615 2323 1752 2359 praedixit
1780 2323 1921 2360 discipulis

1078 2368 1104 2396 in
1127 2376 1226 2402 coena,
1242 2368 1368 2397 Matthaei
1386 2369 1515 2406 vigesimo
1536 2373 1616 2398 sexto
1631 2370 1657 2397 ⁶:
1674 2370 1728 2398 Hie
1742 2374 1783 2398 est
1795 2371 1920 2408 sanquis

1077 2424 1158 2443 meus
1178 2415 1247 2443 novi
1273 2416 1451 2449 testamenti,
1479 2416 1531 2454 qui
1549 2425 1603 2453 pro
1631 2416 1730 2445 'multis
1757 2416 1920 2454 effluuietm'

1077 2462 1108 2490 in
1129 2462 1327 2490 remissionem
1349 2466 1544 2499 peecatorum.
1561 2463 1682 2491 Piissima
1696 2463 1780 2499 igitur
1795 2463 1846 2491 fuit
1860 2464 1920 2492 eius

1077 2516 1174 2542 causa,
1196 2509 1261 2545 quia
1282 2517 1335 2537 non
1358 2509 1410 2537 fuit
1432 2517 1527 2545 passus
1549 2512 1580 2538 ut
1608 2509 1724 2546 impiuS,
1751 2510 1796 2538 sed
1819 2513 1851 2538 ut
1878 2510 1920 2538 iu-

1077 2559 1151 2589 stus,
1184 2555 1257 2592 quod
1286 2555 1429 2584 attendens
1457 2556 1514 2592 ipse
1545 2556 1629 2585 index
1658 2557 1759 2585 Pilatus
1792 2557 1919 2586 Matthaei

1077 2602 1209 2639 vigesimo
1230 2602 1346 2639 septimo
1366 2602 1418 2630 ait:
1435 2603 1573 2631 Innocens
1588 2612 1637 2640 690
1651 2612 1717 2631 sum
1739 2612 1758 2631 a
1775 2604 1920 2641 sanquine

1076 2649 1149 2677 iusti
1169 2648 1266 2677 liuius.
1289 2649 1339 2677 Sed
1361 2652 1473 2678 econtra
1488 2649 1639 2686 impiissimi
1660 2650 1748 2678 ludaei
1770 2650 1917 2679 dixerunt:

1077 2688 1207 2733 sanquis
1237 2696 1300 2724 eius
1330 2704 1419 2732 supe-r
1446 2705 1499 2724 nos
1526 2700 1551 2724 et
1576 2705 1665 2733 super
1688 2696 1764 2732 filios
1795 2700 1917 2725 nostros.

237 2865 243 2877 ¹
263 2866 305 2887 Pro
323 2866 357 2887 his
374 2865 440 2888 dictis
456 2866 495 2887 cfr.
515 2866 609 2892 Bonav„
625 2865 704 2888 Collat.
721 2867 742 2888 in
761 2866 868 2889 Hexaern.
889 2867 963 2889 collat.
984 2866 1017 2888 17.

175 2910 197 2926 n.
214 2905 236 2926 9.
253 2910 318 2932 seqq.
335 2908 357 2926 et
374 2904 447 2926 collat.
471 2904 503 2925 18.
522 2910 543 2925 n.
565 2905 598 2926 17.
615 2910 679 2933 seqq.

238 2942 246 2955 ²
265 2943 345 2965 esaim,
368 2944 384 2970 i,
403 2944 427 2971 2;
445 2943 548 2971 seqnitur
565 2943 632 2970 Eccli,
650 2944 671 2972 3,
689 2945 726 2966 22.

238 2982 247 2995 ²⁵
266 2983 332 3005 Eccli.
352 2983 385 3010 ¹9,
408 2983 430 3010 {3
448 2983 552 3011 sequitur
570 2983 645 3005 Matth.
663 2984 684 3011 ὅ,
701 2984 737 3005 29.

1136 2865 1146 2877 ⁴
1164 2866 1192 2887 Ex
1210 2865 1262 2888 eod.
1280 2865 1407 2887 Monac-ensi
1427 2865 1455 2886 W
1473 2865 1509 2887 sol.
1531 2865 1556 2886 16
1574 2871 1596 2886 v.
1613 2869 1635 2887 et
1651 2865 1703 2887 cod.
1721 2865 1816 2887 'sinlei-t.
1828 2872 1849 2887 n.
1866 2866 1916 2888 182.

1075 2905 1111 2927 sol.
1135 2905 1175 2926 ¹32
1193 2911 1214 2926 v.

1138 2943 1147 2956 ⁵
1167 2945 1228 2966 Vei-s.
1247 2944 1267 2966 5.

1137 2982 1146 2995 ⁰
1165 2983 1230 3005 Vers.
1247 2983 1289 3010 233
1306 2986 1434 3011 sequuntur
1452 2989 1472 3004 c.
1490 2983 1526 3010 27,
1544 2982 1580 3004 24.
1599 2985 1620 3004 et
1637 2982 1688 3004 dein
1707 2989 1729 3004 v.
1746 2983 1783 3005 25.

1944 747 2059 766 Notandum.

1940 1537 2062 1558 introductio.

1940 1912 2017 1931 Divisio.

1941 2005 1987 2023 Pars
1999 2005 2013 2024 Ι.
2028 2005 2054 2024 De

1950 2028 2004 2047 modo
2017 2033 2046 2047 re-

1942 2052 2055 2076 demptionis

1938 2075 1972 2094 sub
1985 2075 2055 2099 triplici

1939 2099 2054 2118 conditione.

1945 2192 2047 2215 Sanguinis

1936 2215 2001 2243 effusio
2014 2216 2059 2239 piis-

1969 2244 2022 2257 sima.
