2243 3348
243 389 321 408 Divisio.

248 809 294 827 Pars
307 809 320 826 1.

195 902 281 925 Dignatio
293 902 325 920 atl-

210 925 307 944 mirabilis.

206 1136 275 1155 Tamen
292 1141 320 1154 ra-

212 1159 314 1178 tionabilis.

205 1510 318 1528 Subdivisio.

193 1697 277 1715 Christus
286 1697 325 1720 pri-

192 1726 223 1739 mo
233 1722 252 1738 ut
263 1721 325 1739 erudi-

193 1746 222 1762 tor
235 1749 296 1763 varus.

339 166 375 193 60

338 251 392 272 non
414 242 497 271 altius
518 244 609 279 posset
630 241 763 278 explicari
793 240 955 276 mysterium
978 238 1180 267 incarnationis.

339 290 500 327 Explicatur
514 289 587 318 enim
609 288 771 325 mysterium
794 286 989 315 incarnationis
1004 288 1035 313 ut
1049 284 1182 313 admira-

340 338 391 367 bile
412 339 525 374 propter
546 335 735 365 admirabilem
758 333 933 362 assumentis
953 336 978 360 et
998 331 1125 360 assumti
1137 340 1182 359 eo-

335 384 524 423 palationem.
537 381 709 411 Admirabilis
723 380 855 417 diynatio
870 378 1045 408 assumenti-s·
1060 380 1182 411 notatur,

338 431 448 469 quando
462 430 542 459 dicit:
565 428 675 457 Medias
689 431 817 455 vestrum
831 426 908 454 stetit
928 429 995 459 etc.;
1014 424 1183 453 admirabilis

339 477 464 507 assumti
484 476 621 505 celsitado
644 474 775 511 tangitur,
791 480 855 501 cum
876 472 957 501 dicit:
979 472 1039 509 ipse
1060 475 1116 505 est,
1132 471 1184 509 qai

337 528 401 562 post
422 532 465 552 me
485 526 625 551 venturas
646 524 695 554 est,
718 521 770 558 qai
790 523 855 548 ante
872 528 916 547 mc
936 518 1036 555 factas
1057 522 1114 551 est;
1135 517 1182 546 ad-

339 571 472 600 mirabilis
494 568 669 598 assumentis
690 571 715 595 et
729 566 857 595 assumti
877 565 1021 602 copulatio
1043 565 1181 601 tangitur,

338 626 401 646 cum
422 616 501 645 dicit:
524 615 610 644 caius
631 622 680 652 epo
701 622 759 642 non
779 621 846 641 sam
867 612 986 649 diffluis,
1015 615 1047 639 at
1070 611 1182 639 solvam

338 665 400 693 eius
421 663 583 700 corripiam
604 660 799 690 calceamenti.
823 660 850 687 ln
873 660 924 687 ista
946 659 1107 694 metaphora
1132 658 1182 685 im-

338 712 456 748 plicatur
480 709 660 738 manifestatio
675 709 710 743 (t)
731 706 853 744 mysterii
876 705 1079 734 incarnationis.

416 758 433 785 l.
457 757 563 790 Primo,
584 755 660 788 dico,
682 754 838 791 explicatur
868 752 1031 789 mysterium
1056 751 1182 779 incarna-

338 805 419 834 tionis
440 807 472 832 ut
493 803 610 832 sublime
631 804 744 839 propter
771 799 975 828 admirabilem
1006 798 1182 826 assumentis

338 851 552 889 eliquationem,
575 857 638 878 cuin
659 848 740 877 dicit:
763 847 874 875 Medias
891 849 1020 874 vestram
1041 844 1117 872 stetit
1130 848 1180 873 etc.

338 898 469 927 Mirabilis
489 900 530 926 est
550 896 685 933 dignatio,
708 895 729 923 si
745 894 950 926 consideretur,
973 892 1035 929 quis
1056 892 1108 920 fuit
1132 891 1182 920 iste

339 946 385 982 qui
407 945 481 973 stetit
502 944 533 972 in
553 943 656 976 medio,
682 942 747 979 quia
771 942 845 969 Dens
873 943 1008 968 aelerna-s
1038 939 1063 967 in
1094 938 1182 966 medio

336 992 494 1021 mortalium
518 990 670 1023 hominum,
687 990 790 1026 Agnus
811 988 947 1015 innocens
968 986 995 1014 in
1014 985 1103 1014 medio
1125 994 1181 1013 ma-

338 1039 499 1076 lignantium
522 1040 697 1074 peccatorum
719 1038 747 1064 et
762 1034 899 1063 Salvator
918 1033 1065 1070 qloriosns
1080 1032 1106 1060 in
1126 1040 1182 1060 me-

338 1086 382 1114 dio
413 1084 611 1113 miserabilium
647 1082 828 1119 perditorum.
859 1079 1032 1108 Admirabilis
1059 1082 1100 1107 est
1131 1079 1183 1107 ista

338 1132 474 1170 dignatio,
496 1135 585 1160 tamen
608 1138 661 1159 non
690 1132 731 1158 est
753 1128 961 1161 irrationabilis,
983 1127 1003 1155 si
1031 1126 1182 1155 attenditur

339 1188 421 1209 causa
449 1182 475 1207 et
504 1178 582 1211 ratio⁷
611 1184 698 1214 quare
719 1176 793 1205 stetit
818 1176 844 1203 in
874 1174 963 1203 medio
993 1174 1182 1207 ladaeoram,

339 1227 385 1264 qui
407 1226 514 1254 medius
534 1225 586 1253 suit
608 1225 634 1252 in
663 1223 812 1252 Trinitate.
835 1222 881 1250 Dei
904 1221 988 1249 Filius
1009 1220 1099 1249 media
1121 1228 1182 1256 per-

339 1282 405 1303 sona
425 1277 466 1302 est
487 1273 513 1300 in
536 1272 677 1300 Trinitate.
700 1271 778 1298 Pater
794 1272 867 1298 tenet
882 1268 1015 1297 rationem
1030 1267 1182 1304 principii,

338 1321 403 1358 quia
424 1320 458 1348 ab
480 1320 538 1356 ipso
560 1318 682 1356 procedit
703 1321 730 1346 et
758 1317 840 1344 Filius
868 1319 895 1344 et
916 1315 1034 1352 Spiritus
1062 1318 1182 1343 sanctus.

339 1367 457 1404 Spiritus
485 1369 612 1399 sanctus,
645 1373 660 1393 a
686 1373 741 1401 quo
769 1372 822 1392 non
850 1362 974 1399 procedit
1001 1361 1081 1394 alius,
1111 1364 1184 1389 tenet

338 1415 471 1443 rationem
495 1413 592 1441 ultimi
612 1416 637 1440 et
657 1410 834 1448 completioi,
863 1413 890 1438 et
915 1409 998 1437 Filius
1025 1412 1066 1437 est
1087 1409 1184 1436 media

335 1469 472 1498 persona,
494 1460 541 1497 qui
564 1459 670 1488 medius
685 1461 726 1487 est
747 1458 773 1486 in
796 1457 936 1486 Trinitate.
958 1474 996 1477 -—
1011 1457 1088 1484 Nunc
1109 1455 1184 1484 stetit

337 1508 444 1537 medius
465 1508 536 1535 inter
558 1506 670 1535 ludaeos
692 1508 723 1533 ut
750 1504 882 1533 eruditor
904 1512 1001 1537 veras,
1031 1507 1061 1531 ut
1090 1502 1183 1539 infor-

337 1558 433 1583 mator
453 1557 574 1582 sanctas
600 1556 627 1581 et
648 1556 680 1581 ut
700 1555 857 1589 reparator
883 1552 962 1588 pias.
989 1550 1054 1579 Dico
1083 1550 1182 1587 igitur,

337 1602 410 1638 quod
432 1602 528 1630 beatus
551 1601 662 1629 loannes
683 1599 748 1628 dicit
769 1602 796 1627 et
828 1598 951 1635 loquitur
979 1597 1098 1626 ludaeis:
1133 1597 1184 1625 Do-

338 1649 429 1677 minus
450 1648 562 1676 medius
583 1650 710 1675 vestram
729 1646 805 1674 stetit
818 1648 868 1674 etc.
888 1662 922 1665 -—
939 1645 1009 1673 Bene
1024 1644 1093 1677 dico,
1109 1643 1182 1680 quod

338 1695 389 1724 fuit
412 1695 436 1723 in
467 1695 555 1723 medio
584 1694 746 1722 ludaeorum
775 1696 807 1721 ut
835 1692 967 1720 eruditor
994 1700 1089 1723 veras,
1119 1690 1183 1727 quia

343 1742 530 1771 «cathedram
557 1741 639 1769 habet
667 1740 694 1768 in
716 1739 798 1768 caelis
827 1739 874 1775 qui
897 1739 971 1767 intus
992 1738 1075 1766 corda
1097 1737 1183 1765 homi—

338 1797 405 1818 num
427 1789 505 1817 docet
526 1788 553 1816 in
576 1787 658 1816 terris
674 1788 683 1804 ¹
700 1799 726 1820 »‚
749 1787 806 1823 ipse
828 1788 869 1814 est
889 1785 1021 1818 Verbum,
1047 1784 1119 1821 quod
1143 1787 1184 1812 est

338 1836 398 1865 fons
421 1836 504 1864 totius
526 1834 687 1871 sapientiae3
709 1833 782 1862 unde
804 1833 830 1861 in
854 1832 1041 1861 Ecclesiastico
1057 1831 1082 1859 ²:
1107 1832 1183 1859 Fons

339 1883 500 1920 sapientiae
528 1881 650 1910 Verbum
674 1880 726 1909 Dei
746 1880 776 1908 in
797 1879 922 1908 excelsis.
945 1879 981 1907 Ad
1005 1879 1055 1907 hoc
1079 1880 1182 1911 autem,

339 1930 413 1967 quod
441 1929 565 1958 eruditor
594 1929 644 1957 iste
673 1928 789 1956 intraret
817 1927 843 1955 in
872 1926 955 1955 corda
983 1925 1126 1954 bominum
1156 1925 1182 1953 in

338 1980 426 2010 terra,
458 1984 569 2005 necesse
600 1975 666 2008 fuit,
699 1974 823 2003 homines
851 1973 952 2002 elevari
981 1980 1108 2005 sursum,
1140 1972 1182 2000 vel

339 2023 461 2052 Verbum
484 2022 617 2055 inclinari.
641 2021 767 2049 Homines
788 2020 902 2048 suerunt
930 2019 1053 2047 brutales
1073 2021 1100 2047 et
1122 2026 1182 2046 sen-

339 2070 438 2103 suales,
460 2073 487 2098 et
508 2069 568 2097 ideo
590 2068 757 2105 impossibile
778 2071 852 2100 erat,
874 2066 1012 2095 hominem
1035 2065 1067 2094 ad
1090 2066 1180 2101 ipsum

339 2116 461 2145 Verbum
483 2116 618 2144 ineffabile
639 2114 782 2143 sublimari
805 2118 832 2143 et
853 2114 886 2142 ad
915 2113 1006 2141 lucem
1029 2112 1182 2141 inaccessi-
1209 2131 1210 2142 i

339 2163 421 2191 bilem
436 2163 446 2179 ³
468 2166 495 2191 et
509 2162 535 2190 in
551 2166 689 2190 aeternam
706 2161 920 2198 pulcritudinem
937 2160 1031 2188 oculos
1045 2159 1180 2196 defigere;

338 2213 364 2239 et
385 2210 445 2239 ideo
466 2209 604 2246 oportuit,
626 2212 674 2237 aut
695 2208 767 2245 quod
790 2208 911 2236 Verbum
934 2208 960 2235 in
983 2207 1072 2235 medio
1094 2206 1181 2234 horni—

337 2265 404 2285 num
426 2256 547 2289 veniret,
569 2259 616 2284 aut
637 2256 711 2292 quod
732 2255 857 2283 homines
878 2255 904 2282 in
927 2262 977 2283 sua
1002 2253 1116 2282 stultitia
1139 2261 1181 2281 re-

338 2306 489 2332 manerent.
522 2304 669 2340 Propterea
696 2302 823 2331 Christus
851 2302 1011 2330 incarnatus
1039 2304 1080 2329 est
1101 2304 1128 2329 et
1148 2300 1181 2328 de

336 2351 447 2387 Virgine
468 2353 564 2384 natus3
587 2353 613 2378 et
628 2350 728 2378 dicitur
749 2349 776 2377 in
793 2349 918 2377 Habacuc
930 2349 941 2365 4
956 2351 1037 2376 natus
1052 2348 1136 2376 fuisse
1151 2348 1182 2376 in

336 2397 429 2426 medio
447 2398 575 2426 duorum
598 2396 792 2429 animalium;
814 2396 887 2424 unde
914 2396 1025 2429 dicitur,
1052 2395 1126 2432 quod
1154 2395 1181 2423 in

337 2444 479 2480 praesepio
500 2444 578 2472 bovis
599 2446 626 2472 et
646 2443 714 2472 asini
747 2446 828 2471 natus
849 2443 910 2476 fuit,
938 2442 1002 2479 quia
1030 2442 1182 2471 instructor

336 2490 389 2519 fuit
410 2490 503 2527 populi
526 2490 626 2518 Iudaici
655 2493 682 2518 et
709 2489 865 2518 Christiani.
894 2489 985 2523 Unde,
1018 2498 1085 2517 eam
1113 2492 1182 2517 esset

337 2545 483 2565 annorum
505 2537 672 2569 dzwdecim,
695 2536 837 2564 remansit
851 2536 861 2552 ⁵
884 2536 910 2564 in
932 2536 1041 2572 templo.
1058 2535 1133 2564 Unde
1154 2535 1180 2563 in

338 2583 497 2620 Evangelio:
522 2584 590 2611 Post
612 2583 746 2611 triduam
768 2583 938 2611 invenerant
960 2583 1042 2611 illam
1065 2583 1095 2610 in
1114 2586 1181 2610 tem-

399 2769 405 2781 ¹
425 2770 530 2797 August„
548 2769 569 2791 in
587 2769 657 2797 Epist.
677 2769 736 2791 ioan.
755 2771 782 2791 tr.
799 2769 819 2791 3.
839 2775 860 2790 n.
877 2769 914 2793 13;
932 2769 961 2791 de
973 2769 1091 2797 Magistro,
1110 2774 1128 2791 c.
1146 2768 1178 2789 11.

336 2815 357 2830 n.
376 2809 413 2830 38.
430 2814 493 2837 seqq.
512 2811 534 2830 et
550 2807 614 2835 aiibi,
633 2809 674 2830 cfr.
693 2811 748 2830 tom.
766 2808 792 2830 Y.
811 2814 865 2836 pag.
884 2808 937 2834 324,
954 2811 1005 2830 nota
1024 2809 1045 2830 2.

398 2846 406 2859 ²
424 2847 478 2874 Cap.
501 2848 518 2873 1,
536 2847 557 2869 5.
904 2845 913 2858 ³
930 2846 975 2869 Csr.
993 2847 1007 2868 1.
1026 2846 1085 2868 Tim.
1104 2847 1125 2873 6,
1145 2846 1178 2867 16.

397 2886 406 2898 ⁴
424 2886 479 2914 Cap.
497 2887 518 2913 3,
540 2887 557 2913 1,
574 2887 703 2909 secundum
721 2886 890 2908 translationem
909 2885 1074 2915 Septuaginta.

397 2924 407 2936 ⁵
424 2926 478 2947 Luc.
496 2926 516 2952 2,
536 2925 572 2947 ta.
590 2932 649 2954 scq.;
668 2928 796 2954 sequuntur
814 2932 837 2947 v.
855 2925 891 2947 46.
909 2931 957 2953 seq.
975 2928 997 2947 et
1015 2925 1051 2947 tt.
1071 2930 1120 2953 seq.

399 2963 407 2976 Β
424 2963 493 2986 Hebr.
514 2965 533 2992 t,
555 2965 572 2985 1.
998 2963 1006 2975 ⁷
1024 2963 1080 2991 Cap.
1101 2963 1121 2989 4,
1144 2963 1176 2985 16,

975 160 1147 190 SERMONES
1169 161 1212 188 DE
1234 160 1397 189 TEMPORE.

1237 238 1285 275 plo
1306 238 1446 266 sedentem
1467 238 1498 266 in
1519 238 1612 266 ‘medio
1643 238 1805 273 doctorum,
1828 239 1993 268 audientem
2021 240 2083 269 illos

1239 287 1263 312 et
1295 284 1521 321 interrogyantem
1549 292 1603 312 eos,
1634 285 1664 313 Et
1690 285 1844 322 stupebant
1871 294 1968 314 omncs
1995 295 2083 323 super

1237 330 1398 367 prudentia
1419 334 1444 359 et
1464 331 1612 367 responsis
1632 331 1703 359 eias.
1732 332 1923 369 Requirebanl
1951 341 2015 361 eam
2037 341 2084 369 pa—

1239 380 1332 405 rentes
1353 377 1428 405 inter
1449 381 1586 414 coenatos
1606 381 1633 406 et
1651 386 1709 406 non
1731 378 1902 407 invenerant
1933 387 2009 412 eum,
2037 379 2084 408 sed

1240 424 1266 452 in
1289 424 1400 460 templo,
1429 424 1476 452 ubi
1505 427 1545 452 est
1575 424 1650 453 locus
1671 425 1824 459 doctrinae,
1854 425 1888 454 ibi
1918 426 2084 455 invenerunt

1239 478 1303 499 eum
1325 471 1476 499 docentem.
1500 471 1530 499 Et
1551 471 1682 507 quando?
1705 472 1775 500 Post
1788 472 1936 506 triduum,
1958 473 2024 509 quia
2039 473 2084 501 tri-

1240 517 1304 554 plex
1326 517 1490 545 illuminatio
1511 518 1660 554 praecessit
1680 518 1779 546 Christi
1802 518 1960 552 adventum,
1982 519 2085 548 scilicet

1239 563 1403 592 illuminatio
1425 564 1490 601 legis
1511 567 1644 598 naturae,
1665 564 1813 593 illustratio
1832 565 1991 602 scripturae
2012 569 2039 594 et
2054 566 2085 594 il-

1240 610 1367 639 lustratio
1389 611 1564 639 revelationis
1585 611 1769 647 propheticae.
1791 611 1867 640 Unde
1888 612 1953 640 dicit
1973 612 2085 648 Aposto-

1240 658 1283 686 lus
1297 657 1323 685 6:
1346 656 1545 694 Maltifaricwn
1571 658 1726 696 multisque
1745 658 1839 686 modis
1864 658 1932 686 olim
1956 659 2031 688 Deus
2045 659 2085 687 lo-

1238 713 1328 742 quens
1363 704 1504 733 Patribus
1535 705 1565 733 in
1600 704 1761 741 Prophetis,
1783 706 1955 740 novissime,
1985 705 2085 734 diebus

1239 751 1303 779 istis
1329 751 1442 780 locatas
1463 755 1502 779 est
1529 751 1611 780 nobis
1639 752 1671 780 in
1699 751 1782 780 Filio.
1812 752 1969 789 Stupebant
1996 761 2085 790 saper

1237 798 1397 834 prudentia
1416 803 1440 826 et
1455 798 1602 835 responsis
1616 799 1689 832 eius,
1706 807 1760 827 non
1775 802 1866 827 tamen
1881 799 1904 827 ei
1921 799 2084 833 credebant;

1238 845 1402 879 audiebant,
1421 845 1468 873 sed
1483 853 1537 873 non
1554 845 1751 881 intelligebant,
1767 845 1859 879 immo,
1876 853 1938 874 cum
1953 845 2086 874 deberent

1239 891 1329 928 ipsum
1359 899 1467 920 summe
1496 892 1621 920 venerari
1650 895 1677 920 et
1709 892 1731 920 ei
1764 892 1894 926 credere,
1926 892 2085 921 nitebantur

1239 939 1328 975 ipsum
1351 939 1484 967 occidere.
1506 939 1581 967 Unde
1596 939 1622 967 in
1638 940 1711 967 Luca
1725 939 1751 967 ⁷:
1774 939 1870 967 Redux
1893 939 1967 968 lesus
1987 939 2020 968 de
2043 939 2086 968 ba-

1238 986 1351 1022 ptismo,
1366 986 1442 1014 venit
1457 985 1618 1014 Nazareth.
1640 986 1754 1022 Aperuit
1768 986 1871 1014 librum
1886 988 1913 1014 et
1932 986 2034 1022 incepit
2049 986 2087 1014 le-

1238 1040 1312 1069 gere,
1328 1037 1355 1061 et
1370 1033 1476 1061 occurit
1491 1033 1530 1061 ei:
1547 1032 1678 1070 Spiritus
1700 1033 1818 1061 Domini
1831 1041 1920 1069 saper
1934 1041 1978 1061 me
1993 1032 2003 1049 ⁸
2019 1036 2085 1067 etc.;

1239 1084 1266 1109 et
1287 1080 1368 1109 dicit:
1392 1081 1482 1109 Hodie
1507 1080 1626 1117 impleta
1647 1083 1687 1108 est
1708 1079 1777 1108 staec
1800 1080 1957 1116 Scriptura
1978 1080 2009 1108 in
2031 1088 2086 1108 au-

1239 1127 1323 1155 ribus
1343 1127 1458 1161 vestris,
1481 1127 1546 1164 quia
1567 1127 1668 1155 missus
1693 1134 1754 1155 sum
1783 1126 1816 1155 ad
1845 1127 1998 1155 docendum
2029 1134 2084 1155 vos.

1242 1174 1272 1202 Et
1293 1177 1359 1202 tunc
1381 1174 1431 1211 ipsi
1454 1174 1624 1211 quaerebant
1646 1173 1780 1202 miracula
1795 1173 1815 1207 ⁹,
1837 1176 1865 1201 et
1885 1173 1956 1202 dixit
1981 1173 2020 1202 eis
2049 1173 2086 1202 le-

1240 1229 1303 1255 sus,
1325 1221 1399 1258 quod
1421 1214 1475 1249 non
1496 1224 1587 1249 essent
1608 1220 1681 1257 digni
1704 1220 1807 1248 habere
1830 1220 1973 1254 miracula,
1995 1223 2022 1248 et
2043 1228 2087 1256 po-

1241 1268 1280 1296 nit
1301 1268 1462 1304 exemplum
1491 1267 1524 1296 de
1553 1267 1687 1295 miraculo
1716 1267 1793 1295 Elisei
1816 1271 1843 1295 et
1872 1266 1952 1295 Eliae.
1983 1267 2086 1295 Eliseus

1240 1315 1349 1343 curavit
1370 1315 1488 1343 Naaman
1511 1315 1628 1350 Syrum,
1651 1314 1720 1342 Elias
1741 1314 1829 1341 filium
1851 1313 1950 1342 viduae
1971 1314 2086 1342 suscita-

1240 1362 1294 1395 vit,
1317 1370 1388 1398 quae
1408 1362 1460 1390 suit
1481 1361 1514 1389 de
1537 1365 1612 1389 terra
1626 1361 1816 1393 Sidoniorum;
1839 1363 1866 1389 et
1886 1364 1952 1389 tunc
1974 1360 2088 1389 scanda-

1241 1409 1311 1437 lizati
1335 1409 1449 1437 fuerunt
1470 1408 1560 1437 ludaei
1589 1412 1616 1437 et
1644 1408 1706 1436 irati
1735 1411 1762 1436 et
1789 1407 1931 1436 eiecerunt
1958 1415 2022 1436 eum
2053 1407 2086 1436 de

1241 1456 1351 1493 templo,
1373 1459 1400 1484 et
1421 1456 1509 1484 exivit
1523 1455 1556 1484 de
1572 1455 1660 1484 medio
1678 1463 1790 1489 eorum3
1806 1458 1873 1483 tunc
1888 1454 2028 1483 verificata
2046 1458 2087 1483 est

1241 1503 1384 1539 Scriptura
1401 1503 1431 1535 ¹⁰,
1453 1510 1524 1539 quae
1546 1502 1626 1530 dicit:
1650 1502 1782 1530 Eoecaeca
1804 1510 1854 1530 cor
1872 1501 1976 1539 populi
1996 1500 2086 1529 liuius

1240 1554 1264 1578 et
1286 1558 1375 1578 adres
1396 1550 1459 1578 eins
1487 1557 1623 1587 agyyrava
1649 1552 1674 1577 et
1695 1549 1792 1577 oculos
1821 1549 1883 1577 eius
1912 1548 2024 1582 claude,
2052 1557 2087 1577 ne

1240 1596 1315 1634 sorte
1338 1597 1433 1625 videat
1454 1597 1546 1625 oculis
1566 1596 1630 1624 sais
1651 1600 1676 1624 el
1697 1595 1824 1624 auribus
1844 1596 1908 1624 suis
1936 1596 2041 1624 audiat
2062 1599 2088 1624 et

1240 1643 1324 1672 eorde
1344 1652 1398 1671 sao
1420 1643 1559 1680 intelligyat
1580 1647 1605 1671 et
1626 1647 1823 1677 convertatur,
1852 1647 1876 1671 et
1903 1651 2005 1671 sanem
2031 1651 2085 1671 coe.

1240 1691 1336 1727 Magna
1356 1698 1421 1727 ergo
1442 1690 1495 1718 suit
1515 1689 1636 1726 dignatio
1656 1689 1773 1723 Christi,
1796 1689 1869 1726 quod
1892 1689 2006 1718 venitin
2031 1696 2087 1718 me-

1239 1737 1284 1765 dio
1305 1745 1402 1765 eorum
1437 1737 1610 1770 ludaeorum,
1638 1736 1710 1764 sicut
1737 1736 1861 1765 eruditor
1888 1744 1988 1770 verus;
2014 1736 2087 1764 unde

1240 1784 1320 1812 dicit:
1343 1783 1455 1811 Medius
1476 1787 1603 1811 vestram
1619 1784 1711 1816 stetit‚·
1733 1783 1779 1812 sed
1794 1782 1916 1811 maxima
1934 1785 1976 1811 est
1996 1783 2088 1820 ingra-

1240 1831 1344 1863 titudo;
1367 1830 1439 1867 quod
1461 1830 1542 1858 dicit:
1573 1839 1656 1868 quem
1687 1839 1735 1858 vos
1763 1829 1886 1858 nescitis.
1916 1829 1986 1866 Quid
2015 1829 2087 1858 valet

1241 1878 1343 1906 habere
1365 1878 1467 1906 honum
1489 1877 1629 1905 doctorem
1659 1880 1686 1905 et
1708 1885 1762 1905 non
1793 1879 1924 1913 reputare
1952 1876 2012 1905 eius
2039 1876 2087 1904 do—

1240 1925 1378 1953 ctrinam‘?

1318 1971 1442 2000 Secundo
1464 1971 1538 2000 stetit
1561 1972 1634 1999 lesus
1656 1971 1681 1999 in
1705 1971 1795 1999 medio
1811 1970 1974 1999 ludaeorum
1989 1973 2020 1998 ut
2041 1970 2086 1998 in-

1239 2018 1387 2056 formator
1412 2022 1543 2051 sanctim,
1572 2018 1637 2054 quia
1665 2017 1822 2054 indigebant
1851 2017 1975 2046 homines
2001 2017 2086 2046 docu-

1239 2066 1340 2094 mentis
1360 2069 1387 2093 et
1402 2065 1552 2101 exemplis;
1569 2065 1631 2101 plus
1646 2065 1718 2092 enim
1735 2066 1845 2092 movent
1859 2064 1988 2100 exempla
2002 2071 2085 2100 quam

1240 2112 1331 2141 verba.
1361 2112 1412 2148 Qui
1442 2111 1694 2148 irreprehensibilis
1721 2113 1763 2139 est
1789 2111 1853 2139 fecit
1882 2110 2020 2139 hominem
2052 2110 2086 2138 ad

1238 2159 1383 2196 imaginem
1396 2166 1473 2187 suam
1488 2159 1509 2175 ¹¹
1521 2162 1547 2186 et
1563 2166 1591 2186 se
1606 2158 1669 2186 fecit
1680 2158 1848 2186 imitabilem.
1864 2157 2018 2190 Generafio,
2031 2157 2086 2185 for-

1238 2206 1322 2234 matio
1343 2209 1370 2234 et
1391 2206 1493 2234 creatio
1508 2209 1602 2234 nostra
1623 2208 1664 2234 est
1684 2205 1716 2233 ad
1733 2205 1877 2242 imaginem
1893 2205 1972 2233 istius
1987 2204 2085 2238 Verbi,

1238 2253 1303 2282 dicit
1325 2254 1481 2281 Bernartius
1496 2253 1528 2280 1².
1552 2253 1618 2280 Nata
1633 2255 1673 2280 est
1688 2256 1816 2280 creatura
1841 2252 1962 2280 hnmana
1983 2251 2085 2279 imitari

1241 2300 1378 2334 Verhunn
1394 2300 1440 2328 sed
1456 2308 1509 2328 non
1526 2300 1615 2336 potuit
1630 2299 1729 2336 aliquis
1745 2299 1835 2335 ipsum
1857 2298 1956 2326 imitari
1980 2298 2005 2326 in
2019 2297 2086 2334 pal-

1239 2347 1385 2375 crilitdine
1406 2350 1433 2375 et
1446 2346 1600 2383 sapientia.
1619 2346 1726 2374 Primus
1744 2346 1862 2383 Angelus
1885 2345 1972 2374 voluit
1993 2345 2084 2382 ipsum

1239 2394 1339 2422 imitari
1363 2394 1388 2422 in
1409 2394 1620 2430 pulcritudine,
1642 2397 1669 2422 et
1690 2393 1750 2422 ideo
1771 2392 1882 2426 cecidit;
1898 2392 1980 2421 Adam
1996 2393 2083 2420 voluit

1240 2441 1330 2477 ipsum
1356 2441 1455 2469 imitari
1479 2441 1505 2469 in
1527 2441 1684 2477 sapientia,
1707 2443 1734 2469 et
1754 2440 1814 2468 ideo
1836 2439 1956 2473 corruit;
1979 2442 2005 2467 et
2024 2438 2083 2467 ideo

1239 2488 1328 2525 ipsum
1352 2488 1474 2516 Verbum
1490 2487 1682 2516 condescendit
1697 2487 1729 2515 ad
1747 2486 1960 2520 humanitatem,
1976 2489 2008 2514 ut
2022 2493 2084 2522 pos-

1239 2542 1333 2563 semus
1355 2535 1444 2571 ipsum
1461 2535 1561 2562 imitari
1578 2538 1605 2562 et
1620 2542 1669 2562 nos
1685 2534 1835 2562 reformare
1858 2541 1906 2570 per
1928 2541 2005 2561 suam
2022 2533 2084 2561 imi-

1240 2582 1386 2615 tationem;
1409 2582 1481 2618 quod
1504 2581 1664 2618 designatur
1686 2581 1765 2609 nobis
1780 2581 1805 2608 in
1827 2580 1966 2608 Ezechiele
1982 2580 2013 2613 ¹³,
2036 2579 2082 2608 ubi

1298 2766 1307 2779 ⁸
1325 2768 1379 2789 Luc.
1398 2767 1418 2793 4,
1441 2767 1478 2793 ¹83
1496 2768 1535 2789 etr.
1554 2767 1602 2789 lsai.
1620 2767 1657 2793 61,
1679 2767 1700 2792 Ι;
1719 2766 1822 2794 sequitur
1839 2766 1893 2787 Luc.
1912 2764 1932 2791 4,
1950 2765 1987 2786 21.

1298 2805 1307 2817 ⁰
1324 2805 1370 2828 Cir.
1387 2807 1441 2828 Luc.
1460 2806 1480 2833 lt,
1498 2807 1534 2832 23.
1552 2811 1618 2834 seqq.
1902 2803 1921 2818 ¹⁰
1939 2804 1987 2826 lsai.
2005 2804 2027 2830 6,
2046 2804 2082 2825 10.

1298 2844 1315 2857 ¹¹
1334 2846 1463 2873 Respicitur
1480 2847 1535 2867 Gen.
1558 2846 1575 2872 l,
1593 2845 1631 2868 26.

1298 2883 1316 2896 ¹²
1334 2883 1378 2906 Csr.
1391 2890 1460 2906 serm.
1479 2884 1514 2905 80.
1532 2890 1596 2912 seqq.
1615 2883 1636 2905 in
1654 2883 1726 2909 Cant..
1738 2882 1777 2905 ubi
1790 2882 1818 2904 de
1836 2882 1992 2904 convenientia
2013 2880 2082 2903 Verbi

1235 2926 1256 2945 et
1268 2923 1358 2945 animae
1371 2923 1442 2945 fusius
1451 2924 1538 2950 agilum
1549 2923 1577 2945 de
1587 2923 1663 2945 Gratia
1676 2926 1697 2944 et
1709 2922 1747 2944 lib.
1765 2921 1842 2943 arbitr.
1856 2927 1874 2943 c.
1896 2921 1930 2943 10.
1944 2928 1966 2943 n.
1981 2921 2018 2943 32.
2032 2926 2080 2948 seq.

1297 2962 1316 2975 ¹³
1333 2962 1388 2989 Cap.
1407 2963 1428 2989 3,
1447 2962 1483 2984 15.

2102 479 2208 501 Notandum*

2103 1976 2195 1999 Secundo,
2209 1982 2220 1995 ιι

2111 2000 2218 2019 informator

2121 2026 2202 2043 sauctus.

2103 2354 2216 2374 Notandum.
