2243 3348
234 593 280 611 Pars
292 592 313 610 ll.
326 591 358 609 Vi-

250 616 311 634 tilitas
323 615 342 632 in

233 638 354 680 ”satiris

245 1009 343 1036 Fortitndo

271 1038 319 1057 spei.

226 1197 277 1216 Haec
285 1198 313 1215 est
319 1201 362 1215 con·

237 1223 264 1239 tra
277 1222 355 1247 septem,

233 1248 283 1267 quae
297 1246 363 1262 umen·

238 1851 260 1869 B.
274 1850 354 1869 Vincen-

373 182 428 211 512

371 260 454 288 habet
476 268 523 288 cor
538 259 688 296 peccandi?
704 258 764 287 Ideo
779 257 911 286 debemus
926 257 1028 285 habere
1049 256 1144 284 faciem
1160 256 1215 284 leo-

371 307 465 335 ninam
486 309 581 335 contra
602 306 667 339 ista;
689 308 716 333 et
737 305 788 332 hoc
810 311 859 340 per
880 303 978 337 fidem,
1000 302 1065 339 quia
1086 301 1155 330 baec
1175 305 1217 330 est

372 353 512 386 nimmia,
535 360 609 389 quae
630 351 719 379 vincit
739 350 900 383 mundum,
922 349 993 385 fides
1017 352 1138 382 nostra,
1159 348 1216 384 pri-

370 406 431 427 mae
452 398 557 427 Ioannis
578 398 674 434 quinto
690 398 708 424 ¹.
732 396 806 425 Unde
828 404 881 424 non
897 395 1029 424 debemus
1044 395 1147 423 habere
1168 402 1216 423 cor

371 445 544 482 leporinum,
565 444 612 473 sed
634 452 681 472 cor
703 443 771 477 viri,
793 442 819 471 id
841 445 882 471 est
896 442 1062 470 virtuosum.
1084 441 1154 470 Haec
1175 443 1216 469 est

370 491 460 528 prima
480 490 629 519 similitudo
650 489 743 518 leonis.

450 537 477 565 ll.
500 536 624 565 Secunda
644 535 794 564 similitudo
816 535 901 563 leonis
922 538 964 563 est
992 538 1104 571 propter
1125 534 1217 562 virili-

372 587 458 612 tatem
487 583 518 611 in
542 582 724 619 perpessione
751 581 932 619 difficilium,-
960 581 987 609 in
1020 580 1175 609 Proverbiis
1190 581 1215 608 ²:

372 630 461 667 Fuqit
489 629 608 666 impius,
628 628 741 657 nemine
764 632 966 665 persequente;
994 628 1090 656 iustus
1118 631 1217 656 autem

371 675 459 713 quasi
479 675 519 704 leo
540 675 685 712 confidens
706 674 813 713 absque
842 679 952 703 terrore
976 675 1039 703 erit.
1061 674 1217 708 Carissimi,

372 722 461 756 scitis,
483 722 550 759 quid
571 722 654 750 homo
675 722 752 750 timet
780 725 807 751 et
835 730 890 759 qua
918 721 1024 750 ratione
1046 721 1142 750 timet?
1164 721 1218 749 Hoc

371 773 427 803 est,
449 769 514 806 quia
535 777 589 797 non
611 769 694 797 habet
715 769 890 797 stabilitatem
905 776 996 805 neque
1015 768 1216 797 confidentiam.

372 816 447 845 Unde
468 816 535 845 haec
564 818 605 844 est
632 816 718 850 ratio,
740 816 805 852 quia
826 824 880 844 non
904 815 985 844 habet
1006 815 1102 844 faciem
1133 815 1218 844 leonis

371 863 399 891 in
421 862 592 891 confidentia.
616 862 666 891 lste
694 862 831 898 gloriosus
857 862 959 898 Martyr
981 862 1141 890 Vincentius
1169 862 1218 890 ha-

372 908 433 937 buit
453 908 549 937 faciem
570 909 671 942 leonis,
693 908 758 945 quia
779 908 876 937 habuit
896 908 1098 937 confidentiam.
1113 924 1153 928 —
1167 908 1218 937 Sed

372 955 439 992 quid
470 959 511 984 est
542 955 609 984 illud
640 955 714 992 quod
745 955 809 984 facit
839 955 978 984 hominem
1011 955 1218 984 confidentem?

372 1002 461 1036 Certe,
482 1011 563 1039 spe-s,-
584 1002 618 1030 ad
640 1002 775 1031 Romanos
796 1005 907 1031 octavo:
931 1002 1003 1038 Quis
1024 1010 1077 1030 nos
1097 1010 1217 1039 separa-

373 1048 413 1077 bit
427 1058 446 1077 a
467 1049 590 1077 caritate
607 1047 737 1077 Christi?
759 1048 935 1083 Tribulatio,
951 1057 991 1077 au
1006 1049 1162 1086 anqustia,
1178 1057 1219 1077 an

371 1094 475 1132 fames,
492 1104 532 1124 an
546 1095 678 1129 nuditas,
694 1104 734 1123 an
746 1095 922 1132 periculum,
938 1104 978 1124 an
991 1096 1162 1132 persecutio,
1178 1104 1219 1124 an

370 1142 510 1180 ylactz'us?
536 1142 558 1171 O
582 1143 672 1179 qualis
699 1142 831 1176 fiduciae,
853 1151 868 1171 o
897 1146 1016 1179 quantae
1038 1142 1219 1172 confidentiae

373 1192 452 1218 erant
473 1190 510 1218 illi
526 1189 644 1226 Apostoli
666 1189 704 1218 sic
720 1189 855 1218 dicentes!
872 1206 909 1208 —
924 1190 994 1217 Sunt
1008 1189 1080 1217 enim
1103 1193 1217 1225 septem,

373 1244 444 1273 quae
465 1236 543 1265 timet
565 1237 655 1270 honio,
677 1244 748 1272 quae
763 1239 915 1272 tanguntur
930 1235 957 1263 in
980 1235 1030 1264 ista
1045 1236 1216 1264 auctoritate.

373 1282 460 1311 Timet
482 1283 563 1311 honio
592 1282 757 1311 mundiales
778 1282 921 1316 insidias,
949 1290 1021 1318 quae
1049 1285 1217 1319 tanguntur,

373 1337 436 1358 cum
457 1329 558 1358 dicitur
581 1329 748 1363 tribulatio,
771 1329 836 1365 quia
857 1337 894 1357 ex
908 1332 984 1357 metu
1007 1329 1216 1357 tribulationum

372 1376 452 1404 multi
474 1376 621 1410 deficiunt3
643 1376 763 1404 secundo
786 1376 862 1404 timet
884 1376 1015 1404 internas
1044 1376 1216 1412 (tityustias,

372 1430 435 1451 cum
457 1422 522 1451 dicit
543 1423 701 1459 augustiam
724 1422 819 1456 tert10,
842 1422 995 1450 eusteriores
1008 1430 1137 1459 puynas,
1153 1430 1216 1451 cum

372 1469 438 1497 dicit
457 1469 641 1505 perieulum;
662 1472 779 1505 quarto,
803 1468 970 1505 corporales
999 1468 1129 1502 inedias,
1152 1476 1216 1497 cum

372 1515 437 1544 dicit
456 1514 569 1552 sames‚·
590 1515 697 1552 quinto,
720 1515 891 1552 temporales
912 1515 1045 1552 inopias,
1067 1524 1131 1544 cum
1152 1516 1217 1544 dicit

371 1561 501 1594 rnuditas,
524 1561 626 1590 scilicet
647 1561 770 1590 defectus
792 1561 916 1590 omnium
948 1570 1059 1596 rerum;
1082 1565 1162 1591 sexto
1184 1562 1216 1590 ti-

371 1612 427 1636 met
448 1608 656 1636 discriminosa
669 1608 813 1645 pericula,
829 1616 893 1637 cum
908 1609 973 1637 dicit
986 1609 1217 1646 perseeutiones;

371 1655 519 1691 septimum
541 1657 590 1688 est,
606 1655 680 1691 quod
696 1655 774 1683 timet
790 1656 887 1689 homo,
903 1655 1039 1684 dolorosa
1061 1660 1215 1690 tormenta,

371 1709 435 1730 cum
455 1701 520 1730 dicit
546 1701 675 1739 yladt'us.
705 1702 757 1730 Ista
778 1710 832 1731 non
861 1702 952 1730 timuit
974 1702 1071 1731 beatus
1099 1703 1216 1737 Paulus,

370 1749 422 1777 ista
436 1757 490 1777 non
507 1749 598 1777 timuit
619 1749 716 1778 beatus
731 1749 898 1778 Vincentius.
915 1750 984 1778 Haec
1002 1750 1093 1778 omnia
1108 1758 1161 1778 non
1184 1750 1216 1778 ti-

371 1798 483 1824 mentur
507 1795 558 1824 nisi
588 1799 701 1832 propter
730 1796 875 1830 ultimum,
897 1796 1000 1825 scilicet
1022 1799 1135 1833 propter
1161 1799 1217 1825 tor-

370 1846 470 1871 menta.
486 1859 525 1863 —-
540 1843 653 1879 Propter
675 1846 811 1871 tormenta
826 1852 879 1872 non
894 1843 964 1880 fugit
986 1844 1036 1872 iste
1057 1844 1146 1872 bonus
1161 1844 1216 1878 leo,

371 1890 540 1924 Vincentius,
555 1890 626 1918 sicut
640 1893 715 1927 patet
734 1890 760 1918 in
783 1890 907 1927 Legenda
928 1898 978 1919 sua
992 1891 1012 1925 ⁸,
1035 1891 1100 1927 quia
1121 1894 1217 1920 contra

370 1940 519 1973 tyrannum
536 1937 700 1973 loquebatur
716 1937 861 1966 habentem
877 1937 998 1974 gladium
1019 1938 1047 1966 in
1068 1946 1153 1966 manu
1170 1946 1217 1975 pa-

371 1987 462 2012 ratum
494 1984 528 2012 ad
556 1983 787 2013 interficiendum.
810 1984 900 2018 Unde,
923 1984 1033 2021 quando
1054 1985 1217 2013 vulneratus

370 2030 423 2059 fuit
443 2034 470 2059 et
501 2038 603 2067 corpus
634 2030 757 2067 undique
790 2031 956 2065 laceratuni;
984 2034 1051 2060 tunc
1081 2031 1217 2068 quaesivit

371 2080 506 2113 tyrannus
527 2077 562 2105 ab
582 2084 629 2105 eo:
655 2087 668 2103 «
685 2077 825 2106 Vincenti!
847 2077 896 2106 Ubi
926 2080 967 2106 est
995 2080 1075 2106 tuum
1104 2078 1217 2106 misera-

370 2124 424 2152 bile
440 2132 542 2160 corpus
557 2136 570 2149 1>
586 2124 643 2163 ?¹Et
656 2124 714 2161 ipse
726 2124 882 2161 respondit:
902 2136 915 2149 «
931 2125 959 2153 ln
975 2125 1093 2154 sublime
1107 2133 1173 2162 agor
1185 2136 1216 2160 »;

371 2175 397 2199 et
419 2174 514 2208 postea
533 2171 621 2200 dixit:
649 2183 661 2197 «
676 2172 730 2200 Hoc
745 2175 787 2200 est
801 2172 876 2209 quod
891 2180 1000 2209 semper
1015 2172 1148 2209 optavi».
1166 2173 1217 2201 Iste

370 2217 423 2246 fuit
444 2218 534 2247 bonus
555 2218 597 2247 leo
625 2222 651 2247 et
679 2218 846 2247 fortissimus
874 2221 900 2247 et
928 2219 1030 2247 audax.
1056 2219 1218 2248 Avicenna4

371 2264 452 2299 (licit,
474 2265 547 2302 quod
576 2265 686 2302 quando
708 2265 749 2294 leo
771 2268 812 2294 est
839 2266 866 2294 in
888 2265 960 2294 saltu
986 2269 1012 2294 et
1041 2265 1114 2294 videt
1136 2274 1217 2294 vena-

371 2314 445 2339 tores
466 2312 619 2346 venientes,
641 2315 765 2341 tenentes
786 2320 883 2341 arcum
898 2313 926 2340 in
942 2312 1083 2347 manibus,
1100 2313 1157 2349 ipse
1171 2312 1218 2341 de-

372 2358 454 2386 clinat
476 2362 503 2387 et
524 2358 616 2395 defigit
638 2359 733 2387 oculos
748 2359 774 2387 in
792 2362 908 2393 terram,
930 2367 965 2388 ne
987 2359 1081 2387 timeat
1102 2367 1163 2393 e0s;
1179 2359 1217 2388 sic

372 2404 423 2433 iste
444 2405 485 2433 leo
507 2406 645 2440 caelestis,
675 2406 773 2434 beatus
794 2406 970 2440 Vincentius,
999 2406 1162 2442 respiciebat
1191 2406 1217 2434 in

374 2452 496 2485 caeluni,
518 2460 552 2481 ne
574 2452 684 2481 timeret
711 2452 745 2481 ad
766 2460 914 2481 occursum
942 2452 1059 2481 istorum
1088 2455 1217 2489 tyranno-

373 2506 445 2526 rum.
467 2498 542 2527 Unde
570 2498 641 2527 sicut
672 2499 739 2528 fides
760 2499 876 2528 faciebat
897 2507 960 2528 eum
985 2499 1084 2528 fortem
1106 2500 1140 2528 ad
1161 2507 1218 2528 ma-

1045 178 1217 208 SERMONES
1238 178 1281 206 DE
1303 177 1443 207 SANCTlS.

1271 254 1477 292 gnanimitatem
1498 253 1526 282 in
1541 254 1746 290 expugnatione
1761 254 1979 289 adversantium,
2002 254 2040 283 sic
2054 262 2116 291 spes

1271 301 1386 329 faciebat
1417 307 1481 328 eum
1512 300 1611 329 fortem
1643 300 1676 328 ad
1699 300 1855 330 virilitatem
1885 301 1913 330 in
1941 301 2117 338 perpessione

1271 346 1433 376 difficilium.

1350 393 1383 421 Et
1403 395 1467 421 nota
1489 395 1546 421 tres
1568 392 1705 422 utilitates
1725 393 1794 430 spei.
1811 394 1901 422 Prima
1922 397 1963 423 est
1983 395 2116 424 remissio

1273 440 1375 477 eulpae
1395 439 1453 469 sive
1481 442 1674 476 peccatorum;
1702 440 1823 469 secunda
1850 443 1891 469 est
1918 442 2116 471 accumulatio

1272 487 1434 520 virtutum;
1447 486 1536 521 tertia,
1547 487 1742 523 (praemium)
1752 486 1945 525 fortitudinis
1958 505 1995 509 —
2010 489 2116 525 (Quoad

1273 533 1394 570 primum
1415 536 1480 562 nota
1493 533 1526 569 ⁵‚)
1549 533 1571 562 si
1592 541 1693 562 aurum
1722 534 1837 563 haberet
1860 535 1980 564 animam
2001 538 2028 564 et
2049 535 2118 565 indi-

1273 583 1350 617 geret
1377 580 1557 617 purgatione,
1579 588 1669 609 nonne
1698 581 1793 615 vellet,
1815 581 1888 618 quod
1917 585 2069 618 poneretur
2091 582 2117 611 in

1272 627 1335 664 igne
1362 630 1389 655 et
1416 626 1489 663 quod
1519 629 1708 664 purgaretur?
1736 627 1815 657 Certe
1837 628 1890 663 sic;
1913 631 1939 657 et
1968 631 2015 664 tu,
2037 629 2119 657 homo

1274 674 1356 702 miser
1378 673 1482 710 indiges
1505 674 1683 710 purgatione,
1705 682 1792 711 quare
1806 683 1860 703 non
1876 675 1954 712 ponis
1974 678 2002 704 te
2016 675 2043 704 in
2057 676 2120 713 igne

1274 719 1460 748 tribulationis
1478 722 1505 748 et
1526 720 1708 756 poenitentiae
1729 724 1756 749 et
1776 720 1968 756 abstinentiae,
1999 725 2031 750 ut
2051 730 2119 759 pur-

1274 766 1367 803 geris?
1389 766 1450 795 Ideo
1470 766 1572 795 dicitur
1594 766 1773 795 Ecclesiastici
1794 767 1915 796 secundo
1929 768 1950 803 ⁶,
1972 768 1999 797 in
2020 768 2119 805 princi-

1274 813 1334 849 pio:
1357 812 1429 847 Fili,
1452 813 1589 841 accedens
1609 814 1649 842 aa
1663 814 1829 842 servitutem
1846 815 1910 848 Dei,
1925 818 1972 843 sta
1993 815 2025 843 in
2039 815 2121 844 iusti—

1275 859 1317 888 tia
1337 862 1361 887 et
1383 860 1484 888 timore
1505 863 1529 888 et
1540 868 1696 897 praepara
1717 861 1849 889 animam
1865 864 1948 890 tuam
1969 861 2009 890 ad
2030 865 2120 890 tenta-

1275 906 1388 934 tionem.
1414 906 1547 943 Deprime
1562 915 1613 935 eor
1635 910 1727 936 tuum.
1749 924 1786 928 —
1808 908 1933 937 Secunda
1953 908 2057 937 utilitas
2079 912 2119 938 est

1275 953 1473 982 accumulatio
1500 953 1663 988 virtutum,
1692 954 1725 983 de
1754 962 1809 991 qua
1829 955 2049 984 accumulatione
2077 963 2119 985 se-

1275 1000 1380 1028 cundae
1402 1000 1472 1029 Petri
1496 1000 1600 1037 primo:
1622 1000 1786 1029 Ministrate
1813 1001 1844 1029 in
1864 1001 1921 1038 sitle
1942 1005 2039 1030 vestra
2059 1002 2119 1031 vir-

1275 1050 1379 1081 tutem,
1411 1047 1442 1075 in
1473 1047 1580 1075 virtute
1611 1051 1709 1076 autem
1739 1048 1908 1083 scientiam,
1940 1049 1971 1077 in
1998 1048 2119 1078 seientia

1275 1097 1372 1122 autem
1394 1093 1613 1128 abstinentiam,
1635 1095 1666 1122 in
1687 1094 1863 1123 abstinentia
1890 1099 1989 1124 autem
2006 1095 2120 1133 patien—

1275 1140 1364 1173 tiam,
1386 1140 1417 1168 in
1436 1140 1580 1177 patientia
1601 1144 1699 1169 (tutem
1729 1141 1871 1177 pietatem.
1893 1142 1947 1170 Hoc
1968 1145 2024 1176 est,
2046 1142 2120 1179 quod

1276 1186 1382 1215 habetis
1398 1187 1424 1215 in
1440 1187 1600 1224 Evangelio:
1623 1187 1690 1216 Nisi
1701 1196 1834 1225 granum
1854 1186 2000 1225 frumeuti
2014 1189 2120 1217 cadens

1276 1233 1306 1261 in
1328 1236 1440 1262 terram
1467 1237 1617 1262 mortuum
1638 1233 1744 1271 fuerit,
1766 1235 1862 1272 ipsu-m
1891 1235 1985 1264 solum
2013 1239 2119 1264 manet.

1275 1279 1308 1308 Si
1328 1284 1425 1308 autem
1456 1283 1607 1309 mortuum
1634 1280 1743 1318 fuerit,
1765 1281 1890 1310 multum
1911 1281 2045 1319 fructum
2073 1281 2120 1320 af-

1273 1325 1339 1363 fert.
1362 1327 1387 1355 Si
1408 1335 1540 1364 yranum
1561 1326 1705 1364 frumenti
1718 1328 1833 1357 haberet
1847 1329 1966 1357 animam
1987 1332 2014 1357 et
2028 1329 2119 1364 sciret,

1274 1373 1371 1410 quodsi
1400 1377 1550 1410 poneretur
1566 1374 1592 1402 in
1614 1377 1704 1408 terra,
1727 1374 1800 1411 quod
1823 1375 2066 1412 multiplicaretur,
2089 1376 2121 1405 li·

1273 1419 1370 1448 benter
1399 1420 1481 1449 vellet
1509 1421 1572 1457 poni
1598 1421 1626 1449 in
1650 1423 1724 1450 terra
1745 1424 1772 1450 et
1793 1422 1969 1457 mortificari,
1991 1425 2022 1451 ut
2048 1423 2120 1452 mul-

1274 1466 1455 1503 tiplicaretur.
1477 1467 1520 1496 Sic
1551 1468 1649 1497 beatus
1669 1468 1830 1498 Vincentius
1851 1469 1939 1498 voluit
1959 1470 2120 1499 mortificari

1274 1517 1301 1542 et
1321 1514 1425 1543 conteri
1447 1517 1474 1543 et
1495 1514 1638 1552 flagellari,
1660 1518 1691 1543 ut
1712 1515 1945 1552 multiplicaretur
1965 1517 1993 1545 in
2018 1517 2120 1546 horreo

1273 1560 1391 1589 caelesti.
1413 1578 1452 1581 —
1472 1562 1576 1596 (Tertia
1597 1561 1701 1590 utilitas
1722 1565 1763 1591 est
1781 1562 1950 1599 praemium
1970 1562 2120 1601 fortitudi-

1273 1607 1321 1635 nis
1333 1607 1366 1643 ⁷‚)
1387 1607 1553 1637 attendendo
1575 1608 1642 1637 illud
1657 1608 1730 1645 quod
1745 1608 1810 1637 dicit
1825 1609 1969 1645 Apostolus
1984 1609 2119 1639 secundae

1273 1654 1306 1682 ad
1328 1654 1484 1683 Corinthios
1504 1658 1605 1692 quarto
1619 1655 1645 1683 8:
1670 1655 1704 1684 ld
1717 1656 1807 1690 enim,
1823 1656 1900 1694 quod
1920 1656 1951 1685 in
1972 1657 2122 1693 praesenti

1274 1704 1313 1729 est
1334 1705 1564 1730 momentaneum
1580 1705 1606 1730 et
1621 1702 1677 1730 leue
1698 1702 1897 1731 tribulationis
1918 1707 2047 1737 nostrae,
2068 1712 2119 1732 su-

1271 1756 1331 1785 pra
1347 1748 1466 1776 modum
1481 1749 1512 1777 in
1526 1748 1704 1777 sublimitate
1718 1752 1868 1778 aeternum
1877 1749 1991 1787 9loriae
2003 1751 2119 1787 pondus

1274 1799 1415 1831 operatur
1430 1795 1461 1823 in
1475 1795 1565 1824 nobis.
1581 1796 1614 1824 Et
1628 1796 1688 1825 ideo
1703 1796 1768 1825 dicit
1782 1796 1948 1834 Gregorius:
1968 1808 1982 1822 α
1993 1797 2121 1827 Conside-

1274 1842 1343 1870 ratio
1354 1842 1468 1878 praemii
1482 1842 1581 1870 minuit
1592 1843 1648 1871 vim
1661 1843 1761 1879 flagelli
1773 1855 1799 1871 ι).
1813 1844 1844 1872 Εῖ
1856 1844 1908 1872 hoc
1919 1847 1960 1873 est
1975 1844 2048 1881 quod
2059 1844 2122 1873 dici-

1273 1891 1320 1917 tur
1335 1889 1362 1917 in
1377 1889 1512 1918 Canonica
1523 1889 1594 1918 Petri
1607 1889 1632 1917 ⁹:
1650 1890 1683 1918 In
1695 1898 1751 1928 quo
1765 1890 1961 1925 exsultabitis,
1974 1891 2121 1920 modicum

1272 1944 1352 1965 nune
1366 1936 1394 1964 si
1414 1939 1521 1973 oportet
1542 1936 1716 1965 contristari
1735 1936 1767 1965 in
1787 1937 1882 1966 variis
1900 1937 2120 1973 tentationibus,

1275 1987 1306 2012 ut
1319 1983 1453 2020 probatio
1467 1987 1579 2012 vestrae
1593 1983 1662 2020 fidei
1675 1983 1764 2012 multo
1776 1984 1934 2021 pretiosior
1946 1993 2033 2019 auro,
2044 1985 2122 2023 quod

1271 2039 1325 2067 per
1346 2030 1441 2067 ignem
1460 2029 1617 2067 probatur,
1637 2030 1805 2059 inveniatur
1826 2031 1858 2059 in
1879 2030 1996 2060 laudem
2016 2034 2041 2060 et
2060 2031 2121 2068 ylo-

1274 2078 1354 2106 riam
1368 2080 1392 2105 et
1407 2076 1544 2106 bonorem
1558 2077 1590 2105 in
1605 2077 1775 2106 revelatione
1787 2077 1852 2106 Iesu
1869 2076 1985 2106 Christi.
2008 2078 2084 2107 Unde
2099 2078 2121 2107 si

1274 2125 1405 2153 volumus
1419 2132 1478 2153 esse
1490 2124 1637 2161 participes
1651 2124 1678 2152 in
1693 2132 1787 2161 regno,
1799 2127 1826 2153 et
1836 2124 1969 2153 debemus
1983 2132 2043 2154 esse
2057 2133 2122 2154 θοι]Ε

1274 2174 1363 2200 sortes
1378 2171 1405 2199 in
1420 2179 1516 2208 poena,
1532 2171 1606 2208 quia,
1621 2171 1648 2199 si
1662 2171 1876 2208 compatimur,
1891 2175 1916 2200 et
1931 2171 2121 2208 conregnabi-

1274 2227 1341 2247 mus
1354 2218 1384 2246 ¹⁰.
1401 2218 1426 2246 Si
1442 2218 1543 2255 aliquis
1563 2217 1642 2246 miles
1664 2220 1736 2246 esset
1756 2218 1784 2246 in
1805 2218 1877 2247 bello
1899 2221 1925 2246 et
1948 2218 1975 2246 in
1996 2221 2121 2255 tempore

1274 2265 1444 2294 necessitatis
1458 2273 1474 2293 a
1488 2264 1619 2293 confiletu
1640 2267 1667 2293 et
1685 2272 1817 2302 pressura
1835 2265 1942 2294 ictuum
1964 2265 2074 2302 fugeret
2095 2267 2122 2294 et

1274 2314 1336 2349 post
1360 2311 1519 2340 conflictum
1542 2311 1644 2340 rediret
1665 2314 1692 2340 et
1713 2312 1794 2340 vellet
1815 2311 1918 2341 habere
1939 2312 2073 2341 honorem
2094 2315 2122 2341 et

1275 2359 1396 2396 pretium
1412 2358 1497 2387 totius
1518 2358 1594 2392 belli,
1616 2361 1691 2387 certe
1712 2359 1770 2395 ipse
1784 2362 1856 2387 esset
1870 2359 1982 2394 stultus,
2004 2362 2031 2388 et
2046 2359 2120 2395 (hoc)

1274 2414 1326 2443 pro
1341 2414 1440 2442 magna
1454 2406 1609 2434 temeritate
1624 2408 1811 2442 reputaretur.
1827 2406 1869 2434 Tu
1883 2414 1949 2443 ergo
1963 2406 2005 2435 vis
2019 2406 2121 2435 habere

1275 2453 1435 2482 coronamin
1457 2453 1545 2487 caelo,
1568 2453 1639 2481 sicut
1663 2453 1749 2481 sancti
1775 2453 1892 2490 Apostoli
1919 2456 1946 2482 et
1969 2454 2120 2490 Martyres,

1275 2499 1308 2528 de
1323 2499 1425 2536 quibus
1439 2499 1472 2527 ad
1489 2499 1624 2528 Hebraeos
1645 2499 1805 2528 undecimo:
1827 2499 1887 2528 Alii
1907 2499 2025 2528 distenti
2041 2503 2120 2534 sunt,

436 2653 444 2666 ¹
464 2654 528 2676 Vers.
547 2655 568 2677 4.
734 2655 742 2668 2
759 2656 815 2684 Cap.
832 2658 875 2685 28,
893 2657 919 2686 ¹¹3
936 2657 1040 2686 sequitur
1058 2658 1123 2680 Rom.
1142 2658 1163 2684 8,
1182 2657 1218 2680 35.

437 2691 447 2705 ²³
465 2693 523 2716 Vide
540 2694 632 2716 Surium
650 2694 673 2716 in
692 2696 753 2717 hunc
770 2696 845 2723 diem,
862 2696 901 2724 qui
919 2696 1024 2725 sequitur
1041 2697 1219 2725 metaphrasten,

377 2731 390 2759 'g
408 2732 429 2753 3.
445 2738 519 2761 seqq.y
536 2732 576 2754 ubi
593 2733 696 2755 invenies
713 2734 781 2756 etiarn
799 2740 825 2756 ea
842 2741 902 2763 quae
919 2735 978 2757 infra
995 2738 1125 2758 narrantur.

439 2770 448 2783 ⁴
466 2772 534 2799 Apud
544 2772 686 2794 Avicennam
699 2779 758 2801 quae
771 2774 806 2795 hic
819 2777 940 2796 narrantur
951 2781 997 2797 non
1010 2774 1146 2797 invenimus.
1161 2774 1219 2797 Vide

375 2811 451 2832 tamen
469 2810 555 2837 lsidor„
573 2811 618 2833 Xll.
637 2812 766 2839 Etymolog.
785 2818 805 2834 c.
827 2814 848 2835 2.
872 2819 894 2834 n.
912 2814 937 2840 3,
955 2813 995 2835 uhi
1013 2813 1078 2836 dicit:
1099 2822 1110 2833 ιι
1122 2814 1185 2841 Septi
1207 2819 1220 2835 a

375 2848 524 2871 venatoribus
542 2852 625 2872 terram
643 2853 786 2879 contuentur,
807 2858 853 2880 quo
865 2852 942 2874 minus
958 2852 1087 2880 conspectis
1099 2852 1220 2874 venabulis

375 2889 502 2909 terreantur
513 2896 534 2909 n.

439 2924 447 2937 ⁵
466 2926 630 2953 Supplevimns
646 2926 744 2949 verbum
758 2928 896 2957 praemium
913 2932 935 2951 et
946 2929 998 2951 dein
1013 2929 1097 2958 Quoad
1110 2929 1220 2959 primum

376 2964 440 2986 nota.

1338 2655 1348 2669 ⁶
1365 2657 1419 2685 Cap.
1438 2658 1459 2684 2,
1482 2658 1498 2679 l.
1516 2663 1581 2686 seq.;
1599 2659 1727 2686 sequuntur
1744 2657 1767 2679 11.
1786 2657 1843 2679 Petr.
1862 2657 1882 2686 l,
1901 2657 1922 2679 5.
1945 2662 1992 2685 seq.
2016 2659 2038 2679 et
2058 2657 2119 2679 loan.

1277 2697 1314 2723 ν12,
1331 2697 1369 2719 24.
1386 2703 1435 2725 seq.

1338 2734 1346 2747 ⁷
1365 2735 1514 2758 Addidimus:
1535 2735 1614 2759 Tertia
1630 2735 1721 2759 utilitas
1737 2737 1771 2758 est
1784 2734 1923 2765 praemium
1938 2734 2093 2764 fortitudinis.

1338 2773 1347 2786 Β
1366 2774 1432 2796 Vers.
1450 2774 1486 2796 47.
1504 2787 1534 2790 —-
1552 2775 1656 2803 Sequens
1673 2774 1776 2802 Gregorii
1788 2774 1851 2797 locus
1868 2773 1982 2802 colligitur
1998 2780 2024 2796 ex
2036 2774 2064 2796 X.
2077 2774 2121 2796 Mo-

1276 2813 1316 2835 ral.
1333 2819 1352 2835 c.
1372 2814 1407 2835 «16.
1424 2820 1447 2835 n.
1465 2814 1502 2836 32.
1520 2813 1562 2836 Csr.
1581 2814 1649 2836 etiam
1667 2813 1722 2836 ibid.
1741 2813 1776 2835 Vl.
1794 2819 1814 2835 c.
1832 2814 1869 2835 22.
1888 2819 1910 2835 n.
1928 2813 1969 2840 395
1988 2813 2043 2834 Vlll.
2061 2819 2081 2835 c.
2099 2813 2120 2835 8.

1276 2859 1297 2874 n.
1317 2852 1352 2874 lt.
1370 2855 1391 2874 et
1409 2853 1446 2875 lV.
1463 2859 1482 2875 c.
1502 2853 1540 2875 43.
1560 2859 1582 2875 n.
1601 2853 1638 2874 116.

1339 2890 1348 2903 ⁹
1366 2891 1436 2919 Epist.
1453 2892 1468 2913 l.
1484 2898 1504 2913 e.
1526 2892 1544 2918 l,
1562 2891 1584 2913 6.
1602 2897 1651 2920 seq.

1339 2929 1358 2942 ¹⁰
1375 2930 1505 2958 Respicitur
1522 2930 1593 2958 Epist.
1607 2930 1632 2952 ll.
1651 2929 1711 2952 Tim.
1728 2930 1750 2957 2,
1770 2930 1810 2957 12;
1828 2929 1912 2952 deinde
1931 2929 2035 2958 sequitur
2051 2928 2120 2951 Hebr.

1277 2969 1314 2996 ll,
1332 2969 1409 2991 35-37.

2134 494 2178 519 Spei
2191 496 2243 517 nunu

2170 519 2241 556 primun.

2136 914 2224 935 Secunda.

2137 1568 2204 1588 Tertia.
