2243 3348
244 579 319 603 Triplex
333 578 360 596 ef-

236 603 296 622 fectus
309 601 369 627 tripli-

235 627 263 645 cis
274 627 368 652 purgatio-

283 654 318 667 ms.

266 764 349 791 Elleetns

268 792 346 811 primus.

265 1744 368 1763 Secundus.

293 2352 375 2371 Tertius.

379 169 433 198 656

378 247 595 282 eleemosynam,
611 245 721 271 canant
743 240 811 269 tuba
834 243 900 267 ante
920 247 959 271 se,
976 245 1028 265 non
1050 235 1222 264 attendentes

378 293 483 321 illud¹:
514 292 566 319 lam
596 291 763 325 receperunt
790 285 947 314 mercedem.
975 292 1080 315 suam,-
1109 284 1221 318 propter

379 339 452 376 quod
479 337 580 366 dicitur
608 333 785 363 Ecclesiastici
818 332 951 368 septimo:
983 331 1021 357 De
1048 327 1222 366 negliqcntia

379 390 431 414 tua
450 392 549 421 purga
571 385 595 410 te
616 390 682 410 euni
698 380 816 417 paucis,
831 378 909 415 quasi
925 377 1010 405 dicat:
1026 376 1065 404 sic
1081 374 1224 411 purganda

379 434 420 460 est
447 429 610 467 negligentia
631 435 679 464 per
701 426 915 461 eleemosynam,
937 427 968 451 ut
997 431 1050 450 non
1080 420 1224 449 intercidat

380 477 491 515 propria
512 476 607 512 gloria.

458 523 543 551 Huius
564 523 655 549 autem
673 518 787 555 triplicis
802 516 973 554 purgationis
994 515 1096 551 triplex
1119 517 1160 542 est
1184 512 1225 549 ef-

379 568 472 606 fectus
493 568 549 595 sive
570 565 705 603 fructus,
727 563 829 592 scilieet
851 561 995 598 mitigyatio
1011 559 1224 592 incendiorum,

381 613 579 651 nurnifestalio
606 611 832 649 mysteriorum,
859 608 1014 637 multitudo
1044 606 1224 634 meritorum.

381 662 412 690 Et
433 661 540 697 primus
562 658 707 695 respondet
730 655 926 693 poenitentiae;
949 653 1101 686 secundus,
1123 656 1226 688 tempe-

382 708 501 738 rantiae;
525 706 636 737 tertius,
661 702 872 732 misericordiae.
889 718 926 721 —
946 700 1054 728 Primus
1069 700 1153 736 igitur
1169 699 1226 727 t'ru-

382 758 442 783 ctus
464 757 504 782 est
534 751 678 788 mitigatio
708 749 926 781 incendiorum,
950 755 998 783 per
1019 754 1090 783 quae
1118 749 1227 782 oportet

382 800 499 829 transire
514 806 622 827 omnem
640 801 812 834 peccantem,
828 798 859 823 ut
874 794 1045 831 ingrediatur
1060 793 1087 821 in
1110 793 1227 826 caelum,

381 847 431 875 nisi
454 847 499 875 hic
521 848 656 882 purgatus
676 843 759 872 suerit
782 850 830 879 per
859 841 1041 878 poenitentiae
1070 841 1227 874 lavacrum3

381 894 567 922 Numerorum
583 891 722 928 trigesimo
738 889 827 926 primo
843 889 869 916 2:
893 889 1010 916 Aurum
1033 891 1057 915 et
1073 891 1227 924 arpentum

382 944 405 968 et
428 948 476 968 aes
497 943 522 967 et
542 938 657 976 serrum
679 942 704 965 et
725 936 875 973 plumbum
892 939 917 963 et
938 939 1080 962 stannum
1095 938 1120 962 et
1135 942 1227 967 omne,

383 987 459 1026 quod
479 989 568 1023 potest
584 985 714 1013 transire
727 992 779 1020 per
793 982 943 1019 flammas,
959 982 1024 1019 iyne
1037 980 1228 1018 puryabitur.

385 1033 534 1071 Quidquid
555 1036 651 1060 (liutem
675 1032 769 1067 iynem
790 1038 848 1058 non
867 1032 959 1066 potest
979 1028 1133 1062 sustinere,
1149 1036 1230 1066 aqua

383 1080 556 1117 expiationis
577 1077 831 1113 sanctificabitur,·
853 1076 931 1113 quasi
947 1076 1035 1104 dieat:
1053 1084 1105 1103 non
1122 1078 1163 1104 est
1179 1075 1229 1104 nisi

383 1128 486 1164 duplex
509 1126 651 1163 purgatio:
676 1132 723 1161 per
745 1124 835 1160 ignem
858 1122 1052 1160 purgatorium
1074 1125 1101 1150 et
1128 1130 1229 1159 aquam

384 1176 577 1211 laerymarum.
602 1173 631 1201 Et
653 1172 673 1200 si
697 1171 759 1208 quis
782 1179 834 1199 non
851 1170 934 1199 suerit
956 1170 982 1198 in
998 1178 1069 1206 aqua
1092 1170 1231 1198 sufficien-

384 1225 425 1250 ter
446 1223 590 1257 purgatus,
613 1226 722 1248 necesse
744 1222 793 1251 est,
816 1217 890 1254 quod
906 1217 931 1245 in
948 1217 994 1245 illo
1014 1217 1075 1253 igne
1097 1216 1232 1245 sustineat

383 1268 513 1297 acerbum
541 1270 724 1297 tormentum:
755 1265 860 1302 primae
889 1265 921 1293 ad
951 1264 1108 1292 Corinthios
1134 1263 1230 1292 tertio:

389 1314 624 1352 Uniuscuiusque
644 1322 733 1350 opus,
756 1312 841 1350 quale
862 1312 910 1345 sit,
935 1311 1012 1348 iyni-s‘
1038 1310 1183 1347 probabit.
1206 1311 1231 1339 Si

384 1362 457 1391 enim
473 1364 613 1398 peccatum
630 1360 714 1388 fuerit
729 1359 848 1396 perfecte
864 1362 1032 1395 purgatum,
1054 1357 1234 1386 transibimus

385 1408 443 1437 sine
464 1408 534 1444 igne,
557 1407 594 1443 (id
616 1408 668 1441 est)
692 1406 761 1443 ignis
782 1405 938 1434 afflictione.
961 1404 987 1432 Si
1005 1412 1070 1432 vero
1091 1404 1176 1432 fuerit
1197 1412 1233 1432 ex

386 1458 478 1492 parte,
501 1461 611 1483 necesse
626 1456 667 1482 est
682 1453 801 1481 trai'isire
824 1460 872 1489 per
894 1452 1021 1480 acerbam
1044 1451 1232 1484 adustionem;

385 1503 407 1531 si
429 1505 519 1530 autem
543 1501 618 1529 nullo
647 1500 727 1528 modo
755 1499 839 1528 fuerit
862 1502 1027 1535 purgatum,
1055 1505 1165 1527 necesse
1193 1501 1234 1527 est

385 1548 503 1577 transire
525 1556 573 1584 per
596 1548 685 1584 ignem
702 1546 973 1583 inexstinguibilem,
995 1545 1149 1574 secundum
1166 1545 1233 1573 illud

386 1596 473 1624 Lucae
496 1595 591 1623 tertio:
616 1594 707 1622 Cuius
730 1592 926 1621 ventilabrum.
949 1592 979 1620 in
1001 1600 1093 1620 manu
1115 1593 1188 1625 eiu-5,
1210 1595 1234 1620 et

384 1641 525 1679 purqabit
547 1649 649 1669 aream
671 1649 757 1669 suam
787 1643 812 1668 et
833 1638 1021 1677 conyreyabit
1044 1639 1173 1667 triticum
1204 1639 1235 1667 in

386 1688 525 1717 borreum
545 1696 645 1721 sittim,
664 1687 767 1724 paleas
789 1690 885 1714 autem
908 1685 1056 1714 comburet
1077 1686 1141 1723 iyni
1155 1686 1235 1714 inex-

386 1735 557 1773 stinyuibili.
574 1751 610 1755 —-
626 1734 769 1763 Secundus
781 1733 890 1762 fructus
905 1736 946 1761 est
961 1731 1161 1770 manifestatio
1176 1741 1236 1770 my-

386 1783 554 1816 steriorum,
575 1782 608 1810 ad
631 1789 713 1818 quem
737 1789 790 1809 non
813 1780 975 1817 pervenitur
990 1780 1040 1808 nisi
1064 1787 1113 1816 per
1135 1788 1236 1816 purga-

387 1830 488 1858 tionem
505 1828 717 1865 temperantiae,
733 1827 886 1856 secundum
898 1827 966 1855 illud
978 1826 1101 1855 ludicum
1117 1830 1197 1855 sexto
1209 1827 1235 1854 5:

390 1876 460 1905 Cum
483 1879 624 1904 excuteret
643 1874 754 1903 Gedeon
771 1878 856 1912 atque
873 1876 1017 1910 purgaret
1032 1872 1185 1910 frumenta
1205 1873 1237 1901 in

388 1923 548 1957 torculari,
571 1922 715 1959 apparuit
736 1921 780 1950 illi
794 1921 923 1958 Auyelus
946 1920 1071 1948 Domini.
1095 1920 1149 1949 lilis
1164 1920 1235 1949 enim

388 1971 419 1999 fit
433 1970 540 1999 Domini
557 1969 687 1998 revelatio
701 1971 728 1997 et
742 1968 890 2005 apparitio,
906 1967 952 2004 qui
969 1975 998 1996 se
1021 1967 1093 2004 ipsos
1109 1971 1237 2004 purgant,

388 2026 506 2045 carnem
528 2025 616 2045 suam
637 2015 836 2052 cru-cifiyemlo
857 2023 923 2043 cum
953 2014 1032 2042 vitiis
1054 2018 1080 2042 et
1101 2014 1237 2051 concupi-

388 2064 504 2093 scentiis
524 2072 574 2101 per
596 2064 687 2101 iugem
704 2063 865 2091 memoriam
882 2062 1016 2099 passionis
1038 2062 1155 2096 Christi;
1172 2063 1238 2090 Mat-

391 2112 462 2140 thaei
490 2111 602 2148 quinto;
625 2110 725 2143 Beati,
748 2110 854 2138 mundi
881 2109 983 2143 corde,
1011 2109 1152 2147 quoniam
1181 2108 1239 2146 ipsi

391 2158 482 2186 Deum
503 2157 647 2186 videbunt.
670 2157 746 2185 Unde
768 2156 937 2193 Augustinus
957 2156 991 2184 de
1015 2156 1143 2184 Doctrina
1164 2155 1238 2184 chri-

390 2205 478 2233 stiana
492 2205 518 2232 4:
546 2216 558 2229 «
574 2203 736 2241 Purgandus
751 2207 792 2232 est
813 2203 937 2237 anitiius,
960 2206 991 2231 ut
1012 2202 1132 2231 divinam
1148 2202 1237 2231 lucem

391 2252 547 2289 perspicere
569 2251 657 2280 valeat
684 2254 712 2279 et
732 2251 755 2279 ei
778 2251 924 2279 inhaerere
955 2253 1131 2287 perspectae,
1153 2257 1236 2286 quam

391 2298 583 2335 purgationem
611 2298 688 2335 quasi
711 2297 925 2326 ambulationem
948 2296 1087 2334 quandam
1111 2300 1138 2325 et
1159 2296 1238 2333 quasi

392 2345 592 2382 navigationem
603 2345 636 2373 ad
649 2345 765 2381 patriam
780 2352 839 2373 esse
851 2344 1059 2372 arbitremur».
1076 2360 1113 2363 -
1129 2343 1240 2371 Tertius

392 2392 500 2421 fructus
515 2395 555 2421 est
569 2391 724 2420 multitudo
739 2391 944 2428 spiritualium
959 2390 1131 2419 meritorum
1142 2401 1152 2422 ‚·
1164 2390 1239 2418 Ioan-

393 2439 436 2467 nis
466 2439 570 2467 decimo
601 2439 712 2475 quinto:
738 2439 856 2467 Omnem
877 2437 1025 2475 palmitem
1058 2438 1088 2465 in
1117 2445 1239 2466 menon

394 2484 528 2522 ferentem
550 2485 681 2523 fructum
706 2485 779 2514 tollet
800 2494 876 2518 eum,
898 2489 923 2513 et
945 2493 1075 2518 omnem,
1104 2484 1156 2522 qui
1182 2483 1239 2521 fert

394 2531 542 2569 fructum,
561 2532 702 2569 purgiabit
720 2541 801 2565 eum„
824 2536 857 2560 ut
877 2531 1010 2569 fructum
1034 2531 1103 2568 plus
1124 2530 1238 2568 afferat.

396 2579 550 2607 Palmitem
577 2578 712 2616 ferentem
742 2579 876 2616 fructum
905 2582 984 2608 vocat
1012 2587 1076 2608 eum
1099 2578 1147 2615 qui
1176 2578 1240 2606 facit

396 2634 480 2662 opera
500 2626 608 2662 pietatis
629 2630 655 2654 et
671 2626 890 2660 misericordiae,
912 2634 983 2663 quae
998 2625 1150 2655 secundum
1172 2624 1240 2661 Apo-

460 2797 467 2809 ¹
486 2799 561 2820 illatth.
579 2799 600 2825 6,
618 2799 644 2823 2;
661 2799 765 2827 sequitur
783 2799 849 2821 Eccli.
865 2799 892 2827 7,
912 2799 948 2821 34.

460 2836 469 2849 Ξ
488 2838 551 2859 Vers.
571 2838 607 2859 ⁶22.
625 2843 686 2866 seq.;
703 2841 832 2866 sequuntur
850 2838 863 2860 l.
882 2837 933 2861 Cor.
951 2839 972 2865 3,
991 2839 1028 2860 13.
1046 2842 1067 2860 et
1083 2839 1137 2860 Luc.
1156 2839 1177 2865 3,
1199 2838 1231 2860 17.

460 2875 469 2887 ³
486 2876 551 2898 Vers.
572 2877 605 2897 ll.
623 2882 684 2905 seq.;
702 2880 830 2905 sequuntur
847 2877 895 2899 Gal.
912 2877 933 2905 5,
952 2877 989 2899 24.
1007 2880 1029 2900 et
1046 2878 1123 2900 Matth.
1140 2878 1161 2905 5,
1180 2878 1200 2899 8.

461 2914 469 2926 ⁴
486 2914 548 2937 Libr.
565 2916 579 2937 l.
596 2921 616 2938 e.
637 2916 671 2937 l0.
688 2922 709 2938 n.
729 2917 770 2943 10,
787 2919 916 2945 sequuntur
933 2917 992 2939 loan.
1015 2917 1048 2944 15,
1066 2918 1088 2939 2.
1107 2919 1129 2939 et
1150 2918 1165 2940 1.
1182 2917 1241 2939 Tim.

400 2953 421 2981 4,
438 2954 464 2980 83
483 2953 580 2981 Vulgata
598 2960 657 2976 nunc
674 2955 741 2982 legit:
761 2954 837 2977 Pietas
853 2954 886 2978 acl
902 2955 983 2978 omnia
1000 2955 1065 2979 utilis
1081 2958 1122 2979 est.

964 158 1136 188 SERMONES
1159 157 1200 185 DE
1223 157 1249 184 B.
1274 155 1404 184 VlRGlNE
1426 154 1533 182 ΜΑΒΙΑ.

1279 232 1379 261 stolum
1402 235 1466 260 sunt
1489 230 1632 267 perutilia;
1655 229 1720 266 quia
1739 229 1834 266 pietas
1856 228 1896 257 ad
1916 228 2017 257 omnia
2041 228 2123 257 valet.

1280 279 1306 306 ln
1339 278 1419 306 cuius
1440 277 1531 314 figura
1558 276 1660 304 dieitur
1693 276 1815 304 ludicum
1847 275 1960 304 nonof‘:
1984 275 2125 313 Nunquid

1277 333 1397 361 possum
1423 324 1552 352 deserere
1575 322 1781 360 pinyucdincm
1810 330 1921 356 meam,
1944 330 2003 360 qua
2031 325 2055 350 et
2084 321 2126 350 dii

1281 374 1406 399 utinum·
1428 373 1452 398 el
1474 369 1623 398 homines?
1645 369 1723 406 quasi
1739 369 1825 397 dicat:
1842 369 1907 406 quia
1921 368 2029 405 pietatis
2043 375 2127 405 opera

1280 417 1501 455 promissionem
1524 416 1627 445 liabent
1648 416 1740 449 vitae,
1762 424 1837 454 quae
1856 424 1935 444 nunc
1963 419 2002 443 est
2026 419 2051 443 et
2079 414 2127 452 fiu-

1282 469 1384 497 turae,·
1405 467 1433 493 et
1454 472 1506 492 uon
1529 464 1617 492 solum
1641 466 1784 492 merentur
1816 463 2048 499 complementum
2070 462 2127 499 glo-

1282 512 1354 544 riae,
1377 511 1422 539 sed
1445 511 1526 539 etiam
1548 514 1726 547 augmentum
1743 510 1846 546 gratiae
1868 509 2045 546 purgativae3
2065 517 2128 545 pro-

1283 561 1343 595 pter
1366 558 1417 585 hoc
1438 557 1519 585 dicit:
1546 556 1688 594 puryabit
1714 565 1796 590 eum,
1819 559 1850 584 ut
1877 556 1924 592 qui
1946 556 2068 584 fructum
2090 555 2128 584 sa-

1283 605 1371 633 ciebat
1392 605 1418 632 in
1441 604 1595 632 actionibus
1624 604 1747 640 pietatis,
1775 603 1895 640 amplius
1917 605 2052 639 purgetur
2080 610 2129 639 per

1284 651 1436 688 passionem
1459 651 1639 687 poenalitatis.
1667 650 1702 679 Ut
1724 649 1857 687 fructum
1879 649 2040 686 ampliorem
2066 649 2130 678 all'e-

1284 702 1327 727 rat
1349 698 1484 735 perfectae
1500 698 1626 731 virtutis3
1642 697 1715 726 unde
1732 697 1817 725 lacobi
1835 697 1938 733 primo:
1953 697 2042 725 Omne
2054 704 2129 733 ραυ-

1284 746 1367 774 (lium
1389 745 1564 778 eacz'stimate,
1586 744 1698 781 fratres
1719 744 1791 777 mei,
1814 752 1881 772 cum
1910 743 1941 771 in
1962 743 2131 771 tentatione-s·

1285 792 1388 820 varias
1420 792 1600 825 incideritis,
1631 791 1764 824 scientes,
1796 791 1873 828 quod
1903 790 2037 827 probatio
2064 789 2133 826 fidei

1287 843 1396 868 uestrae
1416 839 1588 876 patientiam
1611 841 1762 874 operatur,
1782 837 1927 874 patientia
1947 840 2044 865 autem
2059 845 2132 874 opus

1284 885 1445 924 perfectum
1467 884 1567 918 baben
1589 893 1659 922 opus
1680 888 1771 913 autem
1791 884 1944 921 perfectum
1965 883 2085 920 disponit
2098 883 2131 911 ad

1287 933 1438 970 perfectum
1461 932 1633 969 praemium,
1661 931 1695 960 de
1723 939 1779 968 quo
1800 931 1995 967 subiungitur:
2025 930 2133 958 Beatus

1287 980 1343 1013 uir,
1365 979 1415 1017 qui
1435 978 1538 1016 suffert
1559 978 1753 1011 tentationem,
1774 977 1924 1016 quoniam,
1946 985 2013 1005 eum
2026 976 2133 1013 proba-

1286 1031 1333 1055 tus
1353 1025 1455 1064 fuerit,
1477 1025 1599 1062 accipiet
1627 1033 1768 1053 coronam
1796 1024 1890 1058 oilae,
1919 1032 2009 1061 quam
2034 1031 2133 1060 repro-

1287 1074 1366 1102 misit
1391 1074 1466 1101 Deus
1487 1072 1673 1109 diliyentibus
1694 1080 1731 1100 se.

1367 1121 1394 1148 ll.
1419 1121 1479 1149 Post
1501 1120 1691 1157 purgationem
1715 1119 1835 1156 Virginis
1856 1119 1950 1147 Matris
1970 1118 2073 1155 aliquid
2094 1117 2135 1146 di-

1288 1168 1405 1197 cendum
1428 1170 1470 1196 est
1490 1167 1523 1195 de
1545 1166 1687 1195 oblatione
1710 1166 1826 1199 Prolis;
1848 1166 1922 1194 circa
1942 1165 2015 1202 quod
2038 1168 2134 1193 notan—

1288 1215 1354 1243 dum
1370 1217 1420 1247 est,
1432 1214 1505 1251 quod
1522 1214 1638 1250 legimus
1653 1221 1772 1250 puerum
1789 1213 1876 1241 [esum
1893 1212 1919 1241 in
1935 1212 2037 1248 templo
2050 1220 2136 1249 prae-

1289 1265 1434 1290 sentatum
1456 1264 1483 1290 et
1504 1261 1530 1289 in
1553 1261 1655 1297 templo
1671 1259 1837 1288 baiulatum
1852 1263 1879 1288 et
1895 1259 1920 1287 in
1943 1259 2045 1296 templo
2059 1259 2136 1287 rein-

1289 1313 1415 1337 ventum.
1439 1324 1474 1328 —-
1499 1308 1723 1336 Praesentatum
1746 1306 1862 1343 legimus
1883 1306 1917 1335 ab
1938 1305 2136 1343 offerentibus,

1290 1356 1336 1393 qui
1359 1359 1460 1392 gerunt
1482 1355 1599 1391 liguram
1622 1354 1796 1382 sacerdotum
1811 1357 1838 1382 et
1854 1354 2053 1390 praelatorum,
2069 1361 2138 1390 quo-

1291 1411 1354 1431 rum
1377 1405 1418 1431 est
1446 1403 1472 1430 in
1502 1402 1604 1438 templo
1631 1401 1731 1429 offerre
1755 1401 1906 1429 Christum.
1930 1400 2036 1429 Dicitur
2065 1400 2136 1429 enim

1291 1451 1379 1478 Lucae
1400 1448 1520 1478 secundo
1535 1449 1559 1482 ⁶,
1585 1448 1659 1485 quod
1680 1451 1815 1484 parentes
1835 1447 1898 1475 eius
1923 1447 2052 1475 tulerunt
2073 1455 2138 1475 eum

1291 1497 1323 1525 in
1337 1495 1508 1529 Jerusalem,
1524 1498 1556 1523 ut
1570 1494 1673 1523 darent
1696 1493 1820 1522 bostiam
1842 1502 1896 1531 pro
1917 1502 1964 1528 co,
1986 1493 2138 1522 secundum

1291 1543 1364 1580 quod
1392 1543 1497 1571 dictum
1522 1545 1563 1570 est
1590 1542 1621 1570 in
1643 1541 1713 1579 Leye
1737 1541 1854 1569 Domini
1861 1551 1870 1574 ,·
1898 1540 2009 1569 Levitici
2037 1540 2139 1569 duode-

1291 1591 1362 1620 cimo
1393 1590 1528 1627 scriptum
1559 1592 1634 1623 erat,
1667 1588 1740 1626 quod
1772 1588 1904 1617 offerrent
1936 1596 1986 1624 pro
2017 1587 2140 1624 parvulis

1292 1647 1405 1675 (tynum
1426 1637 1597 1666 anniculum
1620 1640 1645 1665 et
1665 1636 1779 1673 pullum
1801 1635 1950 1664 columbae
1970 1635 2030 1664 sive
2044 1637 2139 1663 turtu-

1293 1694 1371 1718 rem;
1394 1686 1419 1713 in
1442 1693 1498 1722 quo
1525 1684 1707 1721 significatur,
1729 1683 1803 1720 quod
1831 1677 1978 1711 offerentes
1999 1682 2139 1711 Christum

1293 1733 1319 1761 iu
1342 1732 1445 1768 templo
1459 1731 1560 1760 debent
1582 1731 1684 1759 babere
1699 1730 1826 1767 pietatem
1850 1730 1966 1758 istorum
1983 1729 2068 1758 trium
2083 1729 2141 1758 ani-

1293 1780 1422 1807 malium:
1445 1782 1547 1806 turtur
1572 1778 1644 1806 enim
1674 1780 1715 1806 est
1742 1777 1841 1805 animal
1871 1777 2070 1811 castissimum;
2096 1785 2141 1805 eo-

1294 1826 1403 1859 lumba,
1425 1825 1666 1857 fecundissimum;
1689 1832 1803 1861 aynus,
1825 1823 2086 1852 mansuetissimum.
2113 1823 2140 1851 ln

1294 1881 1349 1910 quo
1370 1871 1535 1905 ostenditur,
1557 1871 1629 1908 quod
1653 1871 1744 1900 clerici
1760 1874 1787 1899 et
1808 1870 1964 1899 sacerdotes
1985 1873 2012 1899 et
2027 1870 2141 1907 praelati

1294 1919 1395 1948 debent
1422 1926 1482 1947 esse
1509 1918 1631 1951 mundi,
1653 1916 1774 1954 fecundi
1801 1921 1828 1946 et
1857 1917 2010 1946 mansueti.
2035 1917 2140 1946 Dicitur

1294 1966 1407 1995 clericis
1432 1965 1499 1994 illud
1523 1965 1604 1994 isaiae
1620 1965 1646 1993 ⁷:
1669 1964 1872 1998 sll‘iuulcunini,
1894 1964 1947 2002 qui
1966 1963 2050 2002 fertis
2068 1972 2142 1993 vasa

1298 2013 1431 2046 Domini;
1458 2012 1659 2041 sacerdotibus
1690 2012 1791 2040 dicitur
1823 2011 1890 2040 illud
1924 2011 1996 2040 Ruth
2026 2015 2141 2048 quarto:

1297 2060 1421 2097 Quando
1442 2060 1546 2088 emeris
1574 2067 1683 2097 aprum
1711 2059 1745 2087 de
1772 2067 1866 2087 manu
1893 2058 2043 2092 mulieris,
2067 2057 2142 2087 Rulli

1295 2116 1407 2146 quoque
1428 2106 1622 2140 Moabitidem,
1644 2114 1719 2144 quae
1740 2114 1818 2134 uocor
1832 2104 1965 2143 defuncti
1977 2105 2047 2143 fuit,
2062 2105 2143 2134 debes

1296 2155 1437 2191 accipere,
1459 2157 1490 2181 ut
1511 2153 1632 2181 suscites
1653 2161 1756 2181 nomen
1776 2152 1938 2190 propinqui
1955 2152 2000 2181 tui
2019 2152 2050 2181 in
2065 2151 2143 2181 liere-

1295 2202 1384 2230 ditate
1398 2209 1463 2229 sua.
1481 2200 1629 2228 Praelatis
1645 2203 1738 2228 autem
1759 2199 1825 2227 dicit
1845 2199 1890 2228 ille
1912 2207 2028 2236 magnus
2049 2199 2143 2228 Pastor

1296 2248 1422 2277 Matthaei
1444 2247 1605 2276 undecimo:
1629 2246 1735 2275 Discite
1756 2255 1775 2275 a
1796 2255 1849 2280 me,
1872 2246 1944 2284 quia
1971 2245 2050 2275 mitis
2076 2254 2142 2274 sum

1296 2299 1321 2324 et
1340 2294 1460 2323 humilis
1475 2294 1568 2323 corde.
1585 2310 1621 2314 —
1637 2294 1764 2331 Legimus
1778 2293 1860 2322 etiam
1875 2301 1994 2330 puerum
2010 2293 2099 2323 Iesum
2115 2293 2141 2322 in

1296 2342 1398 2379 templo
1421 2341 1587 2370 baiulatum
1607 2344 1634 2370 et
1655 2344 1815 2377 susceptum
1837 2341 1872 2369 ab
1893 2340 2142 2378 exspectantibus,

1296 2390 1342 2427 qui
1366 2392 1468 2427 gerunt
1488 2389 1606 2426 figuram
1629 2388 1751 2417 fidelium
1775 2388 1967 2421 subditorum,
1988 2388 2036 2425 qui
2064 2387 2143 2416 Chri-

1296 2440 1369 2465 stum
1392 2436 1548 2472 suscipiunt
1569 2435 1619 2464 sibi
1642 2435 1765 2464 oblatum
1787 2443 1836 2472 per
1858 2443 1970 2463 manum
1993 2434 2143 2464 sacerdotis

1296 2487 1323 2512 et
1345 2483 1467 2520 praelati.
1488 2483 1594 2511 Dicitur
1609 2483 1681 2511 enim
1697 2483 1786 2511 Lucae
1801 2482 1922 2511 secundo
1936 2482 1956 2516 ⁸,
1979 2482 2062 2519 quod,
2076 2490 2143 2510 cum

1297 2530 1467 2558 inducerent
1485 2538 1613 2566 puerum
1635 2530 1733 2557 Iesum
1751 2533 1887 2566 parentes
1908 2529 1985 2563 eius,
2008 2532 2041 2557 ut
2065 2527 2143 2565 face-

1296 2581 1360 2605 rent
1390 2576 1551 2605 secundum
1583 2576 1820 2605 consuetudinem
1849 2576 1931 2613 Leyis
1960 2584 2016 2613 pro
2044 2584 2091 2610 eo,
2119 2579 2144 2604 et

1297 2624 1357 2661 ipse
1378 2623 1487 2660 aceepit
1508 2632 1572 2652 eum
1595 2623 1703 2652 Simeon
1724 2623 1754 2651 in
1776 2623 1864 2651 ulnas
1884 2631 1958 2651 suas
1972 2625 2022 2652 etc.
2038 2623 2077 2651 De
2092 2623 2144 2651 boc

1360 2797 1368 2810 ⁵
1386 2798 1451 2820 Vers.
1470 2799 1496 2826 93
1515 2800 1645 2826 sequuntur
1658 2799 1671 2820 l.
1690 2797 1749 2819 Tim.
1769 2797 1790 2824 4,
1808 2798 1828 2819 8,
1846 2800 1866 2819 et
1886 2798 1928 2819 lac.
1950 2797 1968 2824 l,
1987 2796 2032 2818 2-4.
2051 2799 2073 2819 et
2090 2796 2143 2818 dein

1298 2844 1320 2859 v.
1342 2838 1376 2859 12.

1360 2874 1370 2887 θ
1388 2876 1452 2898 Vei-s.
1470 2877 1507 2898 22.
1525 2875 1566 2904 243
1584 2876 1637 2898 dein
1656 2876 1776 2904 respicitur
1793 2876 1847 2898 Lev.
1866 2875 1902 2903 12,
1920 2875 1940 2897 8.
1959 2875 1979 2897 6.

1362 2914 1370 2927 ⁷
1389 2915 1444 2943 Cap.
1461 2916 1499 2942 52,
1519 2915 1559 2943 ll3
1577 2918 1706 2944 sequuntur
1722 2915 1782 2937 Ruth
1802 2914 1822 2943 4,
1840 2914 1862 2937 5.
1879 2917 1901 2937 et
1919 2915 1994 2936 lllatth.
2013 2913 2049 2942 ll,
2067 2913 2104 2935 29.

1362 2953 1371 2966 ὃ
1390 2955 1455 2977 Vers,
1475 2954 1512 2977 27.
1529 2960 1579 2983 seq.
1596 2957 1618 2977 et
1634 2954 1686 2976 dein
1705 2960 1727 2976 v.
1745 2954 1782 2976 ⁴25.

2150 1124 2193 1142 Pars
2204 1124 2223 1144 11.

2162 1147 2237 1168 ohlaumr

2156 1171 2212 1190 erulis
2222 1173 2234 1191 ιι

2157 1196 2239 1218 tanguam

2150 1311 2191 1330 suu
2201 1311 2219 1335 iri
2228 1313 2237 1332 ι

2152 1335 2182 1359 ¹³¹⁰
2189 1340 2242 1378 aaa

2158 1826 2243 1846 Hortatio·

2181 1851 2243 1870 clerum

2160 2297 2211 2319 item,
2222 2296 2243 2315 ha

2188 2321 2241 2339 latus.
