2243 3348
237 482 344 506 Requiritur

231 506 316 530 probatio
329 506 348 523 in

258 529 323 547 trihus.

245 621 335 640 Munditia

243 644 333 663 cordium.

243 2258 334 2276 Pudicitia

236 2287 340 2305 corporum.

365 212 420 240 568

365 292 447 326 patet.
469 288 560 317 Talem
582 295 634 315 non
658 289 698 314 est
718 284 833 313 dubium
855 283 939 311 fuisse
955 282 1065 310 beatum
1088 281 1208 308 Lauren—

364 336 443 368 tium,
465 334 616 363 secundum
632 331 704 368 quod
720 331 777 367 ipse
792 329 863 357 dixit
876 331 884 345 ¹
906 328 939 356 ad
955 328 1065 356 beatum
1082 327 1207 355 Sixtum:

369 394 382 406 «t
397 381 467 417 Quid
490 381 514 409 in
539 388 581 408 me
603 386 668 415 ergo
689 376 828 413 displicuit
850 374 1007 412 paternitati
1030 376 1112 402 tuae?
1134 373 1208 401 Nun-

364 428 429 465 qnid
451 427 613 463 degenerem
628 432 671 452 me
686 422 807 460 probasti
822 425 855 449 »2⁷
877 424 927 449 ete.
951 421 978 448 10
1002 420 1053 448 hoc
1074 419 1134 447 eins
1150 426 1208 446 mo-

364 474 450 503 destia
471 474 530 502 fuit.
553 472 675 508 Oportet,
697 477 792 498 omnes
814 468 899 496 bonos
920 467 1048 495 diaconos
1063 473 1122 494 esse
1144 473 1207 501 pro-

365 521 457 550 batos,
480 519 552 555 quod
574 522 605 546 ut
627 516 745 553 perfecte
768 515 830 548 fiat,
853 514 904 543 tria
926 516 990 542 sunt
1011 515 1183 549 opportuna:

442 564 586 594 blanditia
608 563 753 595 cordium,
775 569 845 598 quae
867 560 980 597 respicit
994 559 1084 588 cordis
1105 558 1209 595 simpli-

364 613 472 642 citatem
504 610 592 647 quoad
626 610 733 641 Deam;
765 608 838 636 unde
870 607 949 644 primi
984 606 1207 642 Paralipomenon

363 659 460 688 ultimo
476 658 502 685 2:
526 657 599 690 Scio,
622 656 712 692 inquit
731 654 825 688 David,
843 655 917 682 Deus
939 661 1028 686 metm,
1050 652 1209 690 quodpro-

365 705 410 733 bes
432 704 522 733 eorda
543 707 568 731 et
582 702 795 739 simplieitatem
819 700 934 737 dilusus.
952 700 1019 728 Haec
1035 702 1127 727 autem
1143 699 1209 727 sim-

363 752 469 789 plicitas
491 750 580 779 cordis
601 748 725 778 excludit
746 755 855 776 omnem
876 747 984 780 dolum,
1006 746 1207 774 simulationem

364 802 390 828 et
412 797 589 835 hypocrisim,
611 796 676 833 quia
698 803 750 823 non
774 794 883 831 quaerit
894 793 1010 830 plaeere
1032 792 1208 826 bominibus,

363 846 412 874 sed
436 846 504 877 Deo,
534 844 585 882 qui
603 842 709 880 probat
738 842 829 870 eorda
857 844 968 868 nostra.
991 840 1076 868 Cuius
1098 839 1209 868 evidens

364 893 472 929 signum
501 895 558 923 est,
580 889 690 927 qnando
719 889 802 917 homo
831 887 959 916 laudibus
981 886 1124 915 hominum
1155 894 1209 915 non

363 939 531 969 delectatm·;
554 939 667 974 propter
689 936 761 972 quod
778 934 990 963 Proverbiorum
1016 933 1147 970 vigesimo
1168 941 1209 961 se-

362 986 463 1023 ptimo:
487 984 634 1020 Quomodo
648 983 794 1020 probatur
816 982 844 1010 in
867 980 1038 1017 conflatorio
1053 984 1209 1017 arpentum

363 1037 388 1061 et
408 1032 439 1060 in
459 1031 581 1068 fornace
602 1038 724 1063 aarum,
746 1029 788 1057 sie
806 1028 954 1065 probatur
976 1027 1059 1056 bomo
1081 1036 1130 1056 ore
1145 1027 1210 1056 lau—

363 1078 469 1107 dantis.
493 1078 517 1105 Si
541 1077 612 1105 enim
636 1076 780 1104 extollitur
802 1078 828 1103 et
850 1075 995 1111 gloriatur,
1018 1074 1083 1111 quia
1105 1074 1139 1103 ab
1161 1075 1210 1103 ho-

362 1125 482 1153 minibus
504 1124 631 1152 laudatur
654 1126 680 1151 ct
702 1121 920 1155 commendatur,
942 1121 1077 1158 probatur
1099 1121 1210 1158 quidem

362 1176 388 1200 et
410 1171 596 1208 reprobatur,
612 1169 741 1206 quoniam
764 1168 826 1197 mali
840 1168 954 1205 placent
969 1167 1163 1196 lzominibus³.
1184 1168 1210 1196 Si

362 1222 453 1247 antem
484 1226 537 1246 non
563 1217 708 1254 gloriatur,
737 1215 782 1244 sed
814 1215 987 1248 humiliatur,
1021 1215 1155 1251 probatur
1184 1218 1211 1243 et

362 1265 563 1302 approbatur,-
584 1267 611 1292 et
633 1264 682 1291 hoc
705 1263 816 1300 quidem
841 1265 882 1291 est
904 1262 982 1290 valde
1003 1262 1129 1295 difficile,
1158 1261 1209 1290 nisi

362 1313 444 1341 1101110
472 1312 555 1340 ducat
577 1311 692 1348 gloriam
721 1318 736 1338 a
765 1309 921 1338 testimonio
949 1309 1146 1343 conscientiae,
1168 1316 1210 1338 se-

362 1359 482 1388 cundum
505 1359 577 1396 qnod
599 1358 701 1386 dicitur
716 1357 748 1385 ad
771 1357 878 1385 Galatas
893 1360 988 1385 sexto:
1011 1356 1091 1393 Opus
1112 1360 1210 1384 autem

361 1414 450 1434 suum
468 1405 568 1442 probet
592 1404 800 1442 unusquisqne,
817 1408 841 1431 et
858 1403 901 1431 sie
922 1403 953 1431 in
974 1403 1124 1440 semetipso
1146 1406 1210 1431 tan-

363 1458 423 1481 lum
444 1453 569 1490 gloriam
600 1451 713 1479 babebit
739 1455 764 1479 et
794 1459 847 1479 non
878 1450 908 1478 in
931 1450 1039 1483 altero‚·
1061 1458 1113 1478 non
1137 1450 1209 1479 enim

362 1500 442 1528 debet
464 1500 526 1536 plus
548 1498 661 1527 credere
682 1498 726 1526 alii
749 1506 832 1535 quam
855 1497 905 1526 sibi
934 1497 968 1526 de
990 1505 1026 1526 se.
1049 1497 1124 1526 Unde
1146 1497 1210 1525 Ber-

362 1546 480 1574 nardus:
507 1557 519 1570 «
536 1546 591 1573 Non
621 1548 661 1573 est
690 1544 884 1573 committenda
912 1544 999 1581 gloria
1027 1544 1210 1572 conscientiae

362 1593 456 1621 alienis
479 1592 570 1625 labiis,
593 1592 658 1628 quia
680 1592 774 1620 nullus
789 1591 839 1620 sibi
863 1591 912 1628 ipsi
929 1594 1019 1628 potest
1040 1599 1137 1620 secure
1152 1591 1209 1628 glo-

362 1639 430 1667 riam
453 1639 633 1673 committere,
656 1639 720 1676 qnia
742 1646 812 1675 opus
840 1646 922 1667 sunm
945 1647 998 1666 non
1021 1641 1111 1675 potest
1132 1638 1210 1666 suffi-

362 1687 464 1715 cienter
486 1687 604 1723 probare
615 1698 642 1714 ».
658 1686 733 1715 Unde
749 1686 853 1723 primae
868 1686 900 1714 ad
916 1685 1072 1714 Corinthios
1087 1685 1168 1714 tertio
1183 1686 1209 1713 4:

367 1733 600 1771 Uniuseuiusque
621 1742 694 1770 opus
715 1733 800 1771 quale
821 1733 868 1766 sit,
896 1733 973 1769 ignis
993 1732 1136 1769 probabit.
1157 1732 1209 1768 Qui

362 1788 427 1817 ergo
448 1780 548 1809 divinis
569 1781 656 1809 oculis
677 1788 724 1809 cor
747 1788 828 1808 sunm
851 1779 987 1808 mundum
1008 1782 1035 1808 et
1055 1779 1209 1807 modestum

362 1828 421 1856 11111
443 1828 590 1861 custodire,
613 1827 722 1856 studeat
753 1827 783 1855 in
808 1827 940 1860 Domino,
964 1834 1022 1854 non
1043 1826 1074 1854 in
1096 1825 1210 1854 bomine

360 1875 497 1912 yloriari,
520 1884 553 1903 ne.
575 1875 644 1903 forte
666 1875 775 1903 dicatur
798 1874 848 1902 sibi
871 1873 938 1902 illud
960 1873 1085 1901 divinum
1108 1873 1210 1909 impro-

362 1922 485 1958 perium;
515 1922 596 1951 Isaiae
623 1922 755 1959 vigesimo
783 1921 896 1949 nono⁵:
922 1920 1054 1957 Populus
1082 1920 1133 1948 iste
1161 1928 1210 1948 ore
1238 1938 1239 1942 ,

361 1977 414 1996 suo
436 1972 461 1997 et
481 1968 568 1997 labiis
589 1969 652 1997 suis
678 1968 827 2006 glorificat
855 1976 917 2001 ¹me,·
945 1976 996 1995 cor
1022 1970 1117 1995 autem
1147 1966 1209 1995 eius

363 2015 442 2053 tonye
463 2020 502 2044 est
523 2025 542 2044 a
571 2025 621 2044 me.
644 2017 675 2044 :tt
696 2024 750 2044 non
773 2015 835 2043 talis
857 2015 899 2042 vir
921 2018 1046 2047 sanctus,
1073 2014 1100 2042 in
1129 2014 1209 2042 cuius
1238 2043 1239 2049 ¹

362 2070 491 2098 persona,
509 2063 635 2091 teremiae
650 2062 827 2091 duodecimo:
852 2062 886 2089 Et
907 2065 954 2095 tu,
978 2061 1115 2094 Domine,
1134 2060 1211 2089 nosti

362 2118 422 2143 me,
446 2110 544 2138 vidisti
564 2119 608 2138 me
629 2114 654 2138 et
671 2109 807 2147 probasti
827 2117 877 2137 eor
898 2117 992 2137 meum
1021 2112 1122 2137 teeum.
1146 2108 1209 2136 Tale

363 2160 402 2185 est
424 2165 470 2185 cor
493 2157 637 2190 mundum,
660 2156 777 2193 simplex
800 2159 827 2184 et
848 2155 1013 2184 modestum.

442 2203 592 2231 Pudicitia
611 2211 779 2240 corporum,
796 2210 866 2239 quae
882 2202 994 2239 respicit
1009 2202 1133 2239 corporis
1148 2209 1209 2230 san-

363 2251 482 2279 ctitatem
498 2250 588 2287 quoad
600 2251 782 2287 proximum.
799 2250 867 2278 Haec
884 2250 965 2278 vitam
981 2249 1100 2278 hominis
1115 2252 1146 2277 ut
1160 2257 1209 2277 au-

364 2306 425 2326 rum
448 2298 623 2334 resplendere
639 2298 701 2326 facit
716 2298 743 2326 in
760 2297 847 2326 oculis
862 2297 1071 2334 proximornm;
1096 2300 1209 2333 propter

364 2344 437 2380 quod
458 2345 631 2381 Apocalypsis
652 2345 733 2373 tertio
748 2344 774 2372 6;
798 2344 912 2373 Suadeo
934 2343 985 2372 tibi
1005 2352 1097 2372 emere
1125 2352 1144 2371 a
1165 2352 1210 2371 me

364 2399 474 2418 aarum
490 2391 625 2428 ignitum,
640 2390 807 2428 probatum,
832 2394 862 2418 ut
883 2390 1007 2427 locuples
1028 2389 1099 2426 sias,
1121 2398 1209 2426 quan-

364 2440 421 2465 tum
445 2438 477 2466 ad
499 2438 630 2466 castitatis
652 2438 903 2474 incori'uptioneni;
926 2441 950 2465 et
971 2437 1145 2465 wstimentis
1167 2436 1209 2464 0-1-
1237 2472 1238 2477 1

1237 2484 1239 2493 ¹
1266 2483 1338 2512 vae?
1361 2484 1411 2512 eui
1431 2483 1537 2512 rimae?
1559 2483 1608 2512 cui
1634 2482 1754 2520 foveae?
1780 2483 1830 2512 eui
1849 2483 1911 2511 sine
1932 2491 2025 2512 eausa
2052 2482 2114 2511 vul-

365 2535 448 2563 tuae:
477 2532 527 2560 hoc
557 2535 691 2568 qnantum
720 2532 752 2560 ad
782 2532 933 2560 honestatis
962 2531 1156 2560 ostensionem.
1179 2530 1209 2558 Et
1237 2522 1239 2541 ³

365 2484 406 2512 bis
430 2485 583 2519 induaris,
605 2489 628 2513 et
649 2494 707 2513 non
729 2489 874 2522 appareat
905 2484 1039 2522 confusio
1064 2484 1208 2512 nuditatis

366 2578 434 2606 bene
448 2578 511 2606 dicit
528 2586 636 2606 aurum
656 2578 871 2615 incorruptionis
890 2578 1036 2615 pudicitiae
1051 2577 1208 2611 emendum,

428 2766 434 2779 ¹
454 2767 544 2793 Surins,
563 2768 583 2789 in
602 2768 644 2789 hoc
662 2768 717 2789 sesto
734 2768 746 2796 ’,ᾗ
765 2770 784 2790 t).

427 2805 435 2816 ‘²
454 2806 519 2828 Vei-s.
542 2807 578 2830 17:
597 2810 725 2835 sequnntur
744 2808 756 2829 Ι.
776 2808 856 2829 Thess,
874 2809 895 2834 2,
916 2808 935 2829 si.
953 2812 975 2830 et
994 2809 1059 2830 Prov.
1078 2809 1115 2835 27,
1133 2809 1171 2830 21.

428 2844 436 2857 ³
454 2846 582 2873 Respicitnr
599 2846 634 2867 Ps.
653 2846 694 2873 52,
713 2848 739 2873 6;
757 2849 885 2875 sequuntur
903 2847 949 2869 Gal.
968 2848 994 2874 6,
1014 2847 1034 2869 si.
1052 2851 1073 2869 et
1091 2847 1209 2874 Bernard,

366 2884 434 2911 Epist.
448 2884 485 2906 42.
500 2890 538 2906 sen
557 2885 654 2907 Tractat.
668 2885 696 2907 ad
714 2886 802 2907 Heuric.
820 2886 954 2913 senonens,
968 2892 987 2908 cv
1003 2886 1023 2908 ὅ,
1037 2893 1057 2908 n.
1072 2887 1108 2908 20.
1121 2890 1143 2908 et
1154 2893 1175 2909 e.
1188 2887 1209 2908 6.

366 2929 387 2944 n.
407 2924 442 2950 22,
460 2924 540 2950 paucis
558 2924 655 2946 mutatis.

428 2962 437 2973 ⁴
456 2963 520 2984 Yers.
542 2963 578 2989 13;
596 2969 722 2992 sequnntur
740 2964 793 2991 (Tap.
815 2965 833 2990 t,
852 2965 889 2986 31.
906 2968 925 2986 er
945 2971 965 2986 c.
983 2966 1007 2992 3,
1025 2966 1062 2987 21.

428 3000 437 3012 ⁵
456 3002 519 3023 Yers.
541 3002 577 3028 ¹33
595 3003 697 3030 sequitur
715 3004 755 3025 ier.
776 3004 809 3030 52,
827 3004 848 3025 3.

1035 202 1208 232 SERMONES
1229 202 1271 230 DE
1294 201 1434 230 SANCTIS.

1265 278 1339 315 quia,
1362 278 1433 306 sicut
1460 277 1562 306 dicitur
1593 276 1746 313 Sapientiae
1777 279 1888 311 octavo,
1910 285 1968 305 non
1990 285 2107 314 possum

1265 333 1324 352 esse
1344 324 1506 357 continens,
1534 323 1594 351 nisi
1616 323 1692 351 Deus
1720 324 1781 357 det,
1804 323 1864 352 ideo
1892 326 2001 360 oportet
2021 332 2036 352 a
2058 324 2109 352 Do-

1266 371 1340 398 mino
1361 373 1486 399 sanctum
1507 369 1676 398 desiderium
1697 377 1797 398 emere.
1821 370 1873 398 Hoc
1895 369 2038 398 attendens
2057 370 2110 398 cla-

1266 417 1359 445 mabat
1381 417 1407 445 in
1430 416 1549 445 Psalmo:
1575 416 1673 445 Proba
1693 424 1747 450 me,
1765 416 1894 450 Domine,
1909 420 1933 444 et
1954 420 2029 445 tenta
2050 425 2111 450 me,-

1266 472 1319 492 ure
1340 472 1422 492 renes
1443 471 1519 492 meos
1533 467 1558 491 et
1579 471 1739 492 cormeum
1762 466 1812 492 etc.
1829 463 1884 492 Non
1904 463 1975 491 enim
1992 463 2111 492 efficitur

1266 510 1348 539 homo
1370 510 1490 547 perfecte
1512 509 1637 546 pudicus,
1661 510 1747 538 donec
1762 518 1842 539 renes
1863 510 1923 539 eins
1942 510 2004 547 igne
2025 511 2110 539 sancti

1265 557 1384 593 Spiritus
1398 556 1562 585 adurantur.
1580 556 1694 593 Propter
1706 556 1780 593 quod
1796 556 1914 585 Ecclesia
1928 556 1996 593 petit
2010 556 2038 585 10
2053 556 2111 585 Col-

1266 604 1335 632 lecta
1350 603 1376 631 ⁷:
1397 614 1410 628 «
1425 603 1478 632 Ure
1494 603 1555 640 igne
1569 603 1654 632 sancti
1671 603 1790 640 Spiritus
1805 611 1886 632 renes
1900 606 2009 632 nostros
2024 616 2037 629 2>
2060 606 2111 632 etc.

1267 651 1319 679 Hoc
1341 651 1461 679 maxime
1484 653 1577 687 petere
1605 650 1706 679 debent
1734 650 1842 685 clerici,
1864 650 1910 687 qui
1933 653 1998 679 sunt
2019 650 2112 679 altaris

1265 698 1356 726 officio
1376 697 1501 730 dedicati,
1517 697 1550 726 de
1564 706 1620 735 quo
1635 697 1716 725 edere
1727 701 1894 734 potestatem
1910 705 1968 725 non
1983 696 2088 726 liabent
2101 697 2112 714 ⁸

1266 744 1316 773 nisi
1339 745 1432 773 mnndi
1456 744 1538 773 corde
1560 747 1586 772 et
1608 752 1725 780 corpore
1747 744 1854 780 pudici;
1877 744 2010 772 immundi
2040 744 2111 773 enim

1266 799 1319 819 non
1342 794 1469 828 poterant
1485 790 1653 819 manducare
1668 790 1768 827 phase;
1790 793 1904 827 propter
1919 790 1993 827 quod
2009 791 2113 827 primae

1265 838 1299 866 ad
1326 838 1483 866 Corinthios
1514 837 1675 866 undecimo:
1699 837 1804 866 Probet
1833 841 1930 866 (uitem
1958 846 1987 866 se
2015 837 2112 874 ipsum

1266 884 1359 919 1101110,
1375 888 1400 913 et
1413 885 1456 913 sic
1471 885 1504 913 de
1516 893 1593 921 pane
1608 884 1655 913 ato
1670 884 1736 912 edat
1756 888 1781 912 et
1796 884 1829 912 de
1844 884 1932 912 calice
1953 884 2039 913 bibat.
2057 884 2114 921 Qui

1266 931 1343 960 enim
1358 931 1518 960 manducat
1533 934 1557 959 et
1572 930 1642 959 bibit
1657 930 1774 968 indigne
1789 930 1935 959 iudicium
1949 931 2006 959 sibi
2029 939 2113 960 man-

1266 978 1356 1006 ducat
1377 981 1401 1006 et
1423 977 1501 1012 bibit,
1523 986 1581 1006 non
1602 977 1772 1006 claudicans
1794 986 1901 1015 corpus
1925 978 2049 1007 Domini.

1347 1025 1540 1053 Parsimonia
1561 1025 1703 1058 victuum,
1719 1033 1790 1062 quae
1806 1024 1917 1062 respicit
1938 1025 2113 1054 sobrietatem

1267 1071 1323 1100 oris
1344 1071 1434 1108 quoad
1455 1080 1484 1100 se
1505 1072 1621 1108 ipsein,-
1642 1072 1715 1108 quod
1738 1072 1807 1100 bene
1829 1072 1982 1109 figuraliter
2003 1072 2114 1101 demon-

1267 1122 1374 1147 stratur
1387 1118 1509 1147 ludicum
1525 1119 1673 1155 septim0⁹z
1688 1119 1768 1147 Dixit
1782 1119 1923 1147 Dominus
1934 1119 1974 1148 ad
1989 1119 2114 1148 Gedeon:

1268 1165 1373 1194 Adbuc
1392 1166 1519 1203 populas
1540 1166 1651 1194 multus
1672 1169 1730 1199 est‚·
1751 1166 1809 1194 due
1830 1174 1876 1194 eos
1897 1166 1937 1194 ad
1958 1174 2063 1204 aquaS,
2089 1171 2114 1195 et

1267 1213 1308 1241 ibi
1325 1213 1456 1250 probabo
1478 1213 1559 1246 itlos;
1587 1216 1614 1241 et
1642 1213 1769 1250 sequitur
1798 1213 1914 1248 ibidem,
1944 1213 2017 1250 quod
2045 1213 2116 1242 dixit

1267 1259 1402 1288 Dominus
1422 1259 1455 1288 ad
1477 1259 1602 1288 Gedeon:
1626 1260 1685 1296 Qui
1698 1260 1802 1297 linqua
1818 1259 1994 1288 lambuerint
2009 1268 2115 1298 aquas,

1267 1307 1343 1335 sicut
1363 1306 1453 1335 solent
1473 1315 1559 1335 canes
1574 1307 1709 1341 lambere,
1731 1307 1886 1344 separabis
1901 1315 1947 1336 eos
1965 1315 2116 1341 seorsum;

1267 1356 1294 1382 et
1315 1353 1342 1381 111
1365 1353 1479 1382 fuerunt
1501 1353 1625 1390 probati:
1648 1354 1700 1392 qui
1713 1357 1821 1387 autem,
1837 1354 1970 1382 curvatis
1983 1353 2115 1391 yenibus,

1268 1400 1390 1429 biberint
1404 1400 1435 1429 in
1450 1400 1545 1428 attera
1556 1404 1644 1437 parte
1658 1404 1760 1434 erunt,·
1782 1401 1808 1429 111
1826 1400 1965 1437 reprobati
1980 1404 2007 1429 et
2022 1401 2114 1430 reiecti

1266 1447 1300 1476 de
1329 1447 1440 1484 proelio.
1463 1447 1544 1476 Primi
1577 1447 1692 1476 fuerunt
1713 1447 1842 1481 trecenti,
1873 1447 1985 1476 secundi
2018 1455 2115 1476 novem

1267 1495 1351 1523 millia
1372 1495 1545 1532 septingenti.
1570 1495 1619 1523 Per
1641 1503 1737 1533 aquas
1759 1495 1930 1532 significatur
1948 1495 2116 1524 abundantia

1267 1542 1402 1576 ciborum,
1424 1550 1494 1579 quos
1515 1542 1563 1579 qui
1585 1550 1667 1579 parce
1688 1545 1715 1571 et
1736 1542 1828 1571 sobrie
1846 1545 1961 1571 sumunt
1981 1542 2036 1579 apti
2052 1546 2117 1571 sunt

1266 1589 1300 1618 ad
1323 1589 1473 1626 proelium;
1496 1590 1543 1626 qui
1561 1597 1627 1618 vero
1648 1589 1682 1617 ad
1703 1597 1749 1618 eas
1771 1589 1970 1618 incurvantur
1986 1592 2114 1626 tanquam

1268 1636 1359 1665 miseri
1382 1639 1409 1665 et
1430 1636 1554 1665 carnales
1576 1636 1779 1673 reprobantnr;
1801 1639 1828 1665 et
1850 1636 1967 1665 istorum
1995 1636 2116 1665 maxima

1267 1687 1308 1712 est
1330 1684 1478 1712 multitudo
1499 1687 1526 1712 et
1547 1683 1640 1720 inepta
1660 1683 1694 1712 ad
1712 1683 1857 1720 proelium.
1873 1683 1924 1720 Qui
1943 1686 2036 1712 autem
2051 1687 2116 1712 sunt

1267 1730 1294 1759 in
1316 1730 1408 1759 divino
1430 1731 1556 1759 exercitu
1579 1730 1679 1759 debent
1701 1730 1825 1767 viyilare
1846 1733 1870 1759 et
1891 1730 1983 1759 noctis
1997 1729 2115 1767 viyitias

1267 1777 1413 1806 custodire
1426 1778 1449 1794 ¹⁰
1470 1781 1496 1805 et
1517 1777 1741 1806 adversariorum
1763 1777 1878 1806 astutias
1898 1777 2114 1814 deprehendere.

1268 1824 1305 1853 llli
1322 1832 1397 1858 vero,
1413 1825 1459 1861 qui
1476 1828 1541 1853 sunt
1562 1825 1666 1861 gravati
1690 1825 1716 1852 in
1739 1825 1853 1861 crapula
1874 1828 1902 1853 et
1915 1824 2060 1859 ebrietate,
2076 1824 2116 1852 vi-

1266 1872 1352 1908 gilare
1374 1880 1427 1900 non
1451 1874 1580 1908 possunt;
1597 1871 1799 1909 propterquod
1821 1872 1926 1908 primae
1947 1871 2018 1900 Petri
2034 1871 2115 1908 quin-

1268 1922 1310 1947 to:
1324 1918 1422 1947 Sobrii
1435 1922 1519 1947 estote
1532 1922 1558 1947 et
1571 1918 1689 1956 viyilate
1703 1922 1754 1947 etc.
1770 1918 1846 1947 Unde
1861 1918 1995 1947 militibus
2013 1918 2113 1947 Christi

1266 1965 1454 2003 pugnantibus
1470 1965 1496 1993 in
1516 1965 1634 1994 Ecclesia
1649 1965 1804 1994 necessaria
1819 1968 1860 1994 est
1874 1965 2003 1994 discretio
2018 1969 2045 1994 et
2059 1965 2114 1994 for-

1268 2013 1364 2041 titudo.

1345 2060 1395 2089 Sed
1418 2060 1488 2088 tollit
1513 2059 1636 2088 ebrietas
1662 2060 1873 2094 discretionem;
1903 2060 2113 2089 Proverbiorum

1267 2107 1398 2144 vigesimo
1414 2108 1453 2135 ¹¹:
1475 2107 1647 2135 Luxuriosa
1672 2115 1719 2135 res
1742 2107 1858 2141 vinum,
1884 2110 1908 2135 et
1935 2106 2115 2135 tumultuosa

1266 2154 1389 2183 ebrietas
1397 2165 1407 2187 ‚·
1421 2154 1596 2192 quicumque
1610 2153 1657 2182 liis
1671 2154 1829 2182 delectatur
1844 2163 1902 2182 non
1916 2155 1970 2182 erit
1987 2154 2113 2191 sapiens.

1268 2202 1381 2238 Propter
1397 2201 1479 2238 quod,
1494 2201 1671 2230 Ecclesiastici
1689 2201 1829 2238 trigesimo
1845 2201 1942 2238 primo,
1955 2201 2026 2230 siout
2037 2201 2115 2239 'tynis

1263 2248 1372 2286 probat
1391 2247 1508 2285 ferrum
1530 2248 1656 2282 durum,
1678 2248 1721 2276 sie
1742 2248 1844 2276 vinum
1866 2248 1958 2277 corda
1977 2247 2115 2285 superbo-

1266 2305 1335 2324 rum
1357 2298 1461 2333 argyuet
1483 2296 1514 2323 in
1534 2295 1668 2323 ebrietate
1686 2299 1829 2332 potatum.
1852 2295 1927 2324 Unde
1949 2295 1996 2324 uhi
2019 2298 2116 2332 regnat

1266 2343 1394 2377 ebrietas,
1416 2342 1484 2371 nihil
1506 2345 1595 2379 potest
1617 2350 1676 2371 esse
1695 2342 1829 2375 celatum;
1852 2345 1879 2370 et
1900 2345 2047 2379 propterea
2067 2350 2115 2371 ne-

1266 2390 1385 2419 cessario
1406 2393 1563 2426 sequnntur
1586 2389 1768 2418 contumeliae
1790 2392 1816 2417 et
1837 2389 1915 2418 rixae
1936 2389 2114 2424 innumerae;

1267 2437 1479 2465 Proverbiorum
1496 2436 1626 2474 vigesimo
1641 2436 1738 2465 tertio:
1763 2436 1819 2465 Cui
1832 2435 1906 2464 vae?
1928 2436 2015 2464 euius
2030 2436 2116 2473 patri

1266 2531 1360 2560 nera?
1382 2531 1432 2559 eui
1451 2530 1576 2568 suffusio
1598 2530 1773 2559 oculorum?
1796 2529 1896 2558 Nonne
1917 2529 1962 2558 liis
1976 2530 2028 2568 qui
2041 2538 2114 2558 eom-

1266 2581 1423 2606 mora-ntur
1445 2577 1474 2606 ivn
1497 2578 1565 2606 vino
1586 2581 1611 2605 et
1631 2577 1747 2605 student
1779 2577 1920 2605 calicibus
1941 2576 2114 2614 epotandis?

1331 2768 1340 2780 Β
1359 2769 1422 2791 Vers.
1444 2769 1483 2796 ²83
1501 2771 1629 2797 sequuntur
1648 2768 1701 2795 Sap.
1719 2768 1740 2795 8,
1758 2768 1795 2789 21.
1813 2770 1835 2789 et
1853 2768 1888 2789 ΡΞ.
1906 2767 1943 2794 25,
1960 2768 1982 2789 ⁴2.

1329 2806 1337 2819 ⁷
1357 2808 1392 2830 Ex.
1412 2814 1447 2835 gr.
1467 2808 1523 2829 inter
1541 2807 1655 2829 orationes
1673 2807 1835 2834 postLitanias
1852 2807 1956 2828 omnium
1969 2807 2114 2828 Sanctorum.

1330 2846 1338 2859 ‘³
1356 2847 1485 2875 [1050101101-
1506 2846 1574 2869 Hebr.
1602 2847 1634 2874 13,
1661 2847 1696 2873 10;
1723 2846 1752 2868 de
1775 2846 1952 2868 manducatione
1975 2845 2049 2874 phase
2072 2847 2113 2868 cfr.

1267 2887 1334 2909 Num.
1352 2886 1373 2913 9,
1395 2887 1433 2914 103
1451 2886 1554 2914 sequitur
1573 2887 1586 2908 1.
1605 2886 1656 2908 (ἴον.
1679 2886 1711 2912 tl,
1726 2886 1761 2907 28.
1781 2892 1829 2914 seq.

1329 2924 1338 2937 ⁹
1356 2926 1420 2948 Vers.
1435 2926 1455 2948 Ji.
1469 2932 1529 2954 seq,;
1543 2926 1572 2947 de
1585 2931 1681 2948 numero
1694 2926 1749 2947 infra
1762 2925 1832 2947 relato
1844 2926 1884 2947 cfr.
1894 2924 1980 2947 ibidem
1994 2931 2016 2947 v.
2026 2925 2046 2947 3.
2059 2924 2111 2947 et7.

1330 2963 1348 2977 ¹⁰
1367 2965 1496 2992 Respicitur
1514 2966 1567 2987 Luc.
1585 2966 1606 2992 2,
1625 2965 1650 2991 8;
1668 2965 1771 2993 sequitur
1789 2964 1803 2986 1.
1821 2964 1880 2986 Petr.
1897 2964 1918 2991 ὃ,
1937 2964 1959 2985 8.

1329 3003 1346 3016 ¹¹
1367 3004 1431 3026 Vers.
1453 3005 1474 3032 1;
1492 3007 1620 3032 sequuntur
1637 3003 1704 3026 Eccli.
1722 3004 1759 3031 31,
1777 3003 1814 3025 31.
1832 3006 1853 3025 et
1870 3003 1937 3025 Prov.
1955 3003 1992 3029 23,
2010 3003 2047 3024 29.
2064 3008 2112 3031 seq.

2133 1031 2235 1058 Parsimonia

2146 1056 2228 1075 victuum.

2155 2068 2219 2086 Contra

2131 2091 2232 2111 ebrietatem
