2243 3348
240 433 318 452 Divisio.

198 712 243 730 Pars
256 712 269 729 l.
284 711 318 729 Re-

196 734 317 758 linquendum

207 759 311 781 peccalum.

206 1130 281 1154 Triplex
293 1135 322 1148 re-

190 1154 272 1173 medium
294 1158 324 1172 ec-

190 1178 227 1197 cati
238 1177 279 1196 simi
288 1177 323 1195 itu-

190 1201 234 1220 dine
241 1200 323 1219 deelara-

189 1226 236 1243 tum.

335 208 391 237 550

413 285 510 314 Dicant
540 292 606 321 ergo
637 282 771 320 Apostoli:
805 283 890 314 Ecce,
922 289 974 309 nos
1006 279 1179 317 reliquimus

336 332 443 361 onznia,
467 332 517 360 Sed
538 338 610 367 quae
631 330 744 358 fuerunt
767 329 833 356 haec
854 327 970 360 omnia,
993 333 1063 363 quae
1085 325 1120 354 ab
1140 324 1180 354 eis

336 382 401 408 sunt
421 378 572 407 derelicta?
593 376 629 404 Ad
652 376 703 404 hoc
728 378 805 408 nota,
826 373 900 410 quod
932 373 984 401 tria
1006 375 1071 401 sunt
1102 371 1180 400 nobis

336 433 398 454 cum
421 424 553 461 Apostolis
575 421 763 458 relinquenda.
785 420 851 449 Nam
877 419 958 448 debet
986 419 1069 447 homo
1098 418 1180 447 relin-

336 479 421 509 quere
444 471 532 507 primo
551 472 713 506 peccatam,
729 475 784 504 quo
807 467 880 495 intus
901 466 992 494 anima
1007 464 1179 498 maculatur;

334 517 454 547 secundo
484 516 564 544 debet
592 515 750 550 relinquere
779 513 940 545 mumlum,
969 519 1025 548 quo
1053 511 1119 539 t'oris
1146 511 1180 539 ad

334 572 404 593 rana
420 562 606 599 pertrahitur;
623 560 703 589 tertio
718 559 799 588 debet
811 559 969 595 relinquere
983 558 1180 594 semetipsum,

334 618 367 639 ne
389 610 415 637 in
438 608 595 645 superbiam
618 607 750 635 elevetur.

412 656 429 683 l.
453 655 526 688 Dico,
542 654 615 691 quod
635 661 698 682 cum
714 652 815 681 sanctis
830 652 963 688 Apostolis
979 652 1068 689 primo
1081 659 1180 688 pecca-

335 707 396 731 tztm
417 706 458 730 est
479 700 701 737 relinquendum,
723 707 779 736 quo
795 699 877 727 homo
893 699 967 727 intus
983 698 1121 733 inficitur;
1139 698 1179 726 ni-

335 750 372 778 hil
395 749 466 777 enim
489 748 574 776 inficit
595 755 642 776 eor
670 747 824 775 humanum
846 745 897 774 nisi
926 748 1085 782 peccatum
1107 745 1181 774 unde

335 799 362 825 et
381 796 487 825 dicebat
510 795 641 823 Dominus
663 793 790 822 Matthaei
819 793 925 821 decimo
953 792 1051 829 quinto
1067 793 1093 820 ¹:
1117 792 1181 820 Non

335 842 412 880 qnod
434 843 524 870 intrat
546 841 577 869 t'n
598 849 629 869 os
650 839 821 877 coinquinat
845 838 1006 872 hominem,
1027 839 1077 867 sect
1105 838 1183 877 qaod

335 889 465 927 procedit
495 897 529 917 cac
551 896 618 921 ore,
648 886 699 915 ltoc
726 886 896 924 coinquinat
924 884 1076 914 hominem.
1101 886 1183 922 Quae

335 940 432 965 antem
452 935 612 973 procedant
632 934 666 962 (Ic
680 940 729 962 ore
742 933 776 962 cte
790 933 876 962 corde
889 936 1003 967 exeunt,
1015 937 1041 961 et
1055 941 1089 961 ca
1104 933 1182 961 coin-

336 983 459 1021 quinant
481 980 633 1009 hominem.
659 981 697 1008 De
718 980 803 1008 corde
818 979 892 1008 enim
914 983 1018 1008 coccunt
1033 979 1182 1017 coyitatt'o-

337 1038 384 1058 nes
406 1028 517 1062 niolae,
547 1027 722 1060 homicidia,
755 1026 904 1055 adulteria
934 1029 985 1055 etc.
1020 1026 1089 1063 Ergo
1119 1029 1183 1055 ante

335 1076 424 1105 onmia
457 1074 636 1111 relinquenda
667 1076 733 1102 sunt
764 1077 890 1110 peccata,
923 1076 954 1101 ut
985 1073 1088 1101 munda
1119 1076 1182 1102 ante

335 1122 426 1150 onmia
446 1122 501 1150 sint
526 1121 616 1149 corda.
645 1121 715 1148 Sunt
740 1124 832 1148 autem
862 1120 1044 1156 relinquenda
1072 1123 1183 1156 peccata

336 1177 385 1206 per
405 1168 503 1197 conns
525 1168 736 1200 contritionem,
759 1174 807 1204 per
829 1167 891 1196 oris
919 1166 1126 1204 confessionem
1155 1170 1182 1196 et

336 1224 384 1253 per
406 1216 502 1252 operis
522 1213 762 1252 satisfactionem.
786 1214 851 1243 Nam
873 1213 985 1251 quando
1007 1214 1105 1250 sagitta
1119 1214 1182 1251 quis

335 1266 375 1292 est
390 1263 562 1294 vulneratus,
578 1270 643 1290 mox
658 1264 721 1290 ante
736 1261 827 1290 onmia
842 1261 915 1289 dolet
931 1260 1068 1294 vulneris;
1088 1264 1182 1298 postea

335 1310 470 1338 medicum
493 1309 622 1337 advenire
643 1308 707 1337 facit
728 1311 755 1337 et
777 1308 814 1336 illi
831 1308 933 1336 vulnus
951 1307 1068 1344 detegit;
1084 1308 1182 1336 ultimo

335 1356 444 1389 dietam,
465 1361 548 1392 quam
570 1355 593 1383 ei
616 1355 741 1391 imponit,
763 1354 888 1383 assumit.
912 1354 942 1382 Et
963 1354 1002 1382 sic
1021 1362 1069 1390 per
1091 1354 1182 1383 onmia

335 1406 375 1432 est
396 1403 423 1431 in
446 1403 560 1430 vulnere
582 1401 718 1438 spirituali
741 1401 909 1435 faciendum,
931 1403 963 1429 ut
984 1401 1074 1438 primo
1100 1401 1182 1429 homo

334 1449 367 1477 de
390 1449 504 1477 vulnere
524 1448 613 1476 doleat
635 1451 662 1476 et
691 1448 827 1484 lacrymas
848 1455 956 1476 amaras
980 1447 1118 1482 effundat3
1140 1455 1182 1476 se-

335 1496 439 1529 cundo,
462 1499 508 1529 ut,
538 1495 673 1523 medicum
701 1495 809 1523 animae
833 1494 985 1528 advocans,
1014 1495 1115 1523 vulnus
1144 1493 1180 1523 illi

335 1542 488 1571 confitendo
518 1542 642 1579 aperiat;
676 1542 757 1570 tertio
788 1549 871 1575 vem,
904 1544 936 1570 ut
967 1541 1181 1578 poenitentiam,

334 1597 416 1626 quam
439 1589 563 1625 imponit,
578 1592 709 1617 assumat.
726 1588 838 1617 Nullum
853 1589 926 1616 enim
942 1592 983 1617 est
998 1592 1052 1617 tam
1068 1596 1182 1617 enorme

333 1636 480 1669 delictum,
502 1635 576 1672 quod
597 1635 765 1672 poenitentia
793 1643 846 1663 non
870 1638 1007 1671 purgetur
1035 1638 1063 1664 et
1092 1635 1182 1664 tribus

334 1683 393 1711 eius
415 1682 467 1710 iam
488 1682 568 1710 dictis
590 1682 715 1719 partibus
737 1689 790 1710 non
814 1681 974 1710 mundetur.
990 1682 1055 1710 Nam
1075 1682 1182 1710 coutri-

335 1729 373 1757 tz'o
385 1733 426 1758 est
437 1729 508 1758 sicut
523 1729 657 1758 medicina
670 1729 813 1766 digestiva,
829 1728 996 1757 maturativa
1010 1732 1037 1757 et
1051 1729 1181 1763 divisiva;

335 1775 486 1813 confessio,
502 1777 574 1805 sicut
597 1776 731 1805 medicina
751 1775 912 1812 expulsiva;
936 1774 983 1804 sed
1004 1775 1181 1813 satisfactio,

335 1824 406 1852 sicut
427 1823 561 1852 medicina
582 1823 738 1860 reparativa
753 1826 780 1852 et
801 1823 834 1852 ad
848 1827 952 1852 statum
974 1824 1122 1861 pristinum
1138 1831 1182 1853 re—

335 1870 453 1898 ductiva.
469 1870 543 1899 Unde
558 1870 729 1907 Augustinus
741 1870 751 1886 Ξ
773 1870 853 1899 dicit:
875 1871 1074 1908 Quaecumque
1089 1877 1182 1900 neces-

335 1917 400 1945 sitas
421 1919 592 1954 peccatorem
613 1916 648 1945 ad
669 1917 865 1954 poenitentiam
893 1920 987 1955 cogat,
1016 1925 1107 1955 neque
1128 1918 1182 1947 cri-

337 1964 417 1992 minis
444 1963 583 2001 quantitas
611 1969 701 2001 neque
729 1965 863 2001 temporis
890 1965 1012 1994 brevitas
1040 1972 1089 1994 nec
1110 1965 1182 1994 vitae

334 2011 484 2039 enormitas
512 2017 601 2048 neque
622 2011 736 2040 ultimae
758 2012 843 2041 horae
869 2012 1033 2041 extremitas
1057 2012 1182 2041 excludit

335 2066 351 2086 a
372 2058 466 2092 venia,
487 2058 509 2086 si
535 2058 656 2095 perfecta
677 2058 738 2087 eius
764 2058 850 2087 fuerit
876 2059 993 2088 mutatio
1014 2060 1180 2094 voluntatis;

335 2104 381 2133 sed
403 2104 429 2132 in
452 2105 634 2141 amplissimos
655 2105 733 2134 sinus
748 2108 836 2134 mater
849 2106 951 2134 caritas
964 2106 1037 2135 filios
1050 2106 1180 2144 prodigos

335 2152 449 2188 suscipit
463 2155 642 2181 revertentes.
660 2152 738 2189 Ergo,
752 2152 863 2186 fratres,
878 2153 1007 2190 exemplo
1021 2157 1181 2183 sanctorum

335 2199 534 2235 Apostolorum,
555 2199 603 2236 qui
625 2199 715 2236 primo
735 2199 900 2228 dimiserunt
922 2200 987 2228 vitia
1007 2201 1099 2229 omnia
1125 2204 1181 2229 tam

335 2245 489 2282 spiritualia
516 2253 599 2283 quam
624 2245 763 2280 carnalia,
791 2246 964 2275 dimittamus
992 2250 1020 2275 et
1039 2254 1091 2276 nos
1113 2254 1182 2276 vana

335 2293 435 2326 omnia,
456 2293 549 2321 onmia
569 2292 677 2322 animae
699 2293 816 2328 inimica,
842 2294 935 2322 omnia
954 2300 1005 2323 nos
1026 2301 1042 2322 a
1064 2295 1118 2323 Deo
1139 2302 1182 2323 se—

336 2339 469 2375 parantia,
492 2347 557 2368 vera
577 2340 641 2368 vita.
664 2340 729 2368 Nam
751 2340 786 2369 de
811 2341 863 2369 hac
883 2344 1061 2377 peccatorum
1082 2341 1182 2370 dereli-

336 2385 424 2414 ctione
454 2386 664 2415 Proverbiorum
687 2387 818 2424 vigesimo
838 2391 935 2416 octavo
949 2387 960 2404 ³
985 2387 1101 2416 dicitur:
1125 2388 1183 2424 Qui

337 2430 486 2461 abscondit
511 2433 620 2462 scelera
643 2442 701 2462 saa
728 2442 787 2462 non
811 2434 974 2471 dirmetum
1002 2435 1055 2472 qui
1084 2439 1181 2463 autc-m

338 2477 485 2515 confessus
515 2478 605 2516 fuerit
640 2484 664 2508 et
695 2480 844 2518 reliquerit
877 2489 911 2509 ca
946 2481 1182 2509 misericordiam

338 2529 533 2562 consequetur.
570 2527 674 2555 «Sicut
701 2527 773 2556 enim
801 2528 970 2564 impossibile
994 2531 1051 2562 est,
1082 2528 1183 2556 vulnus

338 2571 429 2599 curari
458 2572 501 2600 vel
528 2573 617 2601 sanari
643 2581 740 2610 posse,
769 2574 791 2603 si
820 2577 946 2603 teneatur
974 2575 1181 2609 absconditum;

339 2617 376 2646 sic
398 2621 556 2654 peccatum,
578 2619 599 2647 si
621 2628 676 2648 non
705 2620 839 2650 sacerdoti
867 2618 952 2650 fuerit
976 2620 1130 2650 confessum
1147 2633 1180 2655 »ς

1007 201 1181 231 SERMONES
1201 202 1244 230 DE
1266 201 1407 230 SANCTIS.

1237 278 1427 307 Bernai=d11s⁴.
1452 277 1591 315 Confitere
1612 282 1754 315 peccatum
1780 282 1876 313 tuum,
1904 288 1939 308 nc
1964 279 2084 308 abscon-

1236 325 1309 357 dam
1330 324 1396 361 quia
1421 336 1434 350 (ι
1449 325 1470 353 si
1493 332 1605 361 operam
1621 325 1782 354 medicantis
1802 328 1956 362 exspectas,
1974 333 2084 355 necesse

1236 374 1286 405 est,
1308 374 1339 400 ut
1362 371 1463 400 vulnus
1477 371 1588 408 detegas
1609 374 1688 400 tuum
1704 382 1731 399 n.
1755 371 1917 409 Exemplum
1941 373 2021 407 Petri,
2036 372 2083 410 qui

1237 420 1298 454 post
1312 417 1483 454 negationem
1500 418 1633 454 poenituit
1647 421 1674 447 et
1689 418 1877 447 amarissime
1886 418 1963 455 flevit
1973 419 1993 447 ⁵.
2010 419 2084 454 nem,

1238 464 1328 497 Pauli,
1354 464 1400 501 qui
1430 468 1491 501 post
1523 465 1609 493 multa
1639 465 1725 499 mala,
1757 473 1828 502 quae
1855 465 2017 495 Christianis
2045 466 2085 495 in-

1239 510 1314 545 tulit,
1336 511 1414 539 valde
1436 511 1523 539 nmlta
1544 514 1681 540 tormenta
1707 512 1834 548 portavit.
1857 512 2023 549 lmpossihile
2045 516 2086 542 est

1237 557 1309 586 enim
1332 557 1435 586 homini
1459 560 1520 594 post
1542 561 1683 595 peccatum
1705 566 1785 595 posse
1807 559 1923 588 caeleste
1944 560 2085 596 suscipere

1239 612 1365 641 regnum,
1387 604 1436 633 nisi
1461 605 1597 642 poeniteat.
1618 609 1679 642 post
1700 606 1839 635 delictum.
1862 606 1913 635 Sed
1932 607 2086 636 obstinatus

1238 651 1391 680 trahendus
1412 655 1453 680 est
1474 652 1506 680 ad
1523 652 1676 687 internum,
1691 653 1739 681 ubi
1755 653 1811 681 erit
1830 652 1914 690 fletus
1935 657 1961 682 et
1973 654 2085 683 stridor

1238 696 1367 726 {lentium
1382 698 1404 731 ⁶,
1427 706 1479 726 non
1503 706 1552 735 per
1571 706 1674 727 annum
1697 699 1739 727 vel
1755 706 1804 735 per
1826 699 1910 727 millia
1930 707 2085 733 annorum,

1238 744 1285 773 sed
1308 752 1356 781 per
1378 745 1483 773 infinita
1505 745 1614 774 saecula
1635 746 1819 774 saeculorum.

1318 791 1346 819 ll.
1369 792 1494 820 Secundo
1508 799 1571 820 cuin
1587 792 1689 821 sanctis
1703 792 1836 829 Apostolis
1850 793 1982 822 debemus
2003 793 2086 822 relin—

1238 846 1326 875 quere
1347 839 1508 872 mundum,
1531 847 1587 876 quo
1614 839 1647 868 ad
1670 847 1740 868 vana
1771 839 1974 876 pertrahimur,
2002 840 2086 870 immo

1240 885 1361 914 mundus
1392 893 1454 914 cum
1477 886 1621 920 omnihus,
1644 894 1715 923 quae
1737 890 1802 915 sunt
1823 887 1849 915 in
1872 894 1920 921 eo,
1941 890 1983 916 est
2004 887 2086 916 relin-

1239 932 1383 969 quendus,
1405 941 1458 961 non
1480 933 1569 962 solum
1591 933 1724 961 exteriori
1746 933 1827 968 facie,
1849 934 1896 962 sed
1918 934 2009 971 potius
2030 937 2087 963 toto

1239 980 1330 1008 corde.
1354 979 1455 1013 Nolite,
1472 980 1561 1017 inquit
1577 980 1689 1009 loannes
1704 980 1731 1008 in
1747 980 1836 1017 prima
1850 980 1987 1010 Canonica
2005 989 2055 1010 sua
2067 981 2086 1016 ⁷,

1239 1025 1358 1063 diligere
1379 1027 1525 1055 anundum
1546 1034 1636 1064 neque
1660 1035 1695 1055 ca
1716 1035 1791 1065 quae
1819 1027 1850 1056 in
1872 1027 1981 1056 mando
2008 1032 2085 1056 sunt.

1242 1073 1331 1101 Onme
1351 1074 1438 1107 enim,
1459 1073 1558 1110 inquit,
1573 1074 1650 1112 quod
1663 1077 1706 1102 cst
1726 1074 1756 1103 z'n
1771 1074 1892 1108 nnmdo,
1903 1077 1952 1103 aut
1966 1078 2007 1103 cst
2021 1083 2087 1104 con-

1239 1120 1419 1157 cupiscentia
1440 1120 1560 1154 carnis,
1582 1123 1631 1149 aut
1652 1121 1888 1158 concupiscentia
1916 1121 2085 1156 oculorum,

1239 1171 1288 1195 aut
1306 1167 1447 1204 superbia
1468 1167 1551 1195 vitae.
1576 1168 1610 1195 Et
1630 1168 1776 1202 mundus,
1799 1168 1904 1205 inquit,
1933 1169 2041 1197 transit
2062 1173 2086 1197 et

1239 1214 1474 1250 eoncupiscentia
1495 1214 1566 1242 cias.
1591 1214 1660 1251 Ergo
1682 1218 1747 1243 sunt
1777 1215 1958 1252 relinquenda
1978 1215 2085 1250 onmia,

1240 1269 1292 1289 non
1315 1264 1422 1290 tantuin
1444 1269 1536 1298 opere,
1558 1262 1605 1290 sed
1620 1262 1755 1297 corde‚ut
1770 1270 1823 1291 non
1839 1263 1928 1291 solum
1949 1266 2086 1300 tempora-

1240 1308 1275 1336 lia
1296 1315 1349 1336 non
1378 1315 1562 1345 quaeramus,
1585 1308 1632 1337 sed
1654 1317 1704 1337 nec
1725 1317 1757 1337 ea
1778 1309 1861 1338 corde
1881 1317 2014 1338 amemus.
2044 1310 2086 1339 Sic

1239 1355 1310 1383 enim
1334 1355 1361 1383 hi
1383 1355 1468 1384 sancti
1492 1356 1609 1392 Apostoli
1638 1356 1730 1385 omnia
1751 1357 1934 1393 reliquerunt.
1960 1357 2087 1386 Sciebant

1239 1402 1321 1436 enim,
1344 1401 1417 1439 quod
1439 1401 1579 1431 Christum
1602 1410 1754 1440 pauperem
1777 1403 1854 1440 sequi
1883 1412 1936 1432 non
1960 1407 2086 1441 poterant

1239 1449 1354 1477 onerati.
1376 1449 1433 1477 Non
1456 1449 1527 1477 enim
1549 1449 1657 1486 aequali
1680 1457 1763 1487 passu
1778 1451 1867 1479 currit
1888 1451 2010 1480 camelus
2024 1459 2087 1480 one-

1240 1499 1318 1524 ratus
1331 1498 1359 1524 et
1375 1503 1487 1524 vacuus.
1504 1496 1596 1530 Simia,
1619 1496 1739 1525 filiorum
1755 1497 1877 1533 pondere
1892 1505 1995 1534 pressa,
2009 1506 2026 1526 a
2041 1505 2086 1527 ve—

1240 1542 1384 1571 natoribus
1404 1542 1522 1579 capitur,
1544 1551 1615 1580 quae
1637 1543 1695 1572 sine
1717 1544 1780 1572 siliis
1801 1544 1914 1573 minime
1935 1548 2086 1574 teneretur.

1239 1589 1311 1618 Dum
1332 1590 1404 1618 enim
1430 1593 1587 1619 venatorem
1610 1590 1701 1625 sentit,
1724 1591 1802 1625 tilios,
1824 1599 1895 1628 quos
1909 1592 1980 1620 miro
1994 1599 2087 1621 amore

1239 1636 1336 1673 diligit,
1358 1644 1445 1665 unum
1469 1637 1519 1665 sihi
1542 1637 1568 1665 in
1592 1637 1722 1672 brachiis,
1743 1638 1861 1667 alterum
1884 1647 1968 1676 super
1990 1648 2019 1668 se
2040 1647 2088 1677 po—

1239 1684 1295 1717 nit;
1316 1691 1404 1721 quare
1425 1692 1460 1713 ex
1481 1684 1669 1721 magnitudine
1684 1685 1813 1722 ponderis
1827 1689 1990 1715 venatorum
2006 1694 2087 1715 canes

1239 1738 1293 1759 non
1316 1731 1419 1768 effugit.
1436 1731 1477 1759 Oh
1500 1732 1569 1760 hanc
1584 1738 1695 1760 causam
1711 1739 1820 1766 cervus,
1842 1740 1905 1761 cum
1920 1733 2087 1770 pinguedine

1241 1777 1326 1805 nimia
1348 1780 1493 1814 gravatum
1516 1785 1545 1806 so
1566 1778 1657 1812 sentit,
1673 1778 1710 1807 ita
1725 1781 1756 1807 ut
1771 1786 1853 1808 canes
1874 1779 1943 1808 hene
1965 1780 2087 1817 effugere

1240 1832 1294 1852 non
1309 1825 1403 1861 possit,
1418 1824 1452 1853 de
1466 1825 1510 1853 die
1524 1825 1557 1853 ad
1574 1824 1674 1861 pabula
1689 1833 1742 1854 non
1759 1826 1891 1862 procedit,
1906 1826 1953 1855 sed
1969 1826 2087 1855 latebras

1239 1871 1356 1908 quaerit..
1380 1887 1416 1891 —
1438 1872 1508 1900 Haec
1528 1871 1701 1901 attendentes
1721 1872 1807 1901 sancti
1830 1873 1957 1909 Apostoli,
1972 1877 2004 1902 ut
2026 1881 2087 1910 pos-

1239 1921 1300 1947 sent
1311 1918 1431 1955 perfecte
1447 1919 1593 1947 Dominum
1610 1927 1759 1956 pauperem
1775 1920 1863 1957 sequi,
1879 1920 2003 1949 omnium
2019 1924 2086 1950 tem-

1240 1965 1376 2002 poralium
1398 1973 1484 1994 onera
1503 1966 1677 2000 abiecerunt,
1700 1970 1727 1995 et
1747 1966 1808 1995 ideo
1829 1967 1907 2004 quasi
1929 1967 2033 1996 cursim
2053 1968 2087 1997 ad

1239 2020 1379 2041 summum
1401 2013 1540 2042 caelorum
1564 2013 1660 2042 leviter
1689 2014 1905 2043 transvolarunt.
1925 2015 2002 2044 'Unde
2023 2016 2087 2044 Ber-

1239 2058 1344 2088 nardus
1358 2059 1378 2094 ⁸,
1402 2060 1517 2097 loquens
1544 2059 1578 2089 de
1601 2060 1695 2095 Petro,
1717 2061 1771 2090 ait:
1800 2072 1813 2086 «
1829 2061 1915 2096 Bene,
1938 2062 2031 2097 Petre,
2060 2066 2087 2092 et

1239 2114 1294 2135 non
1326 2106 1357 2135 ad
1390 2106 1573 2143 insipientiam
1604 2107 1668 2141 tibi,
1690 2107 1781 2136 onmia
1804 2108 1955 2145 reliquisti;
1981 2109 2086 2138 sciebas

1239 2153 1321 2187 enim,
1344 2153 1416 2190 quod
1439 2157 1570 2182 oneratus
1591 2154 1669 2191 sequi
1692 2163 1745 2183 non
1770 2159 1919 2191 poteras».
1948 2155 2086 2185 Oneratns

1240 2200 1287 2228 vix
1309 2208 1358 2237 per
1374 2203 1476 2229 terram
1499 2201 1587 2235 vadit;
1610 2202 1748 2238 quomodo
1762 2202 1788 2230 in
1812 2203 1918 2231 caelum
1938 2203 2086 2232 ascendere

1239 2247 1359 2284 poterit?
1382 2247 1419 2276 De
1441 2248 1492 2276 hac
1514 2248 1599 2284 igitur
1620 2248 1797 2278 derelictione
1818 2250 1926 2279 dicebat
1953 2251 2086 2280 Dominus

1238 2294 1372 2331 Apostolis
1392 2294 1473 2323 Marci
1495 2295 1616 2323 decimo:
1640 2296 1748 2330 Arnen,
1770 2296 1876 2334 inquit,
1902 2298 1965 2326 dz'co
1990 2297 2084 2332 vehite,

1238 2349 1320 2369 nemo
1341 2344 1396 2375 est,
1419 2341 1471 2379 qni
1484 2341 1633 2380 reliquerit
1654 2343 1787 2377 domuin,
1809 2347 1863 2372 aut
1883 2343 2011 2382 fratre&
2033 2350 2086 2374 aut

1238 2395 1364 2422 sorores,
1386 2392 1438 2416 aut
1458 2392 1591 2425 patrem,
1613 2393 1669 2418 ant
1688 2393 1823 2424 matrem,
1846 2395 1900 2419 aut
1919 2391 2011 2428 filios,
2034 2396 2086 2420 aut

1238 2442 1328 2471 aoros
1347 2439 1467 2472 propter
1488 2443 1532 2464 nte
1553 2440 1578 2464 et
1596 2440 1717 2473 propter
1740 2438 1941 2475 Evanyetium,
1963 2438 2016 2477 qut
2028 2447 2086 2467 non

1239 2482 1367 2518 accipiat
1380 2482 1483 2511 centies
1498 2486 1612 2511 tantum
1627 2492 1706 2512 nunc
1721 2484 1752 2512 z'n
1768 2489 1892 2522 tempore
1906 2484 1973 2514 ltoc:
1986 2485 2086 2514 domos

1239 2532 1263 2556 et
1283 2527 1397 2565 fratres
1424 2533 1449 2557 et
1475 2538 1590 2558 sorores
1618 2534 1643 2558 ct
1664 2535 1773 2559 matres
1798 2536 1824 2560 et
1847 2532 1924 2568 [ilios
1950 2536 1976 2561 et
1996 2541 2086 2569 (tyro-s·

1239 2584 1307 2604 cunt
1331 2577 1583 2613 persecutionibus
1610 2582 1634 2606 ct
1662 2578 1691 2607 z'n
1717 2579 1833 2608 saecuto
1860 2578 1965 2617 futuro
1993 2580 2084 2609 vitam

1238 2625 1396 2651 aeternam.
1419 2622 1529 2660 Optima
1550 2625 1695 2653 mercatio!
1718 2625 1784 2654 dare
1805 2634 1892 2655 unum
1916 2629 1943 2655 et
1961 2627 2085 2664 accipere

401 2756 409 2769 ⁸
428 2758 492 2781 vers.
510 2759 547 2781 itt,
566 2760 603 2782 ¹¹8.
616 2763 685 2790 seqq.

398 2795 472 2820 11’(ὶῐικ
488 2797 548 2820 Libr.
565 2799 595 2820 de
612 2803 666 2822 vera
680 2802 706 2822 ⁴et
721 2801 776 2824 falsa
792 2802 932 2830 poenitentia
958 2803 1026 2831 (inter
1048 2809 1120 2832 opera
1138 2804 1181 2826 Au-
1206 2814 1207 2818 =

336 2836 417 2864 guse),
434 2836 488 2859 o.3.
506 2840 528 2859 n.
542 2834 598 2860 ‘aet
609 2841 628 2860 cb
640 2838 696 2861 ὅρη.
708 2837 781 2862 llaet
802 2841 840 2869 tss;
851 2842 981 2870 sazema-gis
997 2843 1092 2871 proprie
1103 2849 1181 2865 occur-

337 2874 367 2895 rit
380 2875 429 2896 *hec
442 2876 507 2902 apud
519 2875 726 2906 Cimrsostumirm,
738 2879 758 2900 11,
775 2879 805 2901 ad
823 2880 939 2903 Theonoe.
956 2882 1046 2909 lapsum
1061 2886 1086 2904 n.
1105 2883 1125 2904 6.

402 2912 411 2925 “
427 2913 493 2937 vers.
508 2915 548 2937 ι118.

377 2973 379 2975 .
402 2951 411 2963 ⁴
429 2951 473 2974 Csr.
490 2954 563 2976 Serm.
584 2955 618 2977 16.
635 2955 657 2977 in
674 2955 738 2978 Cant.
754 2963 776 2979 n.
794 2959 820 2985 83
846 2958 875 2981 (le
899 2959 999 2982 luteriori
1022 2961 1096 2983 Domo
1114 2960 1182 2989 (inter

339 2993 411 3018 opera
429 2990 554 3021 Bernard.)‚
568 2994 637 3016 c.21.
653 3001 675 3017 n.
693 2995 730 3018 43.
747 2999 768 3018 et
786 2997 859 3019 Serui.
876 2998 898 3020 in
917 2998 1007 3021 Domin.
1025 3000 1122 3023 Palmar.
1140 3000 1182 3029 (in-

1238 2768 1272 2787 ter
1288 2771 1358 2793 opera
1377 2766 1495 2795 Bernard.)
1511 2773 1535 2789 sn.
1555 2766 1575 2788 4.
1593 2778 1623 2783 —
1640 2768 1773 2796 Sequuntur
1793 2768 1837 2790 los.
1859 2768 1881 2797 7,
1904 2768 1940 2791 l9.
1956 2771 1979 2791 et
2000 2769 2085 2797 Boeth„

1236 2805 1254 2826 .1..
1270 2804 1301 2827 dfe
1317 2804 1432 2827 consolat.
1449 2806 1503 2834 phil.
1522 2811 1590 2834 prosa
1606 2805 1629 2828 4.

1301 2842 1311 2856 ⁵
1328 2843 1405 2866 Matrn.
1422 2845 1464 2873 26,
1481 2844 1519 2867 7-5.
1539 2848 1562 2867 et
1583 2845 1667 2868 deinde
1689 2846 1810 2874 respicitur
1826 2847 1874 2869 Act.
1892 2847 1919 2874 9,
1937 2847 1959 2870 Ξ.
1976 2853 2042 2876 seqq.
2064 2850 2086 2870 et

1238 2884 1342 2912 sequitur
1361 2884 1384 2905 ll.
1401 2884 1453 2906 Cor.
1474 2885 1507 2906 ll.
1526 2885 1563 2907 26.
1579 2890 1645 2914 seqq.
1894 2885 1903 2898 Β
1920 2887 1975 2909 Luc.
1996 2887 2029 2915 13,
2048 2887 2084 2909 28.

1301 2921 1309 2934 ⁷
1328 2922 1384 2950 cap.
1403 2924 1424 2950 -2,
1446 2923 1478 2945 15.
1502 2924 1535 2946 14.
1558 2924 1591 2946 16.
1611 2925 1646 2946 Π.

1301 2960 1311 2973 ⁸
1328 2962 1453 2985 Declamat.
1471 2963 1538 2991 (inter
1554 2970 1624 2992 opera
1644 2964 1768 2993 Bernerd.),
1786 2971 1805 2987 c.
1823 2966 1845 2987 2.

1239 3001 1306 3024 Marc.
1323 3002 1361 3029 ·›l0,
1379 3002 1416 3024 29.
1434 3008 1482 3031 seq.

1863 2971 1885 2987 n.
1902 2966 1923 2988 2.
1935 2977 1966 2982 —
1978 2965 2085 2994 Sequitur

2103 799 2148 818 Pars
2159 799 2179 819 ll.
2192 800 2228 821 lte.

2107 822 2212 866 ”atttt‘ir
2227 823 2228 832 ¹

2105 1455 2210 1476 Similitudi-

2110 1878 2215 1901 Exemplum

2115 1902 2210 1926 Apostolo-

2138 1930 2185 1944 rum.
