2243 3348
0 1014 5 1027 ι
35 1007 73 1030 ‚de

0 1064 5 1082 ¹.
35 1055 77 1073 tiam

0 1108 2 1119 ι
32 1092 68 1120 1m¹0

0 1662 59 1684 misci

0 1686 16 1707 1
21 1692 48 1705 as.

8 1991 26 2010 ‘a
38 1991 69 2010 fri-

7 2038 9 2040 *
16 2015 78 2034 :oi-da:

578 132 620 160 DE
642 132 667 160 S.
691 132 793 160 PATRE
814 132 946 161 NOSTRO
969 133 1154 162 FRANClSCO.
1177 134 1286 163 SERMO
1308 135 1349 162 lv.

94 207 240 245 aliquando
260 208 293 237 de
315 208 402 242 nobis,
425 209 446 237 si
468 209 566 238 videtis
586 209 733 246 aliquando
754 210 874 247 aliquem
902 218 938 239 ex

95 254 171 283 nobis
191 255 359 291 superbum;
382 259 456 284 certe
477 255 564 284 multo
579 256 665 293 magis
682 256 807 293 displicet
829 257 892 285 Deo.
911 256 937 285 Si

94 300 177 337 igitur
197 308 269 329 crux
292 301 392 330 Christi
421 305 463 330 est
484 302 672 338 principaliter
694 303 803 339 signum
827 303 938 331 humili-

94 347 165 381 tatis,
181 347 253 384 quod
276 351 365 384 patet;
380 348 444 376 audi
459 348 634 385 Apostolum:
650 349 826 378 Humiliavit
839 353 937 378 semet-

92 394 199 431 ipsum,
214 393 314 431 factu-s·
332 394 462 423 obediens
483 403 575 433 usque
595 395 635 423 act
656 399 794 429 mortem,
815 400 937 424 mortem

92 444 188 469 autem
209 441 324 474 ci·ueis;
346 449 418 469 crux
437 441 509 469 enim
531 441 632 469 Christi
655 441 763 478 signum
785 446 827 471 est
845 443 937 471 humi—

94 487 174 516 litatis
193 495 318 516 summae
339 490 366 516 et
387 487 578 521 vilificationis,
600 488 647 524 qui
663 491 770 516 tantum
787 497 837 525 pro
858 489 937 518 nobis

92 533 253 562 humiliatus
274 533 326 562 fuit
347 534 374 562 in
396 542 479 562 cruce
500 537 528 562 et
548 534 711 568 vilificatus;
733 538 760 563 et
781 535 841 564 ideo
862 536 890 564 in
904 544 936 564 eo

91 580 185 609 debuit
206 581 342 615 collocari⁷
358 581 404 617 qui
429 581 525 609 habuit
539 589 676 609 summam
699 582 893 616 humilitatem,
908 583 935 611 in

91 627 170 656 beato
190 627 348 661 Fraucisco,
371 627 417 664 qui
448 627 634 656 humillimum
661 631 688 656 et
717 628 878 657 vilissimum
907 637 936 658 se

92 673 244 711 reputabat.
270 674 327 710 lpse
348 674 421 702 enim
443 674 550 703 dicebat
575 675 690 703 Domino
715 674 741 702 in
764 675 936 704 orationibus

90 720 162 749 suis:
189 732 202 745 «
218 720 239 749 O
264 721 393 749 Domine!
416 729 503 758 quare
518 721 671 758 imposuisti
695 721 761 749 mihi
777 729 847 750 onus
862 722 935 751 istud

90 770 117 795 et
137 775 221 804 super
244 775 302 801 mc;
324 767 410 796 fecisti
433 775 476 796 me
497 771 580 804 caput
601 768 681 796 istius
710 768 863 805 Religionis,
893 777 935 797 me

90 814 241 851 simplicem
262 817 290 842 et
311 814 422 842 idiotam
437 818 464 843 et
484 814 644 851 despectum
659 817 692 842 »?
718 826 731 839 «
746 815 782 843 Ad
804 815 857 844 hoc
871 823 935 844 con-

90 860 175 895 stitui,
198 863 229 889 ut
250 868 321 897 quae
339 861 364 889 in
388 864 414 890 te
435 861 526 890 fecero
544 869 598 890 non
621 862 758 890 humanae
773 861 935 896 industriae,

89 907 135 936 sed
156 908 261 945 gratiae
282 915 358 937 meae
378 908 554 937 ascribantur
568 920 595 936 n.

167 954 293 983 Secundo
314 954 523 983 commendatur
544 955 650 984 caelum
669 959 804 992 quantum
821 956 854 984 ad
869 964 935 984 eon-

90 1000 257 1036 tineiuiam,
278 1001 343 1038 quia
365 1001 447 1030 habet
467 1001 599 1038 amplum
618 1002 828 1036 continentiam3
844 1003 935 1031 omnia

89 1047 160 1076 enim
182 1047 311 1076 continet.
335 1048 365 1076 Et
386 1048 424 1076 sic
448 1048 500 1077 fuit
521 1047 635 1076 caelum
656 1048 753 1077 beatus
773 1048 935 1077 Franciscus

90 1094 257 1131 plenitudine
279 1095 416 1128 caritatis,
439 1103 510 1132 quae
531 1095 564 1124 ad
585 1103 681 1124 omnes
702 1103 731 1124 se
751 1095 891 1130 extendit;
906 1096 934 1124 in

88 1141 276 1171 EcclesiastiCo
291 1143 316 1170 ¹:
342 1142 458 1180 Gyrum
479 1142 553 1171 caeli
569 1142 695 1171 circuivi
714 1142 786 1171 sola.
809 1143 839 1171 Et
861 1143 935 1171 circa

90 1189 140 1217 hoc
161 1192 249 1225 potest
269 1189 321 1218 dici
344 1189 470 1223 caritas,
493 1192 520 1218 et
540 1197 611 1226 quae
633 1192 674 1218 est
696 1189 722 1217 in
745 1190 801 1218 Deo
822 1193 848 1218 et
863 1197 934 1226 quae

88 1239 129 1264 est
150 1236 176 1264 in
198 1236 286 1268 nobis,
308 1236 438 1273 quoniam
454 1237 512 1273 ipsa
527 1237 634 1265 circuit
648 1237 771 1271 caelum,
794 1238 859 1274 quia
874 1245 934 1266 cae-

89 1283 145 1311 lum
167 1286 208 1312 est
222 1283 390 1312 continentia
404 1283 569 1312 universalis
584 1284 717 1318 omnium,
732 1288 759 1313 et
774 1287 864 1313 tamen
879 1293 933 1313 non

88 1330 212 1358 habitant
233 1330 260 1358 in
282 1330 357 1359 caelo
379 1330 429 1359 nisi
453 1330 531 1364 boni3
555 1331 594 1359 sic
615 1331 714 1360 caritas
735 1331 822 1368 diligit
843 1332 934 1360 omnia

87 1384 123 1405 ex
145 1377 258 1406 caritate
279 1377 430 1414 diligenda,
459 1381 487 1406 et
508 1381 598 1406 tamen
619 1386 672 1406 non
703 1378 808 1406 habitat
833 1378 883 1407 nisi
906 1378 932 1406 in

88 1424 174 1452 bonis.
196 1424 302 1452 Caritas
323 1424 394 1453 enim
427 1424 505 1458 fecit,
538 1425 612 1461 quod
640 1425 773 1453 Divinitas
804 1425 933 1453 uniretur

89 1471 174 1505 carni,
189 1471 261 1508 quod
275 1471 402 1500 Christus
417 1479 446 1500 se
462 1472 621 1500 humiliaret
636 1475 663 1500 et
677 1472 826 1500 subiiceret
842 1472 932 1500 morti.

93 1518 160 1546 Vide
180 1526 286 1546 areum
308 1522 332 1547 et
355 1518 468 1547 benedic
489 1527 555 1547 eum
586 1519 639 1557 qui
657 1518 724 1556 fecit
746 1519 837 1547 illum.
867 1519 934 1555 Quis

87 1568 127 1593 est
149 1565 199 1593 iste
225 1573 307 1593 arcus
328 1565 378 1594 nisi
401 1573 474 1594 crux
496 1566 618 1594 Christi?
640 1566 711 1603 Ergo
742 1566 769 1594 in
791 1566 851 1595 viro
873 1568 934 1595 cae-

88 1611 156 1645 lesti,
178 1612 204 1640 in
228 1606 287 1648 quo'
304 1611 356 1640 fuit
371 1612 493 1640 dilatatio
508 1612 638 1646 caritatis,
657 1612 752 1641 debuit
767 1621 839 1641 crux
854 1613 933 1641 Chri-

86 1659 119 1687 sti
142 1658 214 1695 poni,
236 1659 263 1687 in
285 1658 365 1687 beato
383 1659 534 1688 Francisco.
552 1659 609 1696 lpse
630 1660 702 1688 enim
716 1660 813 1688 habuit
836 1660 932 1689 latissi-

86 1713 157 1734 mam
179 1705 320 1734 caritatem
342 1705 375 1734 ad
397 1713 500 1734 omnes.
522 1706 627 1734 Caritas
648 1707 719 1735 enim
753 1707 932 1736 libentissime

85 1759 114 1781 se
135 1752 295 1789 impertitur
317 1761 367 1789 pro
389 1753 588 1789 peccatoribus.
611 1753 663 1789 Ipsi
684 1756 776 1782 autem
799 1762 852 1782 non
875 1753 931 1782 suf-

85 1798 148 1827 fecit
169 1799 329 1836 praedicare
351 1799 513 1828 Christianis
534 1803 561 1829 et
582 1800 718 1839 fidelibus,
734 1800 781 1829 uhi
803 1800 872 1829 bene
887 1808 930 1829 re-

85 1846 238 1883 cipiebatur
259 1850 286 1875 et
306 1847 423 1875 libenter
450 1845 625 1881 audiebatur,
654 1847 701 1876 sed
723 1847 770 1876 ivit
796 1847 830 1876 ad
852 1848 930 1876 Sara-

85 1900 175 1928 cenos,
197 1896 228 1922 ut
249 1894 288 1923 cis
310 1894 497 1930 praedicaret,
518 1897 550 1922 ut
578 1895 616 1922 sic
638 1894 758 1928 videret,
781 1895 802 1923 si
831 1895 931 1932 aliquis

85 1940 245 1977 sanguinem
261 1940 343 1976 (eius)
360 1940 440 1968 vellet
455 1940 570 1969 fundere
588 1943 615 1969 et
629 1948 693 1969 eum
712 1948 763 1977 pro
777 1941 831 1969 fide
852 1940 930 1969 Chri-

86 1987 119 2015 sti
140 1987 273 2016 occidere.
288 2004 327 2007 —
342 1987 393 2016 Sed
414 1987 553 2024 quomodo
568 1987 703 2016 habemus
717 1995 767 2016 nos
781 1987 874 2016 miseri
894 1987 930 2016 ita

86 2033 184 2071 frigida
204 2035 296 2069 corda,
311 2038 343 2063 ut
362 2035 430 2063 nihil
446 2043 496 2071 pro
511 2035 626 2063 Domino
641 2035 779 2064 sustinere
794 2035 930 2064 velimus?

86 2080 142 2109 Non
164 2081 261 2110 ardent
282 2089 332 2110 nec
352 2081 460 2110 fervent
486 2081 568 2110 corda
596 2085 690 2110 nostra
711 2081 863 2111 dilectione.
879 2081 930 2111 Sed

85 2127 222 2164 quomodo
237 2128 311 2157 calor
326 2131 368 2157 est
382 2136 437 2157 una
457 2128 491 2157 de
512 2128 728 2165 proprietatibus
743 2129 846 2163 cordis,
862 2133 889 2158 et
902 2130 930 2158 in

85 2182 140 2210 quo
167 2178 208 2203 est
233 2175 320 2203 maior
348 2175 423 2204 calor
451 2175 525 2204 circa
552 2183 609 2209 cor,
630 2175 690 2204 eius
721 2179 786 2204 sunt
816 2176 931 2205 fortiora

85 2228 168 2257 opera
189 2222 324 2259 etmagis
345 2222 484 2250 virtuosa:
506 2222 544 2250 sic
566 2222 613 2259 qui
636 2222 719 2251 habet
750 2223 868 2251 calorem
890 2223 931 2252 di-

85 2267 208 2297 lectionis
228 2269 286 2297 sive
307 2269 429 2297 caritatis
449 2269 475 2297 in
492 2269 574 2298 corde
595 2277 631 2298 ex
646 2277 675 2298 se
690 2269 749 2306 ipso
770 2273 860 2306 potest
874 2278 931 2298 ma-

85 2314 126 2351 gis
146 2315 270 2344 virtuosa
291 2323 376 2352 opera
396 2323 537 2344 exercere.
553 2316 600 2344 Vis
621 2319 651 2344 tu
670 2316 831 2352 imprimere
852 2316 931 2345 Chri-

86 2364 158 2391 stum
182 2363 349 2391 crucifixum
373 2363 400 2391 in
428 2363 511 2392 corde
531 2366 599 2391 tuo?
621 2363 649 2391 ln
670 2371 699 2392 se
725 2364 814 2400 ipsum
838 2364 879 2392 vis
900 2367 930 2392 tu

86 2409 284 2438 transformare
306 2413 348 2444 te,
371 2410 396 2438 in
426 2413 561 2447 quantum
584 2410 680 2439 ardeas
701 2411 835 2440 caritate?
855 2411 932 2440 Sicut

86 2459 126 2484 est
147 2456 180 2485 de
200 2456 284 2490 ferro,
306 2456 380 2493 quod
402 2458 489 2492 (cum)
510 2457 580 2485 bene
602 2457 680 2491 calet,
696 2457 733 2485 ita
747 2457 821 2494 quod
843 2458 931 2495 lique-

86 2503 145 2538 scit,
167 2506 232 2532 tunc
247 2506 336 2540 potest
357 2503 477 2540 imprimi
494 2503 520 2532 in
544 2504 610 2532 illud
625 2504 765 2541 quaelibet
785 2504 873 2533 forma
888 2506 931 2534 vel

86 2550 191 2587 figura:
213 2550 251 2579 sic
272 2551 300 2579 in
322 2550 404 2579 corde
431 2550 500 2579 bene
527 2551 651 2580 fervente
672 2559 721 2588 per
746 2559 868 2581 amorem
897 2552 931 2581 ad

86 2597 225 2626 Christum
247 2597 414 2626 crucifixum
438 2597 607 2634 imprimitur
630 2598 686 2634 ipse
707 2598 867 2627 Crucifixus
888 2599 931 2627 vel

86 2651 157 2672 crux
186 2644 335 2678 Crucifixi,
357 2648 384 2673 et
411 2653 506 2673 amans
531 2645 698 2674 transfertur
727 2645 769 2673 vel
798 2646 931 2674 transfor-

149 2812 157 2825 ¹
175 2813 230 2841 Cap.
249 2813 285 2840 24,
304 2815 329 2839 8;
347 2815 451 2843 sequitur
468 2821 487 2837 c.
506 2815 543 2841 43,
565 2816 598 2837 12.

148 2851 157 2864 ²
174 2853 277 2880 Gregor.,
295 2853 317 2875 ΙΙ.
337 2853 419 2875 Homil.
437 2853 459 2875 in
478 2854 564 2881 Evang.
583 2854 660 2876 homil.
678 2854 715 2876 34.
734 2861 755 2876 n.
777 2855 810 2877 10.
827 2858 850 2877 et
868 2855 905 2877 12.

149 2891 157 2904 ³
174 2892 281 2920 Legenda
299 2892 335 2915 cit⁴
354 2898 373 2914 c.
393 2893 430 2915 13,
446 2899 469 2914 n.
487 2893 509 2915 6,

148 2930 157 2943 ⁴
175 2931 261 2958 isidor„
270 2931 325 2953 Xlll.
334 2932 492 2959 Etymolog.c.
504 2931 583 2954 4.n.1.
593 2945 621 2948 —
630 2932 738 2961 Sequitur
746 2933 780 2954 ΡΞ.
789 2933 796 2954 l
804 2933 840 2961 03,
850 2933 872 2955 3.
882 2939 930 2961 seq.

1783 138 1838 166 589

996 213 1087 239 matur
1103 211 1129 240 in
1145 211 1327 245 Crucifixum,
1343 213 1414 241 sicut
1428 213 1491 242 fecit
1506 213 1603 242 beatus
1617 214 1786 244 Franciscus.
1803 232 1841 235 ——

994 257 1082 294 Aliqui
1105 258 1252 292 mirantur,
1273 259 1346 295 quod
1369 259 1511 296 Seraphim
1528 260 1628 289 missus
1649 263 1690 289 est
1710 261 1743 289 ad
1765 269 1839 295 eum,

994 303 1105 339 quando
1125 304 1283 332 debuerunt
1297 305 1320 333 ei
1336 305 1456 342 imprimi
1472 306 1599 343 stigmata
1613 307 1747 344 passionis
1761 307 1840 336 Chri-

994 350 1037 378 sti.
1060 350 1205 388 Nunquid,
1227 351 1338 385 dicunt,
1355 353 1497 390 Seraphim
1512 353 1564 382 fuit
1575 354 1750 383 crucifixus?
1765 355 1838 389 N0n;
1851 362 1877 381 ne
1887 362 1985 386 Seraphim

994 396 1041 425 sed
1063 397 1206 434 Seraphim
1228 398 1343 434 spiritus
1363 402 1404 427 est
1425 400 1464 428 sic
1484 400 1575 429 dictus
1595 401 1630 429 ab
1651 401 1751 430 ardore
1765 401 1785 435 ²,
1812 401 1838 430 in

993 451 1049 479 quo
1070 444 1250 480 significatur,
1272 445 1345 481 quod
1372 446 1472 475 ardens
1493 450 1552 475 erat
1579 448 1707 481 caritate,
1730 447 1839 485 quando

994 489 1095 518 missus
1115 490 1167 518 fuit
1188 491 1220 519 ad
1243 499 1306 520 eum
1335 492 1487 529 Seraphim.
1515 493 1569 522 Hoc
1597 493 1767 530 significabat
1794 494 1839 523 ille

993 536 1116 572 spiritus.
1138 537 1215 565 Crux
1237 541 1329 567 autem
1352 539 1409 567 sive
1430 539 1538 576 signum
1559 540 1650 569 crucis
1671 540 1837 577 impressum

993 583 1101 619 corpori
1120 583 1180 612 eius
1195 584 1365 621 significabat
1380 586 1521 620 affectum,
1537 594 1619 623 quem
1642 587 1699 623 ipse
1721 587 1839 616 habebat

992 629 1025 657 ad
1047 629 1187 658 Christum
1210 631 1395 665 crucifixum;
1417 636 1444 660 et
1467 636 1531 661 tunc
1553 641 1588 661 ex
1611 633 1657 662 illo
1677 633 1776 662 ardore
1797 634 1837 662 di-

993 675 1117 704 lectionis
1138 680 1212 705 totus
1233 677 1285 705 fuit
1303 678 1514 707 transformatus
1529 679 1556 707 in
1571 680 1670 716 ipsum.
1686 696 1724 700 —
1741 680 1838 709 Exem-

993 722 1069 757 plum
1091 722 1124 750 ad
1148 723 1198 751 hoc
1229 724 1449 753 confirmandum
1472 725 1528 761 (sit)
1550 726 1624 762 quod
1646 727 1672 755 in
1702 727 1747 755 illa
1775 735 1839 764 pro-

993 767 1081 796 vincia
1102 769 1210 803 accidit,
1232 770 1305 806 quod
1327 771 1461 807 quaedam
1485 772 1630 801 infirmitas
1651 777 1711 802 erat
1733 774 1759 802 in
1780 775 1838 803 ani-

992 814 1111 843 malibus
1133 815 1206 844 illius
1228 819 1334 850 terrae,
1356 817 1430 853 quod
1451 818 1597 847 comedere
1618 828 1672 848 non
1694 824 1837 856 poterant,

993 865 1020 889 et
1040 862 1093 890 cito
1115 863 1157 890 vel
1179 863 1271 891 subito
1301 864 1502 899 moriebantur,
1524 869 1550 894 et
1572 867 1729 895 nesciebant
1750 867 1839 895 homi-

980 916 1056 950 Vnes,
1079 908 1144 945 quid
1176 908 1298 938 facerent
1330 918 1380 946 pro
1408 911 1497 939 salute
1522 919 1637 940 suornm
1669 913 1836 941 animalium.

992 954 1107 990 Quidam
1131 955 1164 984 de
1186 956 1239 984 illis
1261 956 1335 985 venit
1355 957 1388 985 ad
1407 958 1544 994 quendam
1561 962 1686 987 sanctum
1702 963 1728 987 et
1743 968 1840 988 narra-

993 1001 1031 1029 vit
1051 1002 1085 1035 ei,
1107 1002 1245 1038 quomodo
1260 1011 1310 1031 sua
1325 1003 1452 1039 peribant
1472 1004 1608 1039 animalia,
1623 1014 1760 1042 quaerens
1775 1014 1838 1034 con-

992 1048 1083 1076 silium
1105 1048 1140 1077 ab
1155 1057 1195 1077 eo.
1212 1049 1243 1077 Et
1258 1049 1326 1085 (liic)
1342 1050 1412 1078 dixit
1434 1051 1467 1084 ei,
1483 1051 1556 1088 quod
1578 1056 1724 1088 quaereret
1745 1052 1778 1081 de
1800 1053 1838 1081 lo-

992 1098 1056 1123 tura
1072 1103 1205 1124 manuum
1221 1099 1248 1124 et
1263 1096 1363 1133 pedum
1380 1097 1450 1125 beati
1474 1098 1607 1127 Francisci
1626 1102 1653 1127 et
1669 1099 1730 1128 inde
1744 1108 1838 1137 asper-

991 1145 1068 1178 geret
1089 1150 1173 1179 super
1188 1143 1325 1177 animalia,
1341 1147 1368 1172 et
1382 1148 1555 1173 sanarentur.
1569 1145 1611 1174 Sic
1625 1145 1697 1179 fecit,
1712 1149 1739 1175 et
1753 1147 1838 1175 conti—

991 1197 1047 1217 nuo
1062 1195 1266 1219 concurrerunt
1281 1190 1314 1219 ad
1329 1191 1421 1219 cibum
1437 1195 1464 1220 et
1478 1192 1659 1221 comederunt
1670 1193 1689 1220 ³.
1705 1194 1755 1230 Qui
1772 1194 1838 1222 vidit

992 1236 1058 1264 mihi
1081 1237 1212 1266 narravit.
1236 1237 1306 1273 Quia
1326 1246 1392 1274 ergo
1413 1238 1510 1267 beatus
1531 1239 1691 1268 Franciscus
1712 1240 1763 1268 fuit
1778 1249 1838 1269 cae-

992 1283 1048 1311 lum
1071 1284 1254 1312 continentiae
1275 1285 1382 1321 amplae
1405 1293 1453 1322 per
1475 1286 1632 1320 caritatem,
1655 1289 1681 1315 et
1703 1295 1774 1315 crux
1797 1290 1838 1316 est

991 1330 1099 1366 signum
1122 1338 1246 1359 summae
1267 1332 1390 1360 caritatis
1410 1335 1437 1360 et
1458 1332 1626 1367 dilectionis;
1649 1333 1709 1362 ideo
1730 1334 1756 1362 in
1779 1334 1838 1370 ipso

990 1377 1086 1406 debuit
1107 1378 1213 1406 situari.

1071 1424 1151 1459 Item,
1174 1425 1280 1454 caelum
1303 1429 1344 1454 est
1359 1426 1542 1455 continentiae
1553 1435 1701 1460 arcanam,-
1722 1427 1782 1456 ideo
1796 1427 1836 1456 di-

991 1471 1063 1499 citur
1089 1483 1101 1496 «
1117 1472 1223 1500 caelum
1246 1481 1261 1500 a
1282 1472 1394 1501 celando
1409 1474 1420 1489 4
1435 1485 1462 1507 »,
1484 1476 1511 1502 et
1526 1474 1564 1502 sic
1586 1474 1636 1502 fuit
1652 1474 1836 1510 (Franciscus)

991 1518 1102 1546 caetum
1124 1527 1174 1555 per
1198 1519 1387 1548 celsitudinem
1420 1520 1670 1557 contemplationis3
1697 1521 1835 1549 Psalmus:

992 1565 1153 1593 Extendens
1167 1566 1278 1594 caelum
1294 1566 1370 1594 sicut
1381 1566 1492 1603 pellem,
1504 1567 1557 1603 qui
1570 1567 1640 1604 teyis
1655 1568 1742 1605 aquis
1755 1576 1837 1604 supe-

990 1612 1075 1640 riora
1096 1612 1174 1646 eius,
1197 1620 1261 1641 vere
1282 1613 1369 1650 aquis
1390 1613 1486 1647 claris,
1509 1614 1610 1650 sapidis
1631 1617 1658 1642 et
1678 1614 1835 1651 splendidis,

990 1661 1017 1686 et
1030 1658 1078 1692 ibi,
1093 1659 1146 1687 hoc
1160 1662 1200 1687 est
1218 1659 1245 1687 in
1267 1660 1504 1696 contemplatione,
1521 1660 1593 1689 videt
1614 1661 1696 1689 homo
1717 1661 1835 1698 effigiem

989 1712 1067 1733 suam
1089 1709 1116 1734 et
1138 1706 1367 1742 resplendentiam
1398 1707 1509 1735 luminis
1536 1707 1620 1736 divini
1648 1708 1675 1736 in
1697 1716 1835 1737 concursu

989 1760 1125 1788 aquarum
1147 1752 1267 1781 illarum.
1288 1754 1389 1782 Tantae
1410 1754 1579 1782 celsitudinis
1594 1754 1645 1783 fuit
1666 1754 1692 1782 in
1715 1758 1836 1783 contem-

988 1799 1117 1835 platione,
1139 1799 1213 1836 quod
1234 1800 1292 1836 ipse
1314 1800 1490 1836 praevidebat
1510 1801 1621 1835 futura,
1642 1801 1751 1830 videbat
1775 1810 1836 1830 cor-

988 1845 1064 1874 dium
1080 1849 1195 1880 secreta,
1210 1850 1382 1883 praesentem
1398 1855 1427 1876 se
1441 1847 1601 1877 absentibus
1622 1849 1749 1883 ostendit,
1764 1848 1836 1877 sicut

987 1896 1014 1921 et
1029 1893 1126 1922 beatus
1137 1894 1278 1928 Antonius,
1290 1893 1323 1922 de
1338 1902 1393 1931 quo
1409 1894 1527 1923 habetur
1542 1895 1568 1923 in
1586 1895 1722 1932 principio
1735 1896 1769 1924 de
1784 1896 1836 1924 Do-

988 1940 1076 1968 ctrina
1090 1940 1240 1969 christiana
1251 1941 1270 1968 ⁵.
1294 1941 1369 1975 ldeo,
1388 1949 1451 1970 cum
1470 1950 1541 1970 crux
1557 1942 1656 1971 Christi
1673 1943 1708 1971 sit
1726 1943 1834 1980 signum

987 1987 1136 2023 sapientiae
1156 1990 1183 2015 et
1204 1988 1378 2016 revelationis
1400 1989 1594 2024 mysteriorum
1610 1989 1667 2023 Dei,
1683 1990 1835 2018 secundum

987 2034 1061 2071 quod
1089 2037 1163 2071 patet
1196 2035 1222 2062 in
1248 2035 1448 2072 Apocalypsi⁶,
1470 2036 1536 2072 quia
1556 2036 1592 2064 ibi
1623 2036 1733 2070 dicitur,
1761 2036 1835 2073 quod

990 2082 1009 2109 A
1015 2090 1109 2118 quus,
1131 2081 1183 2119 qui
1203 2082 1316 2110 occisus
1337 2086 1393 2116 est,
1416 2083 1533 2120 aperuit
1553 2087 1656 2120 septem
1678 2083 1835 2121 signacula

988 2128 1069 2162 libri,
1085 2128 1111 2156 id
1125 2132 1166 2157 est
1188 2128 1318 2157 universa
1339 2129 1469 2165 mysteria
1491 2137 1584 2158 sacrae
1599 2130 1770 2166 scripturae,
1785 2137 1835 2166 per

988 2183 1098 2204 crucem
1122 2184 1216 2209 suam;
1239 2184 1311 2204 crux
1332 2177 1405 2205 enim
1426 2177 1526 2205 Christi
1549 2177 1641 2206 clavis
1662 2181 1703 2206 est
1726 2177 1834 2212 David,

987 2223 1040 2261 qui
1053 2223 1157 2259 aperit,
1173 2227 1198 2251 et
1212 2232 1294 2252 izemo
1309 2223 1437 2257 claudit;
1452 2223 1573 2258 claudit,
1589 2228 1613 2253 et
1627 2233 1709 2253 izemo
1724 2225 1834 2261 aperit:

988 2270 1030 2298 isti
1057 2278 1123 2307 ergo
1144 2270 1258 2304 Sancto,
1280 2270 1360 2298 beato
1381 2270 1539 2304 Francisco,
1561 2271 1656 2299 debuit
1676 2271 1734 2300 dari
1761 2270 1835 2299 istud

988 2317 1106 2354 signum,
1123 2317 1148 2345 in
1171 2325 1226 2353 quo
1247 2317 1298 2345 fuit
1314 2320 1389 2346 tanta
1409 2317 1543 2346 celsitudo
1557 2318 1795 2354 contemplationis
1809 2321 1835 2346 et

988 2364 1144 2401 sapientiae.
1161 2381 1198 2384 —
1216 2364 1308 2392 Estote
1328 2372 1394 2401 ergo
1408 2364 1552 2401 simplices
1572 2365 1648 2393 sieut
1669 2364 1834 2398 columbae,-

988 2419 1112 2440 amemus
1134 2411 1224 2440 cordis
1245 2411 1447 2448 simplicitatem
1462 2415 1489 2440 et
1510 2411 1600 2441 cordis
1620 2412 1796 2446 munditiam,
1812 2412 1834 2440 si

988 2458 1117 2486 volumus
1139 2458 1287 2486 illuminari
1310 2466 1326 2486 a
1346 2458 1462 2486 Domino
1487 2466 1535 2495 per
1564 2459 1712 2495 sapientiae
1741 2459 1835 2487 lumen

988 2507 1015 2533 et
1036 2504 1197 2533 claritatem.
1220 2505 1296 2533 Sicut
1316 2505 1388 2533 enim
1410 2508 1451 2533 est
1472 2505 1506 2533 de
1527 2505 1601 2539 luna,
1616 2513 1700 2542 quae,
1716 2513 1778 2534 cum
1795 2508 1835 2534 est

988 2552 1014 2580 in
1037 2552 1162 2588 opposito
1183 2551 1238 2580 situ
1259 2552 1293 2580 ad
1315 2552 1409 2586 solem,
1425 2556 1491 2581 tunc
1513 2552 1686 2581 illuminatur
1700 2556 1727 2581 et
1742 2561 1836 2590 appa-

988 2603 1031 2627 ret
1052 2598 1221 2633 illuminata;
1244 2599 1354 2636 quando
1375 2599 1457 2628 estin
1473 2599 1665 2628 coniunctione
1686 2599 1719 2628 ad
1739 2600 1833 2633 solem,

988 2654 1042 2674 non
1064 2649 1178 2682 apparet
1200 2646 1260 2674 eius
1282 2646 1375 2674 lumen
1396 2654 1445 2674 nec
1464 2646 1523 2674 eius
1545 2646 1716 2674 illuminatio.
1739 2646 1790 2674 Sed
1812 2646 1833 2674 si

1051 2814 1060 2827 ⁶
1076 2816 1099 2837 S.
1117 2815 1237 2842 Augustini
1254 2815 1347 2841 scilicet,
1365 2815 1387 2836 in
1400 2815 1503 2842 Prologo,
1516 2821 1537 2836 n.
1551 2814 1571 2841 li,
1584 2814 1622 2836 ubi
1635 2818 1668 2836 est
1680 2820 1756 2836 sermo
1770 2815 1798 2837 de
1811 2815 1833 2836 S.

987 2854 1079 2876 Antonii
1097 2854 1205 2875 eremitae
1223 2853 1351 2876 admirabili
1370 2853 1481 2875 intellectu
1504 2853 1674 2881 scripturarum
1693 2853 1832 2875 divinarum.

1051 2892 1060 2905 ‘³
1077 2892 1132 2920 Cap.
1150 2893 1172 2919 5,
1194 2893 1228 2914 12.
1245 2893 1266 2914 9.
1285 2894 1310 2919 2;
1329 2895 1456 2920 sequuntur
1479 2898 1499 2913 c.
1523 2892 1547 2918 3,
1572 2892 1593 2913 7.
1613 2892 1671 2920 (lsai.
1690 2893 1727 2919 22,
1746 2893 1791 2914 22]
1811 2896 1833 2914 ct

987 2933 1063 2954 lllattli.
1085 2932 1117 2958 lO,
1137 2932 1172 2953 16,

1872 385 1966 404 crucifixo.

1855 689 1972 713 Exemplum.

1866 1436 1958 1459 Secundo,

1863 1465 1956 1478 arcanam.

1852 2375 1945 2394 floriano.
