2243 3348
954 201 1181 230 PROTHEMATA.
1885 205 1936 232 751

198 278 279 306 Surge,
297 278 433 305 illuminare,
450 278 570 301 ierusalem
589 281 625 301 etc
629 295 891 302 ........
921 285 978 308 paq.
1000 279 1041 301 166

292 334 301 345 2
433 334 443 345 D
574 334 584 345 l>
689 342 932 348 .......
965 335 974 346 Β
1000 326 1040 348 167

290 381 301 393 1)
433 381 444 392 ²>
574 382 584 393 n
689 390 930 396 .......
965 382 974 393 1>
999 373 1040 395 168

291 428 302 439 1>
432 428 443 439 1>
572 428 582 440 1³
688 436 928 443 .......
964 429 974 440 ⁷²
997 420 1040 442 ’170

291 475 300 487 ὶ)
433 475 442 487 b
574 476 584 487 ³)
689 484 930 490 .......
963 476 973 488 D
1010 467 1041 490 ib-

291 523 301 534 1>
431 523 442 534 n
573 523 583 535 11
688 532 928 537 .......
963 524 972 535 1)
1008 515 1040 537 ib.

195 561 297 588 Surgens
314 561 375 584 lesus
392 561 515 589 imperavit
531 561 606 584 ventis
623 564 658 584 etc
661 579 930 585 ........
964 571 973 582 u
995 562 1035 584 191

196 608 278 635 Surge,
296 605 347 630 tolle
363 608 446 630 lectum
465 610 529 630 tuum
547 612 582 631 eto
585 625 930 631 ..........
963 617 973 629 ιο
995 609 1039 631 423

195 654 297 677 Surrexit
314 655 425 677 Dominus
441 661 496 677 vere
513 658 535 678 et
552 656 659 683 apparuit
684 655 771 678 Simoni
806 674 811 678 .
846 673 852 678 .
886 673 891 678 .
926 673 931 678 .
964 663 976 677 1>
994 656 1039 678 280

195 701 296 724 Surrexit
312 707 350 724 rex
369 701 390 724 in
407 707 531 724 occursum
549 702 629 725 matris
651 704 686 725 etc
689 719 929 725 .......
962 711 974 722 υ
995 703 1039 724 693

607 811 628 834 Τ

194 912 264 934 Terra
282 914 359 934 nostra
377 911 441 934 dabit
457 912 556 934 fructum
574 918 642 934 suum
650 929 930 934 ........
963 921 973 933 n
1011 912 1039 934 94

195 959 272 981 Tertio
290 965 350 981 anno
368 959 458 987 imperii
476 959 511 982 sui
528 965 567 982 rex
584 960 698 982 Assuerus
716 962 751 982 etc
753 976 929 981 ......
963 968 973 979 ι»
995 960 1039 981 250

194 1006 327 1029 Thesaurus
352 1005 512 1029 desiderabilis
534 1008 569 1028 etc
571 1023 929 1028 ..........
964 1014 973 1026 n
995 1006 1039 1028 472

195 1052 312 1075 Tradebat
328 1053 438 1075 iudicanti
455 1059 480 1075 se
496 1053 580 1075 iniuste
597 1055 632 1075 etc
635 1069 931 1075 .........
963 1062 973 1073 »
995 1053 1039 1075 303

194 1100 309 1122 Tradetur
325 1100 386 1122 enim
405 1099 513 1128 gentibus
533 1102 569 1122 etc
572 1116 931 1122 ..........
964 1108 974 1120 »
995 1100 1035 1121 201

193 1147 298 1170 Tradidit
315 1147 465 1175 semetipsum
484 1153 526 1175 pro
543 1146 611 1169 nobis
628 1146 769 1169 oblationem
786 1149 829 1169 etc.
846 1163 851 1168 .
886 1164 891 1169 .
924 1164 929 1168 .
963 1155 974 1166 n
995 1147 1040 1168 230

194 1193 350 1216 Transeamus
367 1199 442 1222 usque
460 1193 590 1216 Bethlehem
609 1196 644 1216 etc
647 1210 929 1216 ........
963 1202 973 1213 ι
999 1193 1039 1215 102

288 1249 298 1260 n
430 1249 441 1260 ‚,
571 1249 583 1260 11
691 1257 930 1263 .......
964 1249 973 1260 n
996 1240 1039 1262 106

192 1288 249 1310 Tres
266 1290 326 1316 sunt,
344 1288 385 1316 qui
402 1288 559 1310 testimonium
577 1288 632 1310 dant
649 1288 670 1310 in
689 1288 752 1310 caelo
769 1291 812 1310 etc.
846 1305 850 1310 .
885 1305 890 1310 .
925 1305 930 1310 .
964 1297 973 1308 ι)
995 1289 1035 1310 351

194 1335 293 1357 Tristitia
311 1336 387 1357 vestra
405 1336 507 1357 vertetur
525 1334 546 1356 in
565 1335 677 1362 gaudium
688 1351 929 1357 .......
963 1343 973 1355 n
995 1335 1039 1357 308

194 1383 237 1409 Tu,
255 1382 360 1410 Domine,
377 1383 417 1411 qui
436 1383 506 1405 corda
524 1382 582 1405 nosti
600 1382 705 1405 omnium
730 1384 764 1404 etc
768 1391 969 1404 ......
969 1390 974 1401 ι
994 1381 1039 1404 514

193 1429 255 1452 Tulit
273 1429 345 1452 David
362 1435 471 1452 coronam
489 1430 600 1451 lllelchom
618 1432 653 1452 etc
656 1446 931 1451 ........
965 1438 975 1449 ν
995 1429 1039 1451 490

194 1476 259 1498 Tunc
277 1475 399 1504 apparebit
415 1476 507 1504 signum
525 1475 572 1497 Filii
590 1475 689 1498 hominis
706 1478 741 1497 etc
744 1492 930 1498 ......
963 1484 974 1495 1>
994 1476 1039 1498 585

606 1586 625 1609 U

193 1688 236 1711 Ubi
254 1691 295 1715 est,
313 1688 352 1717 qui
371 1690 438 1710 natus
455 1690 489 1710 est
506 1690 540 1710 etc
543 1704 930 1709 ...........
964 1696 975 1707 >>
999 1687 1040 1709 145

287 1743 298 1755 1)
431 1743 440 1754 u
572 1750 930 1756 ..........
964 1742 974 1754 1)
996 1733 1039 1755 ’149

289 1791 298 1802 n
430 1790 440 1801 11
572 1797 931 1803 ..........
964 1789 974 1801 n
997 1780 1040 1803 ’167

288 1838 298 1849 n
430 1837 440 1848 n
572 1845 932 1850 ..........
965 1837 974 1848 n
1000 1828 1040 1850 170

194 1877 242 1899 Una
259 1875 374 1898 oblatione
391 1875 562 1898 consummavit
578 1878 613 1897 etc
617 1891 931 1897 .........
965 1883 974 1895 n
995 1875 1040 1897 640

288 1932 299 1943 )1
429 1931 439 1942 11
570 1931 581 1942 n
649 1938 929 1944 ........
962 1930 974 1941 n
995 1921 1040 1943 644

194 1971 257 1993 Unus
274 1972 351 1992 autem
369 1975 395 1992 ex
413 1969 463 1996 illis,
485 1971 510 1991 ut
532 1968 589 1991 vidit
614 1971 649 1990 etc
652 1984 932 1990 ........
964 1976 974 1987 n
996 1967 1040 1989 406

194 2017 222 2039 Ut
240 2016 277 2038 filii
298 2016 355 2038 lucis
380 2015 496 2037 ambulate
530 2029 931 2037 ...........
964 2023 975 2034 ⁷>
995 2014 1040 2036 224

291 2070 301 2084 1)
431 2071 440 2082 1)
524 2077 930 2084 ...........
964 2070 974 2081 n
995 2062 1036 2083 231

194 2111 222 2133 Ut
239 2111 385 2141 perfecerunt
402 2109 478 2132 onmia
497 2112 532 2132 etc
535 2125 931 2131 ...........
964 2117 975 2128 n
1000 2108 1041 2130 176

290 2166 299 2178 11
431 2166 441 2176 11
572 2172 931 2178 ..........
965 2164 974 2175 11
996 2155 1040 2177 648

922 2274 1214 2308 PROTHEMATA.

608 2394 627 2417 Α

195 2490 340 2513 Abominatio
358 2489 455 2517 Domini⁷
473 2488 623 2516 cogitationes
641 2488 713 2510 malae
730 2490 772 2510 etc.
806 2505 811 2509 .
845 2504 851 2509 .
884 2504 888 2509 .
921 2493 976 2516 pay.
994 2486 1039 2509 634

195 2537 317 2565 Accipietis
336 2538 443 2559 virtutem
461 2535 644 2563 supervenientis
662 2538 696 2557 etc
700 2551 928 2557 .......
960 2543 970 2554 n
995 2533 1039 2556 314

195 2584 312 2607 Adeamus
329 2590 382 2606 cum
401 2583 485 2605 fiducia
504 2582 532 2604 ad
550 2583 658 2604 thronum
676 2583 763 2609 gratiae
780 2584 823 2604 etc.
843 2598 848 2603 .
883 2598 889 2603 .
924 2599 928 2603 .
963 2589 973 2601 »
994 2581 1039 2602 259

195 2632 304 2660 Angelus,
322 2631 361 2660 qui
380 2630 517 2659 loquebatur
534 2630 557 2651 in
575 2635 611 2651 me
629 2632 663 2652 etc
666 2645 930 2651 ........
963 2637 973 2648 υ
994 2629 1038 2650 626

195 2679 322 2706 Argentum
341 2678 450 2700 innocens
467 2676 556 2699 dividet
571 2692 930 2698 ..........
963 2684 974 2695 ν
994 2675 1034 2697 731

196 2725 279 2748 Audite
296 2731 341 2752 me,
358 2724 468 2753 quoniam
486 2724 515 2746 de
532 2723 602 2746 rebus
619 2723 710 2751 magnis
732 2726 766 2745 etc
769 2739 930 2745 .....
963 2731 973 2743 ι»
995 2723 1034 2744 201

611 2817 630 2839 Β

196 2913 265 2941 Beati,
283 2912 323 2941 qui
340 2912 436 2934 audiunt
452 2910 551 2934 verbum
569 2911 609 2933 Dei
626 2914 660 2933 etc
663 2927 930 2933 ........
963 2919 973 2930 »
995 2909 1039 2932 224

198 2959 322 2982 Bonitatem
341 2961 362 2980 et
379 2958 523 2985 disciplinam
542 2960 564 2979 et
581 2957 698 2979 scientiam
716 2957 774 2979 doce
791 2963 828 2979 me
846 2975 850 2979 .
885 2974 889 2978 .
925 2974 929 2978 .
964 2965 973 2976 n
994 2956 1039 2978 2Ιῦ

1508 282 1526 305 11

1098 373 1144 394 Vas
1161 372 1303 400 admirabile,
1319 379 1379 401 opus
1395 375 1478 397 Excelsi
1513 392 1792 399 ........
1821 382 1879 406 paq.
1896 376 1941 399 713

1099 419 1144 441 Vas
1160 422 1296 447 castrorum,
1314 421 1347 442 sol
1365 420 1386 442 in
1403 421 1496 444 excelsis
1516 425 1551 444 etc
1553 439 1831 445 ........
1866 432 1875 443 1»
1900 423 1936 444 121

1098 466 1156 488 Veni
1173 466 1202 488 de
1219 466 1306 489 Libano
1323 470 1358 489 etc
1361 484 1831 492 .............
1865 479 1875 490 n
1896 470 1940 492 699

1098 512 1163 540 Veni,
1181 513 1278 535 Domine
1295 513 1343 536 lesu
1354 531 1830 538 .............
1865 525 1874 536 1»
1913 516 1940 538 49

1097 559 1179 581 Veniet
1196 559 1340 582 desideratus
1357 561 1444 583 cunctis
1461 561 1568 588 gentibus
1587 579 1592 584 .
1627 580 1631 584 .
1668 580 1672 585 .
1709 580 1713 584 .
1747 579 1752 585 .
1786 579 1791 584 .
1826 580 1830 585 .
1865 572 1875 582 u
1912 563 1940 584 27

1098 606 1177 628 Venite
1194 606 1223 629 ad
1241 612 1286 634 me,
1303 613 1391 634 omnes,
1413 608 1452 636 qui
1474 610 1508 630 etc
1511 625 1829 632 .........
1866 619 1874 629 n
1896 610 1941 632 255

1191 662 1202 673 1)
1331 663 1341 674 »
1473 664 1482 675 n
1551 672 1833 680 ,,,,,,,,
1866 666 1875 677 n
1896 658 1940 679 262

1191 710 1200 721 »
1330 710 1341 721 1>
1472 711 1483 722 11
1550 720 1831 726 ........
1864 713 1874 724 11
1896 705 1941 726 267

1098 747 1178 769 venite
1195 751 1217 770 et
1234 748 1386 770 ascendamus
1403 749 1432 771 ad
1450 752 1551 772 montem
1569 750 1659 772 Domini
1676 753 1717 773 etc.
1747 767 1752 772 .
1787 768 1792 772 .
1826 768 1831 772 .
1864 759 1875 771 »ι
1912 751 1940 773 30

1097 793 1200 816 Verbum
1219 800 1273 816 caro
1299 795 1383 817 sactum
1406 798 1439 817 est
1473 813 1832 820 ..........
1865 806 1875 818 ι»
1899 798 1940 819 106

1190 849 1201 861 n
1332 851 1343 862 1)
1473 859 1832 866 ..........
1864 853 1875 864 n
1897 845 1904 866 i
1916 844 1940 866 lO

1097 888 1187 911 Veritas
1204 888 1233 910 de
1255 891 1313 911 terra
1336 892 1385 911 orta
1407 893 1440 911 est
1474 907 1831 913 ..........
1866 900 1871 911 ›
1913 891 1941 912 95

1096 935 1198 962 Vestigia
1216 936 1266 957 eius
1282 938 1375 958 secutus
1391 939 1425 958 est
1441 942 1483 964 pes
1500 943 1565 959 meus
1591 954 1831 959 .......
1865 946 1875 957 n
1898 937 1940 959 470

1098 981 1155 1003 Vide
1172 988 1252 1004 arcum
1269 985 1291 1004 et
1308 982 1406 1005 benedic
1423 989 1477 1005 eum
1495 985 1529 1005 ete
1533 1000 1830 1005 .........
1864 993 1873 1004 1·
1900 985 1940 1006 112

1097 1028 1191 1051 Videbit
1207 1029 1282 1052 omnis
1299 1035 1352 1052 caro
1369 1030 1468 1052 salutare
1486 1030 1525 1052 Dei
1550 1047 1831 1053 ........
1866 1040 1875 1051 u
1911 1031 1940 1052 78

1332 1085 1343 1096 7)
1473 1086 1483 1097 1>
1550 1093 1830 1100 ........
1865 1087 1876 1098 1)
1911 1078 1941 1100 79

1192 1132 1201 1143 1>
1474 1133 1483 1144 n
1551 1141 1831 1147 ........
1865 1134 1874 1146 1)
1912 1126 1940 1147 82

1191 1178 1200 1190 u
1332 1179 1337 1190 J
1474 1180 1483 1191 »
1550 1188 1830 1194 ........
1865 1181 1876 1193 n
1912 1173 1940 1194 83}

1191 1226 1200 1237 1)
1333 1226 1343 1237 >l
1474 1227 1483 1238 11
1548 1235 1830 1241 ........
1863 1228 1874 1239 b
1911 1219 1940 1241 ib

1191 1273 1196 1284 ›
1332 1273 1341 1284 1»
1474 1273 1483 1284 11
1552 1281 1831 1287 ........
1865 1275 1875 1286 u
1912 1266 1941 1288 84

1191 1319 1196 1330 ›
1474 1319 1483 1331 1»
1551 1327 1830 1334 ........
1866 1320 1876 1333 n
1908 1311 1942 1334 ih.

1097 1357 1185 1380 Vidcbo
1204 1364 1253 1384 vos,
1270 1361 1292 1380 et
1309 1357 1421 1385 gaudebit
1437 1364 1476 1380 cor
1494 1360 1596 1380 vestrum
1630 1375 1831 1381 ......
1866 1367 1875 1379 u
1897 1359 1941 1381 308

1097 1404 1215 1427 Videbunt
1231 1405 1311 1427 Filium
1329 1405 1428 1427 hominis
1445 1405 1576 1427 venientem
1594 1408 1629 1427 etc
1632 1422 1833 1428 ......
1867 1415 1877 1426 υ
1914 1405 1937 1428 41

1098 1452 1207 1474 Videntes
1223 1452 1310 1474 stellam
1328 1452 1386 1479 Magi
1404 1455 1439 1474 etc
1442 1469 1832 1475 ...........
1865 1462 1875 1473 »
1901 1454 1941 1475 169

1097 1499 1170 1521 Video
1188 1499 1263 1521 caelos
1280 1501 1372 1526 apertos
1394 1502 1428 1521 etc
1431 1516 1831 1522 ...........
1865 1509 1875 1521 n
1898 1501 1941 1523 402

1097 1546 1186 1572 Videte,
1203 1546 1322 1574 quomodo
1339 1549 1405 1568 caute
1422 1546 1543 1568 ambuletis
1550 1563 1832 1569 ........
1866 1556 1875 1567 u
1897 1547 1941 1569 434

1098 1593 1158 1619 Vidi,
1175 1595 1197 1614 et
1214 1598 1274 1619 ecce,
1292 1593 1314 1614 111
1332 1593 1409 1615 medlo
1427 1593 1501 1615 throni
1518 1596 1554 1615 etc
1556 1610 1830 1616 ........
1865 1603 1875 1615 1>
1897 1595 1939 1617 247

1192 1649 1201 1660 D
1332 1649 1342 1660 1>
1475 1649 1484 1660 7)
1589 1657 1831 1664 .......
1864 1650 1874 1662 D
1896 1642 1940 1664 259

1099 1688 1163 1715 Vidi,
1181 1691 1203 1710 et
1219 1694 1285 1715 ecce,
1303 1687 1389 1710 nubem
1413 1687 1534 1710 candidam
1552 1691 1587 1710 etc
1590 1705 1830 1711 .......
1865 1698 1876 1709 υ
1912 1689 1941 1711 32

1099 1735 1204 1757 Vidimus
1221 1735 1308 1757 stellam
1327 1734 1376 1756 eius
1394 1735 1415 1756 111
1433 1735 1519 1756 oriente
1534 1737 1568 1757 etc
1571 1751 1833 1758 ........
1865 1744 1876 1755 n
1897 1736 1940 1757 '¹68

1099 1782 1160 1804 Vidit
1176 1781 1242 1804 lacob
1260 1782 1282 1803 in
1299 1782 1387 1804 somnis
1404 1782 1487 1804 scalam
1513 1784 1548 1804 etc
1551 1799 1831 1805 ........
1864 1792 1875 1803 υ
1896 1783 1940 1805 609

1191 1837 1201 1849 n
1332 1837 1342 1848 ³>
1473 1837 1484 1848 1)
1591 1845 1830 1851 .......
1865 1838 1875 1849 i)
1896 1829 1941 1851 614

1099 1875 1161 1898 Vidit
1178 1876 1271 1898 loannes
1287 1876 1362 1898 lesum
1379 1878 1414 1897 etc
1417 1892 1832 1898 ............
1864 1885 1874 1896 ιι
1900 1876 1939 1898 178

1098 1922 1150 1944 Visa
1168 1925 1202 1944 est
1218 1928 1271 1944 arca
1288 1922 1417 1944 testamenti
1434 1922 1473 1943 Dei
1491 1924 1526 1944 etc
1528 1938 1830 1944 .........
1865 1932 1874 1943 v
1895 1923 1941 1946 715

1097 1968 1171 1990 Vobis
1188 1971 1282 1996 apertus
1298 1972 1332 1990 est
1357 1968 1479 1996 paradisus
1513 1985 1829 1991 .........
1863 1978 1874 1989 ι)
1899 1970 1940 1992 119

1098 2015 1160 2037 Voca
1178 2015 1296 2043 operarios
1318 2018 1353 2037 etc
1356 2031 1830 2038 .............
1864 2025 1874 2036 11
1899 2017 1940 2039 195

1097 2062 1211 2084 Vocatum
1229 2064 1263 2084 est
1279 2067 1362 2083 nomen
1381 2061 1430 2083 eius
1453 2063 1514 2084 lesus
1551 2078 1829 2084 ........
1865 2071 1874 2083 »
1899 2062 1940 2084 140

1098 2108 1195 2131 vocavit
1211 2108 1274 2130 illum
1292 2111 1314 2130 et
1331 2108 1362 2130 ait
1379 2108 1420 2130 illi:
1439 2108 1498 2136 Quid
1517 2109 1560 2131 hoc
1581 2108 1650 2131 audio
1668 2111 1711 2131 etc.
1746 2125 1752 2131 .
1786 2125 1790 2130 .
1827 2125 1832 2130 .
1864 2117 1874 2128 ιι
1896 2108 1940 2131 384

1100 2156 1152 2182 Vos,
1170 2155 1209 2183 qui
1227 2155 1297 2178 secuti
1316 2137 1423 2177 esusque.
1441 2158 1475 2178 etc
1478 2165 1874 2178 ...........
1895 2156 1939 2178 552

1508 2392 1528 2415 C

1096 2486 1186 2514 Cognoi
1194 2489 1260 2508 erunt
1278 2486 1400 2508 Dominum
1418 2486 1441 2508 in
1458 2487 1567 2509 fractione
1584 2486 1649 2514 panis
1668 2504 1672 2508 .
1706 2503 1711 2508 .
1745 2504 1751 2509 .
1784 2504 1789 2508 .
1822 2493 1877 2516 paq.
1896 2488 1934 2509 281

1191 2541 1200 2552 l)
1331 2541 1341 2552 n
1472 2541 1482 2552 7)
1613 2541 1624 2552 1)
1665 2548 1828 2555 .....
1864 2542 1874 2553 1)
1895 2534 1938 2555 286

1097 2579 1215 2602 Constituit
1233 2586 1286 2602 eum
1304 2585 1374 2607 super
1392 2580 1503 2602 excelsam
1522 2582 1605 2602 terram
1627 2583 1670 2602 etc.
1704 2597 1708 2601 .
1743 2597 1748 2602 .
1782 2597 1787 2602 .
1823 2598 1827 2602 .
1863 2589 1873 2600 υ
1897 2580 1938 2602 472

1510 2650 1529 2672 D

1098 2721 1128 2742 Da
1145 2721 1242 2748 sapienti
1260 2720 1403 2742 occasionem
1422 2723 1457 2742 etc
1460 2737 1828 2743 ...........
1863 2730 1873 2741 »
1898 2722 1937 2742 108

1097 2767 1191 2789 Difficile
1209 2767 1356 2789 aestimamus
1373 2773 1432 2795 quae
1451 2767 1471 2788 in
1491 2770 1549 2789 terra
1567 2769 1620 2789 sunt
1636 2770 1679 2789 etc.
1705 2784 1710 2789 .
1744 2784 1749 2789 .
1784 2785 1788 2789 .
1823 2785 1828 2789 .
1862 2776 1872 2787 >1
1893 2768 1937 2789 609

1098 2814 1219 2842 Disciplina
1238 2817 1284 2841 tua,
1301 2814 1349 2842 ipsa
1368 2820 1404 2836 me
1421 2814 1513 2837 docebit
1549 2831 1828 2837 ........
1862 2823 1873 2835 1>
1895 2814 1933 2837 441

1097 2861 1192 2883 Domine
1211 2861 1277 2888 Deus,
1296 2861 1408 2888 propitius
1424 2864 1472 2883 esto
1489 2864 1524 2883 cte
1527 2878 1828 2883 .........
1861 2870 1872 2882 >ι
1894 2862 1938 2883 272

1097 2909 1207 2931 Dominus
1223 2908 1286 2930 dabit
1304 2907 1402 2930 verbum
1420 2908 1630 2936 evangelizantibus
1647 2911 1690 2931 etc.
1706 2926 1710 2930 .
1745 2926 1750 2930 .
1784 2925 1790 2930 .
1824 2916 1828 2920 ·
1863 2918 1873 2928 ι»
1893 2909 1937 2930 250

1098 2955 1207 2977 Dominus
1224 2955 1285 2977 misit
1303 2961 1338 2977 mc
1357 2956 1417 2977 lesus
1434 2958 1469 2977 etc
1472 2972 1827 2977 ..........
1862 2964 1871 2975 ,‚
1895 2955 1937 2977 478
