2243 3348
244 1912 337 1931 Marianus

220 1941 231 1954 a
246 1936 347 1954 Florentia.

227 2645 255 2664 De
266 2645 356 2663 sermoni-

238 2668 273 2686 bus
296 2668 356 2686 Boua-

239 2693 336 2710 venturae.

354 158 372 186 4
1110 148 1343 178 INTRODUCTIO.

354 235 430 261 fuerit
448 235 564 266 organico
583 232 764 262 instrument03
783 232 841 263 quia
853 231 904 256 Vos
922 231 971 255 iam
983 230 1009 254 in
1022 228 1131 254 armario
1143 227 1198 252 the-

355 278 527 304 saurizavistis
550 276 682 302 memoriae
706 274 925 306 incomparabilem
944 272 1061 298 scientiae
1080 270 1200 302 margari-

356 321 422 351 tam,
441 321 519 346 claret
543 319 734 348 evidentissime,
753 317 818 349 quod
840 317 886 341 sub
911 315 1104 341 mensurationis
1120 313 1199 338 libra-

355 365 420 389 mine
440 363 578 389 stateratae
590 362 718 392 iustaeque
731 360 898 392 proportionis
911 359 1077 384 moderamine
1089 356 1200 382 membra

355 407 441 432 vestra
460 406 583 437 compegit
601 404 707 430 naturae
725 403 819 435 digitus
838 402 963 434 polientis.
982 401 1048 426 Hinc
1066 400 1116 430 est,
1136 399 1201 431 quod

356 450 426 475 scitis
444 449 549 474 rationis
568 447 712 479 aequilibrio
737 453 863 471 secernere
889 444 1011 470 falsitatis
1029 444 1113 469 inania
1131 450 1146 467 a
1165 449 1201 467 re-

356 493 477 518 ctitudine
495 491 618 516 veritatis.
639 490 705 515 Hinc
723 490 773 518 est,
792 488 857 521 quod
884 496 928 520 per
946 487 1079 519 ingenialis
1097 486 1201 511 virtutis

357 535 508 567 potentiam,
527 534 553 558 in
572 532 695 564 profunda
713 539 824 563 quaeque
839 530 930 556 mentis
949 530 1054 562 figentes
1072 529 1200 558 intuitum,

357 577 452 603 secreta
471 576 594 608 penitiora
614 575 739 600 rimamini
757 574 952 605 Scripturarum.
971 573 1036 597 Hinc
1055 572 1105 601 est,
1125 571 1200 603 quod,

357 620 456 646 funesta
475 620 592 644 vitiorum
611 618 669 643 tabe
687 618 713 642 in
737 618 836 643 exilium
861 616 986 648 relegata,
1007 616 1066 641 solis
1084 615 1135 640 Vos
1154 615 1201 639 vir-

358 664 455 689 tutibus
473 663 613 688 dedicastis.
634 661 699 686 Hinc
717 661 769 690 est,
788 660 852 692 quod
871 660 995 685 evitantes
1013 659 1114 684 honoris
1133 658 1202 683 fasti-

356 707 412 738 gia,
432 706 528 731 erectus
546 705 607 730 estis
626 705 651 729 in
670 704 763 735 apicem
788 703 916 728 cardineae
935 702 1080 734 dignitatis,
1099 700 1201 732 cogente

357 748 552 780 praeeminentia
570 747 703 772 cathedrae
722 746 857 778 pastoralis
870 756 894 770 ».

432 791 523 821 «Quod
541 798 589 816 vox
606 790 695 819 etiam,
716 797 759 821 per
777 797 851 820 quam
870 789 978 819 leporem
991 787 1145 819 eloquentiae
1167 787 1202 811 in-

357 834 470 866 telligere
498 833 640 865 philosophi
668 832 814 861 voluerunt,
832 832 945 863 linguam
963 831 1073 856 vestram
1093 830 1145 855 suis
1164 829 1203 854 do-

358 878 451 902 taverit
468 877 578 902 donariis
597 876 622 901 et
640 876 739 905 ditarit,
759 875 798 900 est
816 874 930 899 similiter
949 873 1117 898 manifestum.
1136 872 1202 897 Nam

359 921 498 946 orationum
518 920 658 945 vestrarum
678 918 817 949 congeries,
843 918 925 942 aureis
943 916 1074 941 verborum
1093 915 1203 947 phaleris

360 963 490 994 trabeata,
510 963 580 994 quasi
600 961 746 993 quibusdam
776 960 897 985 sideribus
923 960 1025 984 stellata
1044 958 1160 990 refulget,
1179 958 1204 983 et

359 1006 566 1038 praedicationem
585 1005 695 1030 vestram
714 1004 749 1029 sic
767 1003 847 1035 lepido
867 1003 1047 1028 sententiarum
1068 1009 1138 1027 succo
1151 1009 1203 1033 per-

359 1050 477 1079 funditis,
498 1050 532 1074 510
550 1048 655 1073 facundo
683 1048 807 1072 rationum
834 1047 933 1071 nectare
956 1045 1103 1074 fecundatis,
1126 1045 1155 1070 ut
1179 1045 1204 1069 et

360 1092 472 1117 auditum
492 1091 645 1123 permulceat
663 1090 688 1115 et
706 1091 788 1115 animo
807 1089 964 1114 eblandiatur
977 1099 1002 1113 >›.

435 1145 447 1157 ι(
459 1135 490 1160 Ι11
503 1135 576 1166 gestu
590 1141 696 1166 quoque,
716 1134 758 1165 qui
772 1133 840 1158 totus
851 1134 876 1157 in
896 1132 1063 1157 moderatione
1080 1132 1203 1161 consistit,

360 1185 432 1209 quem
451 1177 574 1209 perdulcis
594 1176 717 1201 rhetorica
735 1176 822 1200 multis
840 1175 911 1200 afflat
933 1174 1068 1200 honoribus
1086 1174 1111 1198 et
1129 1174 1204 1199 extol·

359 1221 402 1250 lit,
422 1221 464 1252 qui
483 1220 614 1245 venustam
633 1219 728 1244 confert
746 1219 828 1243 animo
846 1218 996 1247 comitatem,
1024 1225 1053 1242 ex
1081 1217 1205 1248 praeliba-

360 1264 394 1288 tis
412 1264 517 1292 elicitur,
530 1262 594 1294 quod
608 1262 670 1287 satis
688 1261 792 1286 discrete
811 1261 861 1286 Vos
874 1261 961 1292 gerItis
974 1261 999 1285 et
1017 1260 1127 1285 honeste.
1143 1260 1205 1289 Quia

361 1314 410 1332 non
423 1306 461 1331 est
474 1305 588 1330 credibile
601 1312 645 1329 nec
657 1304 804 1336 congrueret
817 1304 916 1333 rationi,
930 1303 995 1334 quod
1007 1303 1058 1328 Vos
1072 1303 1152 1334 (cuius
1167 1310 1205 1333 pe-

361 1350 437 1375 ctoris
455 1349 582 1373 thalamus
601 1348 640 1372 est
658 1348 744 1372 tantae
758 1346 903 1378 prudentiae
917 1346 1049 1371 monilibus
1062 1345 1205 1374 exornatus,

363 1393 419 1424 qui,
437 1391 639 1422 circumscriptae
658 1390 762 1415 habenis
779 1390 899 1415 modestia
918 1388 1064 1413 refraenans
1082 1388 1205 1412 humanae

362 1435 509 1466 fragilitatis
528 1441 666 1463 excessum,
687 1434 725 1457 sui
752 1433 853 1463 aurigat
872 1432 897 1456 et
915 1432 1002 1463 dirigit
1020 1431 1129 1455 animum
1150 1438 1207 1462 pos-

362 1477 477 1509 sessoris)
497 1477 535 1501 vir
553 1476 625 1507 gestu
644 1476 732 1500 essetis
750 1475 869 1503 iniurius,
889 1474 929 1499 vel
947 1475 972 1498 in
992 1481 1051 1498 suae
1068 1473 1207 1504 temperan-

361 1520 410 1544 tiae
437 1519 525 1551 regula
552 1518 669 1543 valeretis
693 1518 823 1543 anomalus
848 1517 964 1548 reperiri;
984 1517 1044 1548 quin
1072 1516 1155 1547 potins
1181 1516 1205 1540 in

363 1563 441 1594 gestis
460 1562 485 1587 et
503 1561 615 1593 gestibus
643 1561 848 1591 circumspectus,
869 1560 981 1591 placidus
1006 1560 1066 1584 estis
1085 1560 1205 1590 alloquio,

362 1605 469 1630 blandus
488 1605 551 1634 visu,
571 1605 596 1629 et
615 1604 679 1635 quod
698 1604 737 1628 est
755 1604 919 1632 laudabilius,
938 1604 965 1628 in
987 1602 1110 1634 potestate
1129 1603 1207 1627 humi—

363 1649 408 1678 lis,
428 1656 490 1680 quae
508 1648 615 1672 humiles
635 1648 779 1678 persaepius
797 1647 822 1671 in
842 1647 948 1678 quadam
968 1646 1083 1671 elationis
1102 1646 1208 1671 ventosi—

361 1691 414 1716 tate
426 1691 580 1722 turgefacere
593 1690 729 1715 consuevit.
743 1690 806 1719 Quid
816 1690 937 1721 igitu1·?...
949 1689 987 1714 Sic
997 1690 1058 1714 estis
1067 1689 1208 1721 gratiarum

362 1734 506 1759 muneribus
526 1733 626 1758 mirifice
645 1734 789 1762 serenatus,
808 1733 838 1757 ut
856 1733 918 1757 nihil
937 1732 1013 1757 Vobis
1031 1740 1046 1756 a
1065 1732 1157 1757 natura
1174 1732 1207 1756 sit

364 1777 463 1808 penitus
481 1777 644 1808 denegatum,
664 1783 726 1807 quae
745 1777 785 1800 vix
804 1776 849 1800 aut
867 1783 924 1800 raro
942 1776 968 1800 in
986 1776 1093 1806 aliquem
1106 1783 1208 1800 consue-

363 1820 401 1845 vit
419 1827 549 1851 congerere
569 1827 672 1844 suarum
690 1819 785 1844 dotium
804 1819 956 1844 donativa».

434 1863 528 1887 Ultimo
540 1862 592 1887 loco
605 1862 709 1893 denique
722 1862 852 1886 audiamus
865 1862 1004 1886 Marianum
1018 1861 1190 1885 Florentinum
1199 1860 1207 1872 ¹

363 1905 529 1936 inquientem,
549 1904 614 1936 quod
641 1904 831 1933 Bonaventura,
857 1904 972 1928 Minister
1000 1903 1139 1932 Generalis,
1159 1910 1209 1928 non

365 1949 481 1974 obstante
500 1948 572 1973 officii
592 1948 713 1979 pondere,
733 1947 797 1979 quod
816 1948 913 1978 egregie
932 1946 1029 1978 quidem
1049 1946 1209 1977 persequeba-

366 1992 420 2021 tur,
441 1999 537 2022 semper
565 1991 742 2022 praedicando,
768 1990 872 2022 legendo
897 1990 922 2015 et
939 1990 1017 2015 libros
1037 1989 1164 2014 scribendo
1184 1997 1209 2014 se

366 2034 510 2066 occupabat.

367 2110 390 2131 2.
407 2108 521 2131 Sermones
540 2107 616 2130 tamen
639 2114 653 2130 a
671 2107 693 2130 S.
719 2107 879 2130 Beneventum
904 2113 914 2129 e
940 2106 1052 2135 suggestu
1075 2106 1162 2136 prolati
1183 2106 1210 2129 ut

428 2146 551 2177 plurimum
568 2153 610 2169 non
628 2146 656 2169 ab
672 2146 720 2175 ipso
737 2145 828 2176 scripti,
846 2145 884 2168 sed
900 2152 928 2168 ex
945 2152 981 2168 ore
998 2145 1047 2168 eius
1058 2145 1086 2168 ab
1099 2144 1154 2168 aliis
1170 2152 1211 2168 ex-

431 2185 490 2216 cepti
508 2185 557 2208 sive
573 2185 686 2215 reportati
703 2185 765 2208 sunt.

438 2253 477 2278 Ad
496 2260 548 2277 rem
567 2252 626 2277 dicit
644 2252 673 2276 P.
699 2251 824 2277 Fidelis²z
849 2252 966 2276 «Nullas
993 2252 1057 2277 forte
1084 2252 1212 2277 conciones

368 2297 447 2327 ipsius
466 2303 541 2320 manu
559 2296 656 2326 integre
675 2295 782 2326 scriptas
801 2302 847 2320 nos
865 2294 1009 2326 producturi
1029 2295 1120 2319 erimus
1133 2295 1158 2318 in
1177 2294 1213 2318 lu-

369 2346 434 2368 cem,
454 2339 493 2363 vel
512 2339 577 2363 certe
597 2345 700 2369 paucas,
720 2345 775 2362 cum
794 2339 847 2369 ipse
867 2337 1022 2368 praedicator
1035 2337 1111 2362 fuerit
1125 2337 1213 2362 extem-

370 2389 493 2413 poraneus
506 2391 532 2405 ».
550 2381 586 2405 De
604 2381 650 2405 hac
669 2381 819 2411 reportandi
848 2388 972 2405 sermones
991 2380 1167 2405 cousuetudine
1184 2380 1214 2405 ut

370 2425 414 2449 illa
441 2425 523 2449 aetate
553 2424 753 2449 communissima
782 2424 855 2455 plura
882 2423 959 2448 refert
992 2431 1076 2449 recens
1107 2424 1214 2455 scriptor

371 2468 449 2499 Lecoy
467 2467 497 2492 de
514 2467 540 2491 la
558 2467 658 2492 Marche
671 2466 688 2495 ³,
712 2467 786 2491 immo
805 2467 877 2496 dicit,
897 2466 1047 2492 constitutos
1075 2466 1151 2491 fuisse
1169 2466 1215 2490 Pa-

371 2511 437 2535 risiis
455 2510 551 2535 habiles
571 2510 718 2541 scriptores,
738 2511 779 2541 qui
799 2510 895 2534 statuto
908 2509 1086 2534 Universitatis
1099 2509 1215 2534 teneban-

372 2554 428 2583 tur,
447 2554 476 2578 ut
494 2561 577 2578 omnes
597 2553 755 2584 reportarent
774 2560 912 2582 sermones,
931 2553 973 2584 qui
992 2560 1037 2583 pro
1057 2552 1216 2577 studentibus

371 2596 538 2621 habebantur.

442 2638 477 2663 Ut
495 2639 524 2663 de
543 2638 721 2663 Bonaventura
745 2638 907 2669 singulariter
931 2638 1074 2669 loquamur,
1103 2638 1215 2667 constat,

373 2682 419 2707 hoc
437 2682 507 2707 modo
527 2681 671 2713 reportatas
689 2688 742 2706 esse
761 2681 786 2705 et
804 2681 897 2712 scripto
916 2681 1023 2705 traditas
1042 2681 1094 2705 tam
1114 2681 1217 2706 celeber-

1255 227 1331 251 rimas
1350 226 1408 251 illas
1436 226 1581 251 collationes
1608 226 1634 250 in
1662 225 1831 251 Hexaemeron
1856 233 1929 257 quam
1955 225 1984 250 de
2002 225 2100 257 Septem

1256 269 1333 294 Donis
1352 268 1460 300 Spiritus
1479 268 1559 294 sancti
1578 268 1603 293 et
1616 268 1645 293 de
1658 268 1745 294 Decem
1765 268 1922 300 Praeceptis,
1942 276 2004 300 quae
2022 268 2048 293 in
2060 276 2101 294 no—

1256 312 1309 337 stro
1327 312 1394 337 tomo
1413 311 1443 337 V.
1462 312 1598 342 impressae
1617 311 1678 336 sunt
1687 310 1706 335 ⁴.
1724 326 1759 329 —
1778 311 1835 337 Non
1854 311 1893 336 est
1911 311 1995 336 tamen
2013 311 2102 342 impro-

1256 355 1351 386 babile,
1384 355 1566 387 praedicatores
1594 354 1718 379 interdum
1747 355 1864 386 relegisse
1887 355 1913 379 et
1943 354 2101 386 aliquatenus

1257 399 1399 423 emendasse
1419 405 1544 423 sermones
1563 405 1578 422 a
1596 397 1648 422 suis
1666 396 1831 422 familiaribus
1853 397 2008 429 reportatos3
2028 397 2102 423 immo

1257 442 1322 467 inter
1341 441 1575 467 Bonaventurianos
1600 447 1725 465 sermones
1749 440 1912 465 inveniuntur
1936 441 2011 472 aliqui
2031 441 2104 472 pauci

1258 484 1294 509 ita
1313 483 1420 515 perfecte
1439 483 1582 514 compositi,
1596 482 1625 507 ut
1643 483 1668 507 111
1682 490 1735 507 eam
1749 483 1933 514 propendamus
1945 483 2103 513 sententiam,

1257 527 1353 552 eosdem
1374 526 1470 558 integre
1490 533 1543 551 esse
1561 533 1576 550 a
1594 525 1685 551 Sancto
1705 525 1826 557 scriptos,
1845 526 1911 551 inter
1930 533 1991 557 quos
2012 525 2103 557 praeci-

1258 577 1305 601 pue
1325 576 1479 594 recensemus
1498 569 1623 600 copiosum
1642 568 1712 593 illum
1731 568 1757 593 et
1775 568 1905 593 sublimem
1925 575 2062 594 sermonem
2074 568 2104 594 de

1262 611 1374 643 Corpore
1396 611 1522 638 Christi&

1328 656 1384 680 Iam
1404 662 1447 686 per
1467 662 1492 680 se
1510 654 1592 686 patet,
1612 653 1637 679 et
1655 654 1779 685 expressis
1797 654 1879 679 verbis
1891 654 1951 680 dicit
1963 654 2104 685 praedictus

1259 698 1346 723 auctor
1365 698 1443 729 Lecoy
1457 696 1475 727 ⁶,
1495 704 1622 722 sermones
1634 697 1691 722 illos
1710 704 1759 722 non
1773 697 1894 728 scriptos,
1908 697 1950 722 sed
1963 696 2105 728 reportatos

1259 741 1383 766 ordinario
1402 748 1451 766 non
1472 740 1578 772 perfecte
1596 741 1732 771 exprimere
1751 739 1876 771 integrum
1890 747 2035 770 sermonem,
2048 747 2106 771 qua-

1258 784 1290 809 lis
1309 792 1338 809 ex
1356 791 1397 809 ore
1425 784 1528 808 dicentis
1554 783 1660 814 prodiit,
1689 783 1731 807 sed
1758 782 1851 807 multas
1874 783 1977 807 lacunas
1996 782 2106 813 aliosque

1259 827 1369 852 defectus
1381 826 1502 851 exhibere.
1516 826 1568 851 Hoc
1581 826 1711 851 manifeste
1723 826 1830 857 apparet
1842 825 1916 850 etiam
1930 826 1956 850 in
1969 825 2019 850 fere
2031 825 2108 850 omni-

1259 870 1305 895 bus
1324 877 1339 894 a
1357 869 1428 895 nobis
1447 869 1519 894 editis
1539 869 1701 894 sermonibus.

1329 913 1431 937 Minime
1449 913 1525 937 etiam
1555 912 1682 944 probabile
1702 912 1754 941 est,
1779 912 1802 936 S.
1830 911 2034 937 Bonaventuram
2060 911 2106 936 ali-

1259 964 1334 988 quam
1360 964 1461 981 suorum
1490 963 1631 981 sermonum
1660 956 1828 981 collectionem
1854 954 1940 986 postea
1958 954 2106 980 instituisse.

1259 1000 1356 1024 Talium
1376 999 1547 1025 collectionum
1568 999 1611 1023 illa
1630 999 1713 1024 aetate
1732 1006 1806 1030 quam
1820 999 1942 1030 plurimae
1955 997 2035 1022 factae
2048 997 2108 1022 sunt

1260 1042 1285 1067 et
1297 1042 1377 1067 adhuc
1390 1042 1502 1072 exstant,
1516 1049 1578 1074 quas
1592 1049 1665 1073 saepe
1678 1042 1757 1073 Lecoy
1768 1041 1794 1066 et
1806 1041 1880 1066 etiam
1894 1041 2013 1066 Haureau
2024 1039 2032 1053 ⁷
2046 1048 2108 1065 com-

1259 1086 1406 1111 memorant.
1420 1085 1486 1110 Satis
1499 1085 1573 1110 etiam
1590 1085 1709 1116 apparet,
1723 1084 1787 1116 quod
1801 1085 1826 1109 in
1844 1084 1902 1109 istis
1914 1083 2107 1114 collectionibus,

1260 1136 1323 1160 quae
1341 1129 1486 1160 plerumque
1506 1128 1613 1159 plurium
1643 1127 1840 1159 praedicatorum
1860 1127 1988 1152 conciones
2010 1127 2109 1152 coniun-

1260 1172 1314 1196 ctas
1333 1171 1463 1201 exhibent,
1483 1172 1554 1203 quasi
1574 1178 1670 1202 semper
1695 1170 1815 1202 quaedam
1842 1170 1954 1200 mutata,
1980 1169 2109 1195 contracta

1261 1215 1300 1239 vel
1319 1215 1393 1239 aucta
1413 1222 1457 1246 pro
1476 1214 1553 1246 gustu
1571 1214 1741 1245 colligentium
1761 1213 1931 1238 inveniuntur.

1263 1289 1284 1311 3.
1303 1287 1419 1311 Sermones
1437 1294 1497 1310 saec.
1522 1287 1585 1317 XIII,
1607 1294 1651 1310 non
1676 1286 1763 1317 quidem
1789 1287 1885 1317 profane.
1910 1285 2047 1317 eloquentia,
2071 1285 2110 1309 sed

1326 1326 1415 1356 copiosa
1432 1325 1560 1355 theologica
1574 1325 1679 1349 doctrine.
1695 1326 1718 1349 et
1735 1325 1902 1349 sententiarum
1914 1324 2057 1349 abundantia
2069 1331 2110 1348 ex-

1325 1365 1420 1388 cellunt.

1334 1432 1370 1457 De
1389 1433 1435 1457 hoc
1452 1432 1512 1457 dicit
1530 1432 1559 1456 P.
1579 1432 1670 1457 Fidelis
1682 1431 1704 1456 ⁸:
1729 1442 1741 1454 <⁴
1755 1432 1833 1457 Nemo
1852 1432 1955 1463 quaeret
1973 1432 1999 1456 in
2019 1438 2111 1457 sermo—

1263 1475 1338 1499 nibus
1357 1475 1447 1500 saeculi
1468 1475 1555 1499 decimi
1575 1475 1643 1499 tertii
1662 1475 1771 1506 leporem
1800 1474 1917 1499 classicae
1945 1473 2111 1505 eloquentiae,

1264 1517 1306 1542 sed
1325 1517 1451 1542 doctrinae
1471 1517 1622 1549 theologicae
1636 1517 1801 1542 admirabitur
1814 1516 2008 1548 praestantiam,
2027 1524 2112 1542 sacrae

1264 1561 1408 1592 Scripturae
1427 1561 1631 1592 interpretandae
1651 1561 1765 1592 peritiam
1785 1567 1887 1592 eamque
1903 1560 1953 1585 vim
1972 1560 2111 1590 definiendi,

1264 1604 1388 1629 dividendi
1407 1604 1432 1629 et
1451 1603 1657 1635 argumentandi,
1676 1611 1738 1635 qnae
1752 1604 1854 1635 propria
1866 1603 1905 1628 est
1923 1602 2033 1629 methodi
2045 1602 2113 1628 scho-

1263 1647 1367 1672 lasticae
1387 1647 1455 1672 illius
1474 1647 1574 1672 aetatis.
1594 1647 1664 1671 Unde
1683 1647 1714 1671 ad
1732 1647 1872 1672 huiusmodi
1890 1653 2016 1672 sermones
2035 1646 2113 1671 veluti

1264 1690 1295 1715 ad
1315 1690 1440 1715 tractatus
1466 1698 1508 1715 seu
1536 1690 1663 1715 doctrinae
1691 1689 1773 1715 fontes
1797 1689 1972 1714 recurrendum
1992 1689 2044 1719 est,
2063 1696 2113 1715 non

1264 1741 1322 1759 vero
1341 1734 1370 1758 ut
1389 1734 1420 1758 ad
1439 1734 1544 1758 formam
1563 1734 1680 1758 classicae
1698 1733 1886 1764 eloquentiae».

1335 1777 1467 1802 Methodus
1486 1777 1574 1801 horum
1595 1784 1735 1801 sermonum
1753 1776 1837 1801 differt
1861 1784 1876 1801 a
1901 1776 2037 1808 praeclaris
2059 1783 2114 1801 san-

1265 1821 1361 1845 ctorum
1375 1820 1479 1844 Patrum
1493 1820 1641 1845 homileticis
1654 1819 1849 1851 expositionibus
1862 1827 1946 1844 sacrae
1959 1819 2114 1850 Scripturae,

1265 1864 1290 1888 et
1304 1864 1378 1888 etiam
1392 1871 1407 1888 a
1420 1863 1597 1888 consuetudine
1611 1863 1790 1888 sermocinandi
1803 1863 1945 1892 recentiori,
1958 1870 2003 1887 nec
2016 1869 2115 1894 respon-

1265 1907 1307 1931 det
1320 1907 1405 1938 gustui
1416 1907 1540 1931 litterario
1554 1907 1634 1931 nostri
1647 1906 1775 1937 temporis.
1788 1905 1926 1937 Praecepta
1942 1906 2039 1937 quidem
2052 1906 2115 1930 anti-

1266 1958 1327 1982 quae
1341 1949 1487 1974 Rhetoricae
1500 1956 1548 1974 non
1563 1949 1664 1973 fuerunt
1676 1949 1721 1973 illa
1739 1949 1820 1973 aetate
1833 1949 1928 1980 ignota,
1941 1956 1997 1973 cum
2009 1949 2035 1973 in
2048 1948 2116 1974 scho-

1264 1993 1297 2018 lis
1315 1994 1364 2017 iam
1383 1993 1408 2017 in
1428 1992 1556 2023 quatrivio
1576 1992 1675 2023 praeter
1693 1992 1883 2023 grammaticam
1902 1991 2019 2016 Latinam
2040 1991 2116 2016 etiam

1265 2036 1398 2061 Rhetorica
1416 2035 1558 2065 doceretur,
1572 2035 1596 2060 et
1609 2035 1703 2066 scripta
1721 2035 1845 2060 rhetorica
1864 2035 2001 2065 Ciceronis,
2021 2034 2117 2060 Aristo-

1266 2079 1323 2103 telis
1337 2079 1362 2103 et
1376 2078 1522 2110 praesertim
1535 2077 1632 2102 Boethii
1651 2085 1724 2108 saepe
1740 2078 1892 2108 citarentur,
1911 2078 1937 2102 in
1962 2077 2116 2103 sermonibus

1266 2122 1350 2146 tamen
1369 2121 1415 2145 has
1433 2121 1551 2152 profanae
1570 2121 1723 2152 eloquentiae
1742 2121 1810 2145 artes
1833 2121 1946 2146 consulto
1971 2120 2117 2146 Scholastici

1267 2164 1317 2189 fere
1336 2164 1500 2196 neglexerunt
1518 2164 1637 2195 tanquam
1652 2171 1740 2195 parum
1757 2164 1831 2195 aptas
1844 2171 1889 2195 pro
1902 2163 1977 2189 verbo
1990 2163 2035 2188 Dei
2048 2171 2117 2195 prae-

1268 2208 1379 2232 dicando.

1339 2250 1388 2275 Pro
1409 2252 1551 2276 sanctorum
1571 2250 1676 2275 Patrum
1695 2250 1811 2280 homiliis,
1831 2258 1893 2282 quae
1912 2250 1974 2275 nihil
1995 2250 2054 2275 sunt
2067 2250 2117 2275 nisi

1270 2301 1354 2319 sacrae
1373 2294 1515 2324 Scripturae
1535 2294 1655 2324 expositio
1675 2294 1803 2325 popularis
1829 2294 1854 2318 et
1878 2294 1934 2319 usui
1953 2294 2019 2318 vitae
2038 2293 2117 2325 appli-

1269 2337 1339 2366 cata,
1359 2336 1510 2361 consuetudo
1530 2337 1577 2361 iam
1598 2336 1706 2361 invaluit
1725 2344 1740 2361 a
1752 2336 1801 2361 fine
1815 2337 1906 2362 saeculi
1918 2336 1963 2361 XI.
1981 2335 2118 2368 exponendi

1270 2388 1285 2405 a
1304 2380 1425 2411 suggestu
1453 2379 1605 2410 particulare
1633 2379 1733 2410 aliquod
1759 2387 1844 2404 sacrae
1862 2380 2005 2411 Scripturae
2024 2379 2117 2404 thema.

1271 2424 1325 2448 Hoc
1343 2423 1474 2448 observare
1492 2423 1551 2447 licet
1569 2423 1594 2447 in
1624 2422 1778 2447 sermonibus
1803 2423 1879 2447 Alani
1897 2423 1929 2447 ab
1947 2422 2057 2452 Insulis,
2076 2422 2118 2453 qui

1271 2466 1384 2491 mortuus
1403 2466 1442 2490 est
1460 2473 1500 2490 an.
1523 2465 1599 2491 1202.
1619 2465 1738 2490 Attamen
1765 2466 1839 2490 etiam
1868 2465 1979 2497 tempore
1997 2465 2021 2490 S.
2039 2465 2118 2490 Bona-

1271 2509 1392 2533 venturae
1411 2508 1531 2539 expositio
1551 2508 1682 2540 Evangelii
1696 2516 1740 2540 per
1758 2509 1856 2533 modum
1872 2509 1985 2540 integrae
2003 2508 2118 2533 homiliae

1272 2559 1321 2576 11011
1341 2551 1395 2576 erat
1415 2551 1515 2582 penitus
1535 2551 1642 2575 sublata.
1662 2551 1743 2576 Testis
1768 2552 1807 2576 est
1831 2552 1884 2582 ipse
1907 2551 2051 2582 seraphicus
2069 2550 2119 2576 Do-

1272 2595 1338 2623 ctor,
1359 2594 1400 2625 qui
1419 2594 1495 2618 etiam
1515 2601 1597 2619 coram
1618 2595 1686 2625 regia
1704 2594 1800 2619 familia
1818 2595 1843 2619 et
1855 2594 1915 2619 alibi
1929 2594 2017 2618 saltem
2037 2593 2119 2618 decem

1272 2638 1388 2663 homilias
1406 2637 1502 2666 habuit,
1522 2644 1584 2668 quae
1604 2638 1629 2661 in
1649 2637 1749 2662 elencho
1767 2637 1857 2662 codicis
1875 2636 2034 2662 Ambrosiani
2053 2635 2120 2661 infra

1273 2681 1377 2706 notandi
1404 2680 1588 2705 inscribuntur:
1610 2679 1760 2705 Summaria
1777 2680 1885 2704 intentio
1913 2679 2052 2711 Evangelii
2073 2679 2120 2704 etc.

436 2819 444 2832 ¹
463 2820 484 2842 ln
504 2820 611 2842 fasciculo
629 2819 795 2841 chronicorum
812 2819 866 2842 Ord.
885 2819 944 2847 Min„
962 2818 1001 2841 lib.
1019 2820 1042 2842 ll.
1060 2826 1080 2842 c.
1098 2820 1134 2842 25.

437 2850 445 2863 ²
462 2852 515 2874 Loc.
533 2851 571 2873 cit.
588 2857 641 2878 pag.
660 2850 696 2872 87.

435 2882 444 2897 3
460 2883 490 2905 La
508 2883 585 2905 chaire
602 2882 721 2911 Francaise
738 2888 767 2904 au
784 2888 869 2910 moyen
881 2880 932 2910 ege,
945 2882 1006 2905 Paris
1020 2883 1093 2909 1868,
1106 2888 1159 2910 pag.
1172 2882 1217 2904 299

373 2920 446 2957 seqq}
463 2945 522 2968 Vide
539 2945 569 2968 ihi
587 2945 761 2972 pfolegomena,
779 2950 798 2967 c.
816 2944 838 2966 6.
855 2944 878 2966 7.
896 2945 917 2966 s.

1340 2818 1349 2831 ⁵
1367 2819 1388 2840 ln
1406 2819 1457 2841 eod.
1476 2818 1504 2840 V.
1522 2821 1593 2844 tomo,
1611 2824 1664 2846 pag.
1683 2818 1736 2840 553.

1339 2849 1348 2862 Β
1365 2851 1448 2877 Lecoy,
1466 2850 1591 2877 pag.p30¹.

1340 2880 1348 2893 ⁷
1366 2881 1455 2903 Nolices
1472 2884 1494 2903 et
1511 2881 1602 2903 extraits
1619 2881 1649 2903 de
1670 2882 1783 2909 quelques
1804 2880 1940 2902 manuscrits
1961 2879 2027 2902 latins
2049 2879 2078 2902 de
2100 2879 2121 2901 la

1276 2912 1434 2941 bibliotheque
1452 2912 1571 2939 nationale,
1591 2912 1652 2934 Paris
1670 2912 1811 2939 11891-1189&
1829 2911 1884 2934 tomi
1902 2911 1924 2933 ὃ.

1338 2943 1347 2956 ⁸
1364 2944 1418 2966 Loc.
1434 2944 1472 2966 011.
1489 2950 1544 2971 pag.
1565 2943 1613 2965 141.

2145 639 2224 678 1701010-

2117 676 2176 702 centis
2185 681 2194 694 a

2117 703 2151 717 ris.

2205 863 2208 883 1

2127 912 2154 931 De
2166 917 2215 931 00111-

2122 941 2166 954 num
2184 941 2218 955 0⁰·

2131 959 2207 978 0110111111

2131 1780 2158 1798 De
2171 1779 2237 1799 11101110

2133 1803 2235 1822 5011010011»

2127 1832 2169 1845 rum
2178 1827 2197 1845 in
2219 1823 2238 1849 11-

2148 1850 2202 1869 dican
2216 1853 2230 1874 (1

2132 2253 2159 2271 De
2171 2251 2232 2271 homil*

2150 2276 2232 2295 Parrum.

2138 2424 2209 2443 Alanus
2220 2423 2236 2442 al

2155 2447 2229 2466 insulis.
