2243 3348
271 357 348 375 Divisio.

237 681 281 699 Pars
294 681 307 700 Ι.
320 680 352 698 Sa-

231 705 297 723 lutatio
310 704 352 722 Vir-

224 728 272 751 ginis
285 729 304 746 et
317 732 348 750 gra

230 752 267 770 tiae
280 751 298 769 in
312 751 352 773 ipsa

236 774 338 798 plenitudo.

237 1006 288 1030 Septi
292 1006 355 1024 formis

234 1030 304 1054 gratiae
317 1030 356 1053 ple-

259 1052 331 1071 nitudo.

240 1146 283 1165 Fuit
295 1146 350 1169 plana

227 1170 288 1192 primo
300 1169 360 1191 gratia

236 1193 350 1212 sanctifican-

259 2216 351 2236 Secundo,

251 2241 309 2263 gratia
322 2240 358 2257 for>

263 2263 350 2281 titicante.

364 179 423 207 Ἰ678

367 257 419 285 tria
441 254 543 285 notari,
566 260 636 289 quae
659 251 806 288 perfectam
828 248 947 278 reddunt
961 246 1128 279 orationem;
1151 245 1208 280 ipse
1229 249 1230 253 ¹

365 303 437 332 enim
449 300 635 336 Archangelus
649 297 758 326 Gabriel
774 299 903 332 tanquam
919 294 1008 322 bonus
1023 295 1116 321 orator
1130 298 1209 328 prae-

367 349 450 378 mittit
464 347 555 384 primo
568 344 774 374 salutationem
796 341 924 378 Virginis
944 340 978 368 ad
1000 338 1111 367 modum
1127 345 1210 366 exor-

366 395 419 428 dii,
441 401 503 423 cum
525 392 605 421 dicit:
630 392 650 419 Α
659 398 705 423 oe,
726 388 828 426 pratia
847 387 952 424 mena,-
972 385 1102 418 secundo,
1118 383 1211 412 subdit

367 450 425 470 cuin
432 439 619 468 initiationem
634 439 786 472 conceptus
800 433 958 471 ‘virginalis
972 432 1006 460 ad
1021 431 1132 459 modum
1148 437 1211 458 nar-

368 486 495 519 rationis,
518 492 580 513 cum
601 483 691 512 addit:
715 481 858 510 Dominus
879 483 989 512 tectum
1012 477 1101 510 tertio,
1117 476 1212 505 subin-

366 534 421 562 fert
442 531 661 560 benedictionem
684 528 783 556 laudis
809 527 842 555 ad
871 525 983 554 modum
1013 522 1212 556 conclusionis,

367 588 429 609 cum
452 578 609 614 subiungit:
632 575 779 604 benedicta
801 578 832 602 tu
853 573 883 601 in
905 571 1078 600 mutieribus
1094 571 1113 598 ¹.

446 626 463 653 l.
486 625 613 653 Salutans
634 622 718 659 igitur
740 620 878 657 Virginem
901 617 1030 650 Mariam,
1048 616 1113 645 dicit
1128 617 1214 652 Ange-

367 674 427 702 lus:
450 673 470 700 A
479 680 524 704 oe,
545 670 649 708 gratia
667 669 770 706 plena,
792 669 824 695 nt
845 666 871 694 in
890 664 1026 694 sermonis
1041 663 1083 692 sui
1099 662 1214 691 exordio

369 719 465 748 reddat
486 717 624 754 Virginem
654 714 834 746 benevolam,
856 711 976 741 docitem
1002 714 1028 739 et
1057 713 1213 742 attentam,

368 765 520 795 secundum
542 764 596 792 tria
617 761 751 791 vocabula
771 761 798 789 in
821 759 985 788 salutatione
1006 759 1141 786 contenta.
1160 756 1214 783 Hoc

368 816 460 842 autem
484 809 656 840 salutationis
677 807 841 840 exordium,
862 804 989 842 quamvis
1003 804 1038 832 sit
1053 803 1152 836 breve,
1174 804 1216 830 est

368 863 460 888 tamen
483 858 567 891 utile,
588 856 654 893 quia
668 855 750 883 datur
769 853 848 882 nobis
869 853 895 880 in
917 860 949 880 eo
969 851 1058 879 forma
1079 848 1214 878 salutandi

370 905 526 942 Virginem;
548 911 611 932 cum
634 902 668 930 sit
689 900 930 937 compendiosum,
945 900 986 926 est
1002 900 1090 925 tamen
1106 899 1216 924 senten-

371 953 488 985 tiosum;
504 959 557 979 non
573 950 644 979 enim
667 948 725 977 sine
746 955 829 976 causa
848 945 986 982 Virginem
1008 943 1153 972 salutatam
1169 950 1216 970 vo-

371 1002 415 1028 cat
435 997 622 1034 Archangelus
649 994 757 1023 Gabriel
785 992 887 1030 pratia-
912 991 1038 1028 plenam..
1060 989 1122 1018 Fuit
1143 989 1215 1017 enim

372 1046 455 1082 Virgo
476 1044 559 1072 Maria
580 1041 731 1079 septiformi
754 1038 924 1077 plenitudine
945 1038 1033 1074 plena.

452 1091 531 1119 Plena
552 1089 652 1118 etenim
674 1088 726 1116 suit
743 1087 832 1124 gratia
851 1084 1053 1121 sanctificante
1067 1083 1100 1111 ad
1116 1090 1217 1119 purga-

373 1140 496 1166 mentum
517 1135 654 1164 foeditatis
675 1134 788 1170 culpae,
810 1141 825 1161 a
845 1140 901 1169 qua
928 1131 980 1159 fuit
1007 1137 1123 1166 prorsus
1151 1137 1216 1165 pur-

373 1188 435 1222 gata
456 1191 504 1220 per
525 1182 657 1219 gratiam,
680 1181 717 1209 ita
739 1183 770 1209 ut
790 1180 823 1208 de
844 1187 875 1207 ea
896 1178 947 1206 dici
971 1177 1057 1214 possit
1081 1176 1147 1205 illud
1171 1176 1217 1204 Ec-

373 1230 515 1260 clesiastici
539 1229 671 1266 vigesimo
686 1231 765 1256 sexto
781 1227 807 1254 2:
835 1225 942 1254 Gratia
962 1232 1052 1261 super
1071 1223 1218 1260 qratiam,

374 1277 479 1306 mulier
500 1280 605 1305 sancta
619 1279 643 1303 et
656 1274 817 1311 pudorata.
839 1272 944 1301 Mulier
957 1275 1073 1304 saneta,
1089 1278 1137 1306 per
1153 1278 1219 1306 pur-

374 1324 510 1361 gationem
541 1323 655 1355 mentis,
677 1326 702 1349 et
720 1321 888 1357 pudorata,
912 1326 960 1355 per
983 1317 1219 1353 incorruptionem

376 1371 480 1404 carnis,
502 1369 717 1398 antonomastice
739 1370 780 1396 est
801 1367 884 1402 Virgo
905 1365 1004 1397 Maria,
1026 1364 1059 1392 de
1081 1371 1136 1400 qua
1157 1363 1220 1391 Ber-

374 1417 479 1446 nardus
499 1416 533 1445 ad
555 1415 750 1452 Lugdunenses
772 1413 882 1442 scribit:
909 1423 922 1437 α
938 1412 998 1440 Fuit
1018 1411 1121 1448 qnippe
1136 1411 1220 1438 Mater

376 1464 481 1493 Domini
504 1466 567 1491 ante
589 1464 682 1490 sancta
704 1468 786 1497 quam
808 1463 871 1488 nata
887 1470 916 1492 »3
939 1466 989 1487 nec
1005 1461 1111 1486 tantum
1127 1460 1222 1486 sancta

374 1512 442 1544 fuit,
474 1510 520 1539 sed
552 1509 634 1538 etiam
666 1508 819 1545 pudorata;
852 1506 926 1535 unde
958 1506 1028 1534 idem
1064 1504 1222 1533 Bet-nardus

375 1557 532 1594 subiungit:
561 1557 673 1589 «Puto,
694 1554 768 1591 quod
790 1554 925 1590 copiosior
953 1552 1041 1589 gratia
1069 1551 1222 1580 sanctifica-

376 1604 458 1633 tionis
490 1604 515 1631 in
548 1611 606 1632 eam
628 1601 816 1635 descenderit,
838 1608 909 1637 quae
937 1607 990 1628 non
1023 1601 1129 1627 tantum
1163 1597 1222 1626 61115

376 1650 589 1680 sanctificaverit
609 1652 719 1682 ortum,
741 1647 788 1676 sed
810 1650 837 1676 et
858 1647 942 1675 vitam
957 1646 991 1674 ab
1006 1645 1078 1673 omni
1094 1644 1223 1680 deinceps

376 1702 488 1735 peccato
502 1696 653 1725 custodiret
668 1696 857 1724 immunem».
876 1693 1014 1721 Rationem
1031 1694 1123 1720 autem
1139 1691 1223 1719 huius

378 1745 473 1781 plenae
494 1747 521 1772 et
544 1742 679 1779 perfectae
700 1740 923 1770 sanctificationis
948 1739 1068 1775 assignat
1089 1738 1224 1774 Propheta

378 1791 404 1819 in
426 1791 544 1823 Psalmo,
567 1797 629 1818 cum
651 1788 731 1816 dicit:
756 1787 880 1815 Domum
903 1790 985 1814 tuam
1013 1785 1088 1813 [lecet
1115 1783 1224 1812 saneti—

378 1838 463 1871 tacto,
489 1837 623 1869 Domine,
653 1832 682 1863 in
711 1833 920 1871 lonyituclinem
949 1832 1072 1860 dierum.
1103 1831 1133 1859 Et
1160 1838 1224 1867 pro-

378 1887 473 1921 pterea
494 1883 637 1911 Anselmus
652 1882 662 1898 ³
684 1881 764 1910 dicit:
792 1891 805 1905 ιι
822 1880 955 1912 Decebat,
977 1881 1008 1907 ut
1035 1878 1110 1906 illius
1138 1877 1225 1906 homi-

380 1930 421 1959 nis
443 1929 583 1966 conceptio
604 1929 683 1957 fieret
703 1927 737 1956 de
758 1928 844 1955 Matre
865 1919 1015 1963 purissima
1035 1932 1067 1953 ea
1088 1924 1224 1961 puritate,

379 1985 435 2014 qua
456 1977 543 2005 maior
564 1976 616 2004 suh
635 1975 691 2003 Deo
712 1974 808 2010 nequit
829 1972 981 2009 intelligi».
996 1988 1035 1991 ——
1050 1971 1081 1999 Et
1096 1971 1157 1999 ideo
1171 1978 1225 1998 non

381 2027 486 2052 tantum
510 2022 612 2051 dicitur
633 2021 736 2058 gratia,
759 2020 805 2049 sed
832 2019 934 2056 qratia
961 2027 1050 2055 super
1075 2017 1225 2055 qratiam,

381 2079 431 2107 pro
452 2078 499 2103 eo,
521 2069 593 2106 quod
610 2068 689 2105 plena
704 2067 756 2096 suit
769 2067 858 2103 gratia
879 2065 1075 2095 sanctificante.
1097 2064 1227 2092 Dicamus

381 2125 447 2153 ergo
468 2124 531 2145 cum
554 2115 668 2152 Angelo:
693 2116 768 2147 Ave,
788 2113 890 2150 qratia
909 2112 1005 2149 plena.

461 2163 542 2191 Plena
562 2162 642 2190 etiam
665 2161 717 2189 fuit
736 2160 824 2197 gratia
844 2158 1022 2197 fortificante
1036 2158 1070 2186 ad
1084 2157 1227 2186 fulcimen-

383 2212 441 2238 tum
464 2209 631 2237 infirmitatis
653 2215 771 2244 poenae,
794 2215 827 2235 ne
849 2213 972 2243 unquam
988 2207 1080 2242 posset
1101 2204 1226 2240 superari

383 2257 411 2284 in
432 2256 596 2287 tentatione;
618 2254 691 2283 unde
713 2254 763 2282 sibi
786 2256 860 2282 recte
882 2252 1011 2289 competit
1026 2251 1093 2279 1111111
1114 2252 1228 2279 Prover-

385 2304 494 2332 biorum
517 2302 662 2331 undecimo
677 2302 703 2328 4:
726 2301 830 2329 Mulier
857 2300 992 2337 gyratiosa
1019 2298 1142 2327 inveniet
1167 2297 1227 2334 ylo-

449 2450 456 2463 ¹
475 2451 561 2473 Similia
578 2451 600 2472 S.
618 2451 705 2472 Bonav.
722 2449 776 2472 dicit
794 2449 814 2470 in
833 2449 1003 2471 Commentario
1021 2448 1043 2470 in
1060 2449 1144 2470 Lucam
1164 2447 1230 2475 (tom.

388 2491 432 2512 111.
449 2496 503 2517 pag.
521 2490 572 2518 22),
590 2495 708 2517 exponens
725 2488 796 2510 verba
814 2489 867 2510 Luc.
890 2488 908 2514 i.
926 2488 967 2509 ⁶28:
989 2496 999 2507 α
1013 2488 1034 2509 111
1058 2487 1230 2509 denuntiatione

386 2532 511 2556 conceptus
526 2528 605 2555 tutori,
617 2529 639 2550 in
652 2534 697 2556 qua
709 2527 814 2555 procedit
824 2527 925 2554 Angelus
937 2529 1046 2554 tanquam
1061 2525 1136 2548 bonus
1153 2526 1230 2547 rhetor

386 2567 454 2589 valde
475 2567 591 2593 ordinate,
614 2570 636 2588 et
657 2566 799 2594 Evangelista
825 2565 921 2592 explicat
946 2565 1053 2592 perfecte.
1079 2563 1230 2586 praemittitur

387 2605 448 2628 enini
466 2604 617 2627 salutationis
634 2604 772 2633 inpressas,⁴
789 2603 891 2626 secundo
909 2603 1001 2625 additur
1012 2601 1161 2625 'mn-rationis
1176 2608 1231 2631 pro-

388 2650 480 2671 cessus,
499 2643 542 2665 ibi:
560 2643 588 2666 El
605 2643 638 2666 ait
655 2643 675 2665 ei
692 2642 810 2672 Amyclas:
823 2643 857 2665 Ne
869 2642 967 2670 timeas;
979 2641 1127 2669 subiungitur
1139 2640 1230 2664 conclu·

387 2682 460 2705 sionis
478 2681 605 2709 terminus,
624 2681 668 2704 ibi:
686 2681 785 2710 Ideoque
801 2683 823 2703 et
839 2681 902 2710 quod
918 2682 1028 2703 nascetur
1041 2683 1083 2702 etc.
1102 2681 1157 2702 lstae
1170 2680 1229 2701 enim

388 2725 441 2744 sunt
458 2724 534 2749 partes
551 2721 724 2749 principaliores
741 2721 849 2742 orationis
867 2720 1006 2747 rhetoricae,
1023 2720 1070 2742 scil.
1087 2718 1227 2746 ezorclz'zmz,

389 2760 498 2783 narratio
515 2762 538 2782 et
554 2759 686 2787 conclusio,
704 2760 832 2782 secundum
851 2759 950 2781 Tullium
969 2759 994 2787 (Ι.
1008 2759 1099 2781 11116101.
1119 2764 1138 2780 c.
1160 2758 1229 2786 l4)1›.

389 2800 475 2822 Deinde
492 2800 568 2828 quoad
586 2798 737 2822 salutationis
755 2799 890 2828 inpressum
905 2798 933 2821 de
950 2798 1045 2820 exordio
1063 2798 1123 2824 dicit,
1140 2798 1231 2825 «Ange-

389 2839 435 2860 lum
454 2842 557 2866 captasse
574 2837 768 2865 benevolentiam,
781 2838 879 2860 erexisse
891 2836 1055 2867 confidentiam
1067 2839 1089 2858 et
1100 2836 1231 2858 exhibuisse

389 2876 577 2899 reverentiam».
595 2877 618 2898 111
636 2875 786 2904 sequentibus
803 2876 881 2903 plures
902 2875 1024 2897 sententias
1045 2877 1067 2897 et
1090 2875 1152 2897 locos
1174 2874 1231 2896 Scri-

390 2919 471 2943 pturae
487 2916 563 2941 affert,
581 2915 604 2937 in
622 2916 664 2937 hoc
676 2915 712 2936 161
725 2914 916 2942 praecedentibus
933 2913 1080 2936 sermonibus
1092 2913 1189 2935 habitos.
1201 2926 1231 2930 --

390 2954 496 2977 Ceterum
514 2954 535 2975 in
554 2955 597 2976 hoc
614 2960 719 2976 sermone
742 2960 785 2975 non
808 2953 929 2981 exponitur
946 2953 981 2975 illa
1004 2953 1118 2981 generalis
1135 2953 1230 2981 divisio,

955 168 1127 198 SERMONES
1150 168 1191 195 DE
1213 167 1240 196 B.
1262 165 1393 194 VlRGlNE
1416 164 1523 193 MARtA.
2224 122 2229 194 1,

1266 243 1353 271 riam.
1376 241 1495 274 Mulier,
1519 240 1648 277 inquam,
1670 239 1750 275 plena
1777 238 1864 275 gratia
1892 237 2060 266 fortitudinis
2082 237 2108 265 in

1266 296 1374 325 pugna,
1396 287 1520 316 inveniet
1539 286 1667 323 ploviam
1689 285 1777 314 laudis
1797 288 1825 313 et
1846 284 1958 313 honoris
1980 284 2005 312 in
2025 284 2109 313 victo-

1268 335 1317 363 ria.
1339 334 1390 362 Sed
1412 334 1483 361 hanc
1503 332 1655 361 mulierem
1675 331 1779 368 fortem
1801 330 1867 368 quis
1888 330 2024 364 inveniet,
2039 337 2110 366 quae

1267 384 1357 417 eaput
1378 382 1507 408 conterat
1537 378 1639 406 inimici
1671 381 1698 406 et
1725 377 1861 414 serpentis
1888 376 2017 413 antiqui?
2039 376 2111 404 Hanc
2228 383 2230 398 t

1268 426 1371 455 invenit
1394 425 1511 462 Angelus
1533 424 1693 457 salutando;
1715 424 1772 453 sola
1792 423 1864 452 enim
1888 423 1955 452 haec
1976 426 2026 457 est,
2041 430 2112 459 quae

1268 473 1430 502 fortitudine
1451 472 1527 509 pedis
1548 471 1678 500 contrivit
1698 474 1781 507 caput
1801 470 1903 498 diaboli
1925 473 1953 498 et
1974 469 2113 498 interemit

1269 520 1427 549 universam
1450 519 1616 548 haereticam
1639 518 1812 555 pravitatem.
1828 517 1903 546 Unde
1917 516 2074 545 Bernardus
2086 515 2112 544 ⁵:

1274 578 1287 592 α
1303 567 1362 603 Ipsa
1387 570 1428 595 est
1449 565 1587 602 quondam
1615 573 1631 592 a
1660 564 1715 592 Deo
1743 563 1878 600 promissa
1905 563 2021 596 mulier,
2043 570 2114 599 quae

1270 613 1406 650 serpentis
1426 612 1532 649 antiqui
1555 615 1644 649 eaput
1665 611 1775 640 virtutis
1790 610 1858 647 pede
1875 610 2019 643 contrivit,
2035 609 2115 638 6111115

1272 660 1351 696 plane
1372 659 1508 688 calcaneo
1536 659 1562 687 in
1593 658 1687 686 multis
1714 657 1845 686 versutiis
1869 656 2047 689 insidiatum
2068 656 2114 685 sed

1271 706 1329 735 51116
1350 714 1447 739 causa;
1470 705 1528 734 sola
1548 705 1621 733 enim
1643 704 1783 733 interemit
1810 703 1967 732 universam
1998 703 2116 732 haereti-

1271 761 1330 782 cam
1353 753 1559 790 pravitatem».
1586 752 1673 788 «Ipsa
1694 751 1791 788 procul
1813 750 1897 779 dubio
1911 753 1994 787 caput
2015 751 2116 779 contri-

1272 800 1311 828 vit
1333 802 1514 832 venenatum,
1535 806 1606 835 quae
1627 797 1811 826 omnimodam
1833 797 1943 834 maligni
1966 797 2117 834 suggestio-

1271 854 1333 875 nem
1357 850 1411 874 tam
1427 846 1461 874 de
1475 845 1567 874 carnis
1581 845 1710 874 illecebra
1725 852 1808 881 quam
1824 844 1858 873 (16
1872 843 1971 872 mentis
1988 844 2119 881 superbia

1271 893 1390 922 deduxit
1410 893 1444 921 atl
1464 893 1582 921 nihilum
1599 904 1625 920 ».
1647 891 1723 921 Unde
1744 891 1803 928 ipsa
1817 891 1875 919 sola
1889 893 1978 927 potest
1992 891 2117 928 gloriari,

1272 940 1346 977 quod
1368 940 1455 977 ipsam
1477 948 1536 968 non
1557 937 1750 976 reprehendat
1764 946 1813 966 eor
1829 938 1888 966 61115
1909 938 1941 966 in
1962 938 2042 966 otnnz'
2058 938 2119 966 vita

1273 995 1332 1016 sua.
1366 987 1396 1015 Et
1427 989 1575 1023 propterea
1605 985 1790 1022 Augustinus:
1817 984 1913 1013 «Cum
1941 984 1975 1013 de
2002 985 2120 1022 peccatis

1273 1035 1374 1071 agitur,
1396 1034 1429 1063 de
1450 1034 1508 1063 sola
1528 1034 1614 1062 Matre
1635 1033 1741 1061 Domini
1758 1033 1834 1061 nullo
1849 1032 1929 1060 modo
1948 1032 2042 1061 haberi
2059 1032 2119 1061 volo

1274 1082 1481 1110 mentionem».
1505 1098 1541 1101 —
1563 1080 1692 1109 Dicamus
1713 1088 1794 1116 ergo:
1818 1080 1884 1108 Ave.

1354 1128 1433 1156 Plena
1455 1128 1537 1156 etiam
1558 1127 1611 1156 fuit
1625 1127 1713 1163 gratia
1727 1130 1947 1155 consummante
1961 1126 1994 1155 ad
2010 1127 2120 1163 supple·
2137 1127 2243 1174 gggg²ig3¹l

1274 1178 1397 1203 mentum
1420 1174 1633 1203 defectibilitatis
1657 1176 1789 1206 naturae,
1811 1176 1842 1201 ut
1863 1173 1939 1201 nulla
1966 1176 2122 1202 remaneret
2141 1175 2243 1199 summani]

1274 1223 1301 1251 in
1324 1229 1356 1250 ea
1379 1222 1501 1250 vacuitas
1532 1221 1713 1257 indigentiae,
1735 1220 1782 1249 secl
1811 1223 1885 1248 recte
1913 1223 2005 1256 posset
2031 1219 2122 1248 dicere
2242 1211 2243 1220 ¹

1275 1270 1343 1298 illud
1366 1269 1470 1306 primae
1492 1268 1525 1297 ad
1546 1268 1703 1296 Corinthios
1723 1267 1829 1296 decimo
1851 1268 1948 1304 quinto
1963 1267 1990 1294 ⁶:
2016 1267 2123 1295 Gratia-

1275 1317 1330 1345 Dei
1349 1324 1414 1344 sum
1439 1316 1470 1343 id
1490 1315 1567 1353 quod
1587 1323 1667 1348 suni,
1683 1318 1708 1342 et
1727 1314 1831 1351 qratia
1845 1315 1908 1342 eius
1923 1314 1954 1342 in
1968 1322 2012 1342 nie
2026 1322 2123 1342 vacua

1276 1372 1335 1392 non
1356 1362 1431 1399 fuit,
1453 1362 1532 1398 quasi
1553 1361 1640 1390 dicat:
1662 1361 1720 1397 ipse
1741 1361 1875 1389 Dominus
1891 1360 1970 1389 ‘dedit
1996 1368 2056 1389 esse
2076 1368 2124 1389 na-

1278 1413 1374 1443 turae,
1396 1412 1423 1437 et
1444 1409 1511 1437 illud
1533 1408 1737 1437 consummavit
1758 1410 1785 1436 et
1807 1407 1921 1444 perfecit
1941 1415 1990 1444 per
2005 1407 2124 1444 plenitu-

1277 1457 1368 1485 dinem
1391 1456 1504 1493 gratiae.
1528 1456 1558 1483 Et
1579 1455 1640 1483 ideo
1661 1455 1741 1483 dicit:
1764 1463 1822 1482 non
1842 1453 1902 1491 fuit
1924 1462 2037 1488 vacua,
2060 1454 2125 1491 quia

1278 1504 1390 1532 omnino
1410 1503 1463 1531 fuit
1485 1503 1597 1539 repleta.
1613 1502 1689 1530 Unde
1710 1501 1882 1530 Bernardus:
1903 1512 1915 1525 a
1928 1501 1995 1537 Quis
2009 1508 2124 1529 vacuam

1278 1550 1397 1583 dixerit,
1419 1558 1503 1586 quam
1526 1549 1628 1577 salutat
1643 1548 1761 1585 Angelus
1781 1547 1870 1584 gratia
1884 1547 2014 1584 plenam?
2032 1547 2126 1584 Neque

1280 1598 1332 1626 hoc
1353 1597 1456 1630 solum,
1478 1596 1525 1625 sed
1540 1596 1631 1624 adhuc
1646 1603 1757 1632 quoque
1772 1594 1799 1622 in
1815 1602 1874 1623 eam
1890 1597 2126 1631 superventurum

1279 1644 1377 1673 asserit
1405 1644 1538 1680 Spiritum
1567 1645 1703 1671 sanctum.
1724 1642 1761 1670 Ad
1787 1641 1871 1678 quid,
1893 1641 1962 1675 11151,
1987 1643 2019 1670 ut
2046 1641 2127 1670 adve-

1280 1691 1372 1719 niente
1392 1690 1445 1718 iam
1468 1690 1572 1726 Spiritu
1594 1692 1701 1723 sancto,
1723 1689 1804 1726 plena
1823 1688 1889 1723 sibi;
1912 1688 2006 1717 eodem
2029 1695 2127 1725 super-

1280 1738 1422 1770 veniente,
1455 1737 1533 1765 nobis
1561 1744 1673 1772 quoque
1701 1736 1780 1764 fieret
1808 1735 1974 1772 superplena
1988 1737 2021 1762 »?
2051 1734 2127 1763 Unde

1281 1784 1340 1821 ipsa
1354 1783 1451 1812 habuit
1465 1783 1581 1820 gratiam
1605 1782 1901 1811 consummatissimam
1924 1789 2009 1818 super
2023 1788 2127 1815 omnes,

1281 1830 1434 1858 secundum
1450 1829 1523 1866 quod
1544 1828 1610 1857 dicit
1631 1828 1812 1864 Hieronymus
1827 1828 1854 1855 ⁷:
1881 1828 1984 1856 «Sicut
2005 1827 2031 1856 in
2054 1835 2128 1856 com-

1282 1877 1423 1914 paratione
1446 1876 1492 1904 Dei
1516 1883 1596 1904 nemo
1621 1875 1726 1908 bonus,
1748 1875 1786 1903 ita
1814 1878 1840 1903 et
1868 1875 1895 1903 in
1924 1875 2128 1911 comparatione

1281 1923 1377 1951 Matris
1391 1922 1499 1950 Domini
1522 1922 1597 1950 nulla
1613 1921 1753 1950 invenitur
1770 1921 1899 1958 perfecta,
1915 1924 2129 1958 quantumcum-

1282 1978 1337 2007 que
1348 1969 1500 1998 virtutibus
1514 1968 1619 1997 eximia
1633 1968 1830 2005 comprobetur
1841 1980 1867 1995 n.
1880 1984 1917 1987 ——
1930 1968 2044 2004 Propter
2055 1967 2129 2005 quod

1282 2019 1357 2045 recte
1379 2016 1429 2045 sibi
1453 2023 1602 2052 possumus
1622 2015 1714 2043 dicere
1742 2023 1805 2043 cum
1834 2015 1992 2048 Salomone,
2016 2015 2130 2043 Prover-

1282 2063 1392 2092 biorum
1417 2062 1556 2099 trigesimo
1578 2062 1682 2098 primo:
1706 2061 1813 2090 Multae
1833 2061 1912 2098 filiae
1939 2067 2130 2099 conpr-epave-

1283 2113 1354 2138 runt
1375 2109 1512 2142 divitias,
1535 2112 1565 2137 tit
1587 2117 1780 2145 supergressa
1800 2117 1829 2137 es
1843 2109 2009 2142 universas,
2024 2111 2129 2137 etcum

1283 2157 1384 2193 Angelo
1406 2156 1542 2184 salutare:
1566 2157 1634 2183 Ave.

2236 879 2243 1091 ——4ffl-;⁴-.
2235 832 2243 874 sex.—
2239 816 2241 826 -
2232 675 2243 809 evam

1363 2203 1444 2231 Plena
1465 2202 1645 2231 nihilominus
1659 2202 1747 2239 gratia
1762 2202 1914 2230 decorante
1934 2202 1967 2230 ad
1985 2209 2131 2230 ornamen-
2143 2202 2243 2249 gsssiss‘ffl}

1284 2253 1343 2278 tum
1376 2249 1527 2277 honestatis
1555 2249 1642 2283 vitae,
1671 2252 1702 2277 ut
1733 2249 1802 2277 nihil
1833 2251 1965 2285 appareat
1985 2248 2012 2277 111
2034 2256 2066 2277 ea
2087 2256 2130 2277 re·
2173 2250 2233 2268 ‘³⁰²⁸-

1283 2296 1485 2333 prehensibile,
1507 2299 1533 2324 et
1555 2296 1706 2324 rectissime
1728 2296 1813 2333 possit
1840 2296 1873 2324 de
1902 2296 1959 2332 ipsa
1983 2295 2034 2324 dici
2056 2295 2129 2332 quod

1285 2446 1324 2468 sed
1343 2449 1431 2468 tantum
1449 2446 1588 2473 septiformis
1605 2445 1726 2474 plenitudo
1743 2445 1836 2474 yratiae
1854 2445 1999 2467 beatissimae
2015 2445 2129 2473 Virginis⁷

1286 2485 1322 2507 <zui
1340 2485 1489 2512 subiungitur
1506 2485 1646 2512 septiformis
1658 2485 1777 2512 dispositio
1790 2491 1816 2506 ex
1829 2487 1893 2512 parte
1904 2483 2067 2513 recipientium
2079 2489 2131 2511 gra-

1287 2524 1340 2546 tiam
1359 2527 1466 2552 tanquan]
1487 2530 1539 2551 pars
1556 2524 1666 2546 secunda.

1349 2561 1357 2574 ²
1376 2563 1442 2585 Vers.
1464 2563 1498 2584 to.
1515 2576 1545 2578 —
1563 2563 1696 2591 Sequuntur
1719 2563 1835 2589 Bernard„
1858 2562 1927 2590 Epist.
1952 2561 2003 2584 lu.
2026 2568 2048 2583 n.
2071 2561 2132 2589 5.⁴ct

1288 2602 1322 2623 Ps.
1340 2602 1383 2628 92,
1401 2601 1423 2623 5.
1753 2601 1762 2613 ³
1780 2602 1812 2623 De
1829 2601 1938 2628 Concept.
1955 2601 2038 2628 virgin.
2056 2607 2075 2622 c.
2097 2601 2131 2622 l8.

1350 2640 1359 2652 '¹
1378 2641 1441 2662 Vers.
1465 2641 1502 2668 ¹65
1520 2642 1624 2669 sequitur
1641 2647 1660 2663 c.
1679 2641 1715 2667 31,
1737 2642 1770 2662 10.
1788 2644 1809 2663 61
1826 2640 1948 2668 respicitur
1965 2640 2021 2662 Gen.
2039 2640 2060 2665 3,
2082 2639 2116 2661 15.

1350 2678 1359 2690 ⁵
1376 2680 1449 2701 Scrm.
1468 2679 1497 2701 de
1514 2679 1606 2701 Domin.
1628 2680 1684 2701 infra
1702 2679 1783 2702 Octh.
1800 2681 1900 2701 Assuuit.
1921 2679 1946 2701 B.
1965 2679 1992 2700 V.
2015 2679 2041 2700 111.
2065 2684 2087 2700 u.
2105 2677 2131 2704 4,

1287 2717 1327 2740 ubi
1344 2718 1465 2745 respicitur
1482 2718 1538 2740 Gen.
1556 2719 1582 2747 3,
1604 2719 1637 2740 15,
1655 2719 1789 2741 lmmediatc
1811 2721 1863 2746 post
1884 2719 2008 2740 afferuntur
2027 2717 2130 2739 eiusdem

1287 2756 1367 2782 verba,
1385 2757 1468 2779 Homil.
1486 2758 1508 2779 2.
1525 2763 1596 2785 super
1613 2757 1701 2780 Missas
1718 2759 1764 2784 est.
1781 2764 1804 2779 n.
1817 2757 1837 2779 4.
1849 2769 1880 2773 —
1892 2757 2025 2785 Sequuntur
2043 2755 2082 2778 lob
2095 2756 2131 2783 27,

1287 2797 1308 2818 6.
1327 2800 1348 2818 61
1365 2797 1470 2824 August„
1487 2797 1515 2818 dc
1534 2797 1582 2819 Nat.
1599 2800 1621 2819 et
1638 2800 1696 2824 grat..
1712 2803 1732 2820 c.
1751 2798 1787 2819 36.
1805 2803 1826 2819 n.
1846 2796 1882 2819 42.

1350 2834 1360 2847 θ
1380 2835 1442 2857 Vers.
1464 2836 1498 2857 10.
1515 2848 1546 2852 -
1564 2836 1672 2864 Sequitur
1690 2836 1807 2862 Bernard„
1823 2842 1893 2858 serm.
1915 2836 1944 2858 de
1965 2835 2054 2857 Dotnin.
2074 2834 2131 2856 intra

1287 2874 1367 2897 Octav.
1385 2875 1485 2898 Assumt.
1503 2875 1527 2897 B.
1546 2876 1573 2897 V.
1594 2876 1620 2897 ill.
1638 2882 1660 2897 n.
1678 2876 1699 2897 2.

1351 2912 1359 2925 ⁷
1378 2913 1453 2935 Potius
1471 2916 1550 2935 auctor
1567 2914 1680 2936 sermonis
1698 2914 1727 2936 de
1744 2914 1844 2936 Assumt.
1863 2914 1885 2935 B.
1905 2914 1930 2935 V.
1948 2914 1975 2935 Μ.
1993 2913 2022 2935 ad
2040 2912 2131 2935 l‘aulam

1288 2955 1310 2975 et
1327 2953 1432 2975 Eustoch.
1451 2952 1519 2980 (inter
1536 2959 1605 2981 opera
1624 2953 1725 2981 Hieron.)
1744 2959 1765 2975 c.
1782 2953 1818 2975 16.
1835 2952 1942 2982 Sequitur
1955 2952 2022 2974 Prov.
2039 2952 2077 2978 31,
2094 2951 2131 2974 29.
