2243 3348
257 1067 336 1086 Divisio.

255 1136 336 1156 Mundus

217 1163 337 1188 comparatur

220 1189 267 1202 mari
284 1191 295 1202 υ
307 1189 336 1202 ra·

219 1207 310 1226 tionibus.

211 1721 333 1740 introductio.

362 190 413 217 192

356 274 542 303 occupamur3
559 267 694 296 Psalmus:
713 267 771 302 Qai
784 267 918 304 elonyanl
932 275 960 295 se
975 275 994 295 a
1009 270 1033 295 te
1050 266 1202 303 peribant,

355 314 511 350 perdidisti
525 322 631 347 onmes,
647 313 699 351 qni
711 313 904 350 sbrnietw'ttztr
920 313 972 341 ahs
987 316 1019 341 te.
1035 329 1074 333 —
1090 313 1203 349 Propter

356 360 493 388 desectum
515 360 609 388 (livini
628 359 796 396 praeconii,
818 360 861 388 cui
891 368 945 387 non
967 367 1111 393 vacamus,
1135 359 1204 387 Psal-

358 414 420 434 mus
433 408 457 434 ¹:
474 406 583 434 Servate
600 406 721 433 Domino
737 406 767 433 in
783 405 886 433 timore
901 409 926 433 et
940 405 1080 433 eoesttltate
1095 405 1121 433 ei
1136 414 1201 433 cam

357 457 497 486 tremore,
520 451 726 489 apprehendite
740 452 942 488 disciplinam,
958 460 993 480 ne
1007 452 1125 489 qaamlo
1140 452 1203 480 'ira-

355 503 458 527 scatur
482 499 633 532 Dominzts,
656 501 681 526 ei
698 498 829 534 pereatis
850 498 884 526 [lc
904 498 954 526 via
976 498 1064 526 iusta.
1085 515 1122 518 —-
1138 499 1202 527 Pro-

356 549 417 582 pter
438 545 574 573 desectum
592 545 708 582 peccati
727 545 907 582 quotidiani,
929 553 945 573 a
966 554 1021 582 quo
1036 554 1091 574 non
1113 554 1202 574 ressa-

356 600 432 623 mus:
456 591 524 620 Osee
545 592 651 620 decimo
672 595 788 628 quarto:
818 592 923 620 Pereat
951 592 1110 626 Samaria,
1132 601 1202 631 qao-

357 639 435 666 niam
449 638 488 666 ati
503 638 733 666 ainaritztsimem
750 639 905 667 concitavit
922 639 1012 667 Deam
1026 648 1114 667 suam
1130 642 1180 668 etc.

694 725 784 753 Sunaio
807 725 827 753 V
840 725 859 753 2.

424 803 506 834 Item,
530 811 609 829 sermo
634 803 721 829 fratris
748 804 939 829 Bonaventurao
958 805 983 829 in
1010 804 1138 830 Conventa
1157 804 1202 829 Pa-

354 854 436 871 risius.

434 920 528 948 atonis
548 928 676 957 maymts
697 919 797 957 factas
818 924 858 948 est
880 920 910 948 in
932 920 1021 954 mari,
1046 921 1087 948 ita
1104 924 1133 948 ul
1150 929 1202 949 na-

357 966 453 994 vicula
475 967 639 1003 operiretur
659 966 807 1003 fluctibus,
830 967 957 996 Matthaei
980 971 1076 996 octavo
1089 968 1108 995 ³.

434 1013 620 1050 spiritualiter
641 1013 696 1042 duo
718 1014 763 1042 liic
792 1017 871 1047 nota,
893 1014 997 1042 scilicet
1024 1015 1130 1043 hostilis
1152 1015 1201 1043 im-

355 1060 530 1097 pugnationis
552 1059 744 1097 multiformis
765 1064 896 1095 concilim,
913 1064 939 1089 et
954 1061 1061 1090 animae
1083 1062 1201 1090 rationa-

354 1107 388 1135 lis
408 1107 585 1135 miserabilis
607 1115 723 1143 prorsus
744 1111 867 1136 eventus.

432 1153 538 1182 Dicitur
559 1157 651 1182 autem
672 1154 794 1182 mundus
815 1162 908 1188 mare,
931 1154 1009 1191 quia,
1032 1154 1103 1183 sicut
1124 1162 1200 1183 mare

354 1203 395 1228 est
416 1201 538 1229 omnium
571 1209 724 1237 aquarum,
754 1201 780 1229 id
809 1204 849 1229 est
878 1201 1200 1238 concupiscentiaram‚

1022 189 1195 218 SERMONES
1215 190 1257 218 DE
1279 190 1442 219 TEMPORE.

1261 267 1353 301 locus3
1385 267 1526 296 sciendum
1558 267 1647 302 enim,
1673 268 1746 305 quod
1776 277 1880 297 «mare
1908 273 1950 298 est
1976 270 2105 298 omnibus

1260 313 1437 348 fluminibus,
1458 314 1580 342 sontibus
1595 317 1621 343 et
1636 315 1737 351 pluviis
1758 315 1834 352 origo
1849 318 1876 344 et
1890 316 2006 352 quies»,
2022 319 2054 344 ut
2067 316 2105 344 di-

1260 360 1297 388 cit
1318 360 1500 397 Philosophus
1522 360 1549 389 in
1571 361 1641 389 libro
1656 361 1745 398 primo
1760 362 1944 390 Meteororum
1956 363 1982 397 4;
1999 363 2037 391 sic
2052 365 2102 392 etc.

1259 423 1298 426 —
1319 406 1449 434 Omnium
1472 407 1710 435 (tinaritmlimtm
1731 416 1883 444 poenarum
1906 411 2017 445 gustus3
2033 409 2104 438 sicut

1260 453 1333 481 enim
1359 465 1372 478 α
1385 457 1644 490 quantumcumque
1665 462 1753 490 aquae
1773 454 1807 483 de
1828 455 1897 483 mari
1920 458 2055 484 exeuntes
2077 459 2104 484 et

1259 508 1275 527 a
1296 500 1352 528 sole
1373 502 1464 528 coctae
1480 500 1556 528 ssuvii
1571 500 1665 529 dulces
1681 501 1789 535 finnt»,
1811 501 1963 530 secundum
1984 502 2104 531 Philoso-

1260 546 1346 582 phum
1358 547 1378 580 ⁵,
1393 546 1483 582 ipsum
1501 549 1591 575 tamen
1606 555 1715 584 semper
1730 548 1830 576 retinet
1844 556 1985 583 amarum3
1998 549 2037 577 sic
2051 552 2102 577 etc.

1259 610 1298 613 —
1318 592 1447 621 Omnium
1481 593 1660 622 materiarum
1691 594 1893 630 corporalium,
1922 595 1948 623 id
1979 598 2021 624 est
2052 595 2105 623 tri-

1260 639 1459 673 bulationum,
1481 640 1574 677 gravis
1595 648 1690 674 casus;
1713 640 1785 669 sicut
1806 641 1878 669 enim
1905 653 1918 666 «
1932 649 2016 670 ovum
2031 650 2104 670 mer—

1259 686 1334 722 gitur
1357 686 1383 714 in
1404 695 1476 723 aqua
1497 686 1586 720 dulci,
1609 687 1683 724 quod
1704 690 1795 716 tamen
1824 696 1877 717 non
1912 688 2048 725 mergitur
2076 688 2104 717 in

1259 741 1331 770 aqua
1353 733 1474 768 maris»,
1497 734 1648 763 secuudum
1671 734 1905 771 Philosophum‘³;
1928 735 1966 764 sic
1987 738 2038 764 etc.
2066 752 2102 757 —

1259 779 1389 808 Omnium
1411 780 1595 814 salsedinum,
1617 781 1644 809 id
1659 784 1700 809 est
1718 780 1940 818 infelicitatum,
1963 782 2104 818 originalis

1259 829 1352 860 ortus;
1375 827 1446 855 sicut
1468 827 1539 855 enim
1560 839 1573 852 «
1588 827 1694 856 salsedo
1715 836 1769 856 non
1792 831 1880 864 potest
1896 829 1967 857 trahi
1983 829 2017 857 ab
2032 837 2105 866 aqua

1261 873 1344 902 maris
1364 873 1415 902 nisi
1439 881 1487 910 per
1510 882 1558 902 vas
1586 882 1698 902 cereum
1729 882 1832 903 novum
1854 875 1880 902 in
1903 875 2008 903 orilicio
2029 875 2104 904 clau-

1259 928 1320 949 sum
1334 931 1360 954 n,
1376 920 1528 949 secundum
1552 920 1746 957 Philosophum
1760 921 1786 955 ⁷;
1801 921 1840 949 sic
1855 925 1906 950 etc.
1922 937 1958 941 —
1974 921 2104 950 Omnium

1260 968 1460 1001 mutationum,
1476 968 1502 996 id
1517 971 1558 996 est
1573 967 1815 1002 instabilitatum,
1831 968 2008 997 multiformis
2023 976 2104 997 even-

1259 1019 1319 1049 tus;
1342 1015 1414 1043 sicut
1434 1015 1516 1049 enim,
1539 1015 1690 1043 sec-undum
1711 1015 1931 1052 Philosophum8
1953 1019 1980 1044 et
2000 1016 2105 1044 Macro-

1258 1062 1350 1096 hium,
1377 1070 1482 1090 «mare
1513 1065 1633 1099 quatuor
1666 1062 1832 1090 mutationes
1863 1062 1960 1099 recipit
1981 1062 2009 1090 in
2030 1063 2104 1091 omni

1258 1117 1351 1137 mense
1369 1108 1521 1137 secundum
1545 1112 1665 1145 quatuor
1687 1108 1843 1145 septenaria
1863 1108 1969 1137 lunae»
1989 1111 2016 1137 et
2041 1116 2104 1137 cen-

1259 1159 1317 1184 tum
1339 1155 1522 1192 quadraginta
1542 1158 1663 1192 quatuor
1685 1163 1786 1192 genera
1808 1155 1925 1192 piscium
1947 1155 2039 1190 habet,
2061 1163 2103 1184 se-

1258 1201 1380 1230 cundum
1403 1202 1518 1230 Plinium
1532 1202 1551 1236 ⁰,
1574 1202 1665 1236 varia3
1688 1202 1727 1230 sic
1748 1206 1799 1230 etc.

959 1326 1116 1355 DOMINICA
1140 1327 1169 1355 V.
1193 1326 1275 1355 POST
1299 1327 1499 1355 EPIPniNLtM.

695 1438 786 1466 Si-:nno
808 1437 817 1465 l
830 1438 860 1465 ¹⁰.

433 1532 532 1560 Simile
552 1535 592 1559 est
612 1539 734 1568 requam
751 1531 899 1559 caelorum
916 1531 1036 1566 homini,
1051 1532 1103 1570 qui
1115 1532 1200 1560 semi-

352 1579 434 1607 navit
456 1579 562 1607 bonam.
583 1587 677 1607 semen.
699 1578 730 1606 ia
752 1587 826 1615 (tyro
847 1587 911 1612 sao,
938 1579 1065 1607 Matthaei
1094 1579 1200 1607 decimo

353 1625 434 1654 tertio
450 1627 481 1653 ¹¹.

431 1673 584 1700 Prothema.
606 1672 744 1701 Surrexit
760 1672 840 1700 Elias
856 1671 1003 1709 Propheta
1024 1673 1099 1701 sicia
1122 1673 1199 1710 igynis

351 1720 460 1752 ardens,
476 1723 502 1747 et
517 1719 636 1748 verbam
651 1719 746 1756 ipsius
760 1720 849 1757 quasi
862 1719 966 1757 facula
987 1720 1118 1748 ardebat.
1136 1721 1200 1749 Ver-

351 1767 417 1795 bum
440 1766 514 1795 istud
535 1766 637 1802 legitur
661 1766 840 1795 Ecclesiastici
869 1766 1080 1803 quadragesimo
1101 1770 1199 1795 octavo

351 1814 384 1842 de
413 1814 549 1850 Propheta
576 1813 622 1841 illo
652 1813 707 1841 Elia
737 1816 913 1849 peccatorum
943 1814 1047 1842 scelera
1067 1814 1198 1842 atrociter

350 1864 485 1897 arguente
506 1863 533 1889 et
547 1861 629 1889 etiam
646 1860 762 1889 verbum
778 1860 889 1888 virtutis
904 1864 1083 1897 proponente.
1100 1861 1127 1889 ln
1143 1869 1199 1897 quo

350 1907 433 1935 datur
455 1907 578 1943 intelligi,
600 1906 674 1943 quod
689 1906 862 1943 praedicator
877 1907 957 1935 debet
979 1914 1038 1935 esse
1053 1915 1068 1935 a
1090 1915 1198 1935 carna-

352 1954 430 1982 litate
451 1954 611 1991 etonyatits,
634 1957 666 1982 ut
687 1953 816 1982 laetificet
836 1954 966 1990 superius
981 1953 1091 1990 agmina
1112 1954 1198 1990 Ange-

350 2000 451 2034 lorum,
464 2004 490 2028 et
505 2000 557 2028 hoe
572 2003 694 2034 notatur,
710 2008 773 2028 cum
788 2000 868 2028 dicit:
885 2000 1022 2028 Surrexit
1036 2000 1115 2028 Elias
1130 2003 1197 2033 etc.;

351 2048 476 2076 caritate
497 2047 710 2083 inflammatus,
733 2050 764 2075 ut
785 2047 879 2075 ardeat
901 2047 1018 2075 interius
1040 2055 1091 2083 pro
1110 2047 1198 2075 salute

351 2094 557 2128 universorum,
579 2094 653 2131 quod
675 2097 797 2127 notatur,
819 2102 882 2122 cum
899 2093 1007 2122 subdit:
1029 2094 1105 2122 sicat
1121 2094 1198 2130 igmis

349 2141 465 2175 ardens;
486 2142 640 2170 sanctitate
662 2142 737 2170 vitae
758 2141 936 2175 illustratus,
951 2144 982 2169 ut
998 2141 1134 2170 illuminet
1149 2148 1198 2169 ex-

349 2188 437 2217 terius
459 2191 564 2217 mentes
579 2188 784 2224 proximorum,
800 2188 874 2224 quod
889 2190 1010 2221 notatur,
1026 2195 1090 2216 cnm
1105 2187 1198 2215 subin-

348 2234 417 2263 fert:
439 2235 560 2263 verbum
583 2235 677 2272 ipsias
699 2235 787 2273 quasi
806 2234 910 2271 facula
928 2234 1059 2263 ardebat.
1076 2251 1114 2254 —
1128 2234 1196 2262 Cum

348 2290 423 2319 ergo,
446 2281 590 2315 carissimi,
612 2290 667 2310 non
689 2282 740 2310 sim
760 2281 880 2310 totaliter
901 2280 1051 2318 elongatus
1073 2289 1088 2309 a
1107 2280 1198 2309 carnis

348 2329 505 2365 voluptate,
528 2328 733 2365 inflammatas
747 2328 846 2357 ardore
861 2328 983 2356 caritatis
998 2335 1047 2356 nec
1063 2327 1144 2356 etiam
1164 2326 1197 2355 zt—

349 2376 494 2404 lustratus
518 2376 587 2404 vitae
603 2375 762 2409 sanctitate3
779 2375 881 2403 idcirco
902 2378 965 2403 ante
980 2374 1070 2402 omnia
1088 2374 1196 2402 divinae

349 2423 457 2459 pietatis
479 2423 651 2451 clementiam
667 2422 863 2458 imploremus,
880 2425 911 2450 ut
931 2429 982 2450 sua
1003 2421 1082 2449 solita
1096 2421 1196 2457 pietate

347 2473 503 2507 sequestret
524 2477 573 2498 nos
587 2477 603 2497 a
617 2469 708 2498 carnis
729 2469 884 2505 voluptate,
900 2467 1061 2504 inflammet
1075 2467 1197 2496 caritatis

412 2626 420 2638 ¹
439 2627 521 2649 Psalm.
539 2628 560 2653 ⁶2,
583 2627 615 2648 ll.
633 2633 695 2655 seq.;
714 2626 818 2654 sequitur
836 2625 894 2648 Osee
913 2625 952 2652 ili,
975 2627 991 2648 l.

414 2665 422 2678 ²
440 2667 471 2688 Ex
488 2666 506 2688 Α
524 2666 563 2688 sol.
583 2666 624 2688 103
642 2672 664 2687 v.

411 2704 420 2717 ³
439 2705 505 2727 Yers.
523 2705 561 2727 24.

411 2743 420 2756 ⁴
438 2744 494 2772 Cap.
512 2745 538 2772 2;
555 2745 596 2766 csr.
614 2744 638 2765 B.
656 2743 749 2771 Albert„
767 2744 790 2765 ll.
809 2744 900 2765 lileleor.
913 2750 931 2766 c.
946 2744 954 2765 vl
966 2744 983 2766 Ι.
995 2749 1044 2772 seq.
1057 2743 1116 2765 Vide
1128 2743 1195 2766 etiam

348 2783 423 2805 Ecele.
444 2785 462 2810 l,
479 2783 502 2805 7.

410 2822 419 2834 ⁵
437 2823 490 2845 Loc.
508 2822 545 2844 cit.
564 2828 585 2844 c.
602 2822 628 2848 33
646 2823 685 2844 cfr.
704 2822 728 2844 B.
745 2821 840 2847 Alhert.⁷
858 2822 901 2844 loc.
917 2821 955 2844 cit.
972 2827 992 2843 c.
1009 2821 1032 2843 7.

409 2860 419 2873 ⁶
436 2862 490 2884 Loc.
508 2862 546 2884 cit.
563 2868 582 2883 c.
600 2861 622 2883 3.
640 2864 662 2883 et
679 2861 702 2882 ll.
720 2861 749 2883 de
766 2861 856 2889 Plantis,
874 2867 894 2883 c.
916 2861 934 2882 1.
952 2860 981 2889 (e.
999 2861 1044 2889 3.);
1062 2862 1101 2883 ct'r.
1119 2861 1144 2882 Β.
1162 2861 1196 2883 ΛΙ-

347 2900 413 2929 bert.,
431 2901 474 2923 luc.
491 2901 529 2923 cii.
547 2906 566 2922 c.
586 2901 622 2922 Ἰ16.

411 2939 419 2952 ⁷
437 2941 490 2962 Loc.
508 2941 543 2962 cit.
563 2945 582 2962 c.
600 2940 626 2968 3;
644 2941 685 2962 cfr.
704 2940 728 2962 Β.
747 2939 840 2966 Albert.,
857 2940 899 2961 loc.
918 2939 954 2961 cit.
972 2945 991 2962 c.
1011 2939 1047 2961 ie.

411 2978 419 2990 ἓ
437 2979 482 3001 Cir.
500 2979 536 3001 lY.
554 2979 583 3001 de
601 2980 704 3001 Generat.
723 2979 815 3001 anImal.
834 2985 854 3001 e.
878 2979 911 3001 10.
924 2982 946 3001 et
958 2979 981 3001 ll.
994 2978 1023 3001 de
1035 2978 1128 3005 Mundo,
1141 2984 1159 3000 c.
1173 2978 1194 3000 5.

1258 1437 1357 1466 ardore
1379 1441 1406 1466 et
1427 1438 1550 1466 illustret
1572 1438 1643 1467 vitae
1664 1439 1820 1474 sanctitate,
1854 1443 1897 1473 ut,
1920 1440 1958 1468 sic
1980 1440 2106 1477 elonyati

1258 1484 1292 1513 ab
1313 1492 1407 1513 amore
1428 1485 1532 1519 carnis,
1554 1485 1733 1522 inflammati
1753 1486 1851 1515 ardore
1880 1487 2002 1516 caritatis
2023 1490 2050 1516 et
2071 1487 2104 1515 il-

1258 1531 1378 1560 lustrati
1399 1532 1545 1568 splendore
1566 1532 1731 1567 sanctitatis,
1753 1533 1892 1569 possimus
1919 1533 2012 1570 aliqua
2039 1541 2103 1562 con—

1256 1579 1330 1608 ferre
1352 1579 1378 1607 in
1401 1580 1539 1614 medium,
1562 1587 1632 1617 qnae
1654 1580 1709 1608 sint
1732 1580 1765 1608 ad
1787 1580 1847 1609 eius
1869 1580 1977 1609 laudem
2000 1584 2027 1609 et
2054 1589 2103 1609 no-

1257 1629 1378 1654 strarum
1401 1626 1557 1655 animarum
1580 1627 1706 1655 salutem.

1336 1672 1436 1701 Simile
1456 1677 1496 1701 est
1517 1682 1640 1710 requam
1662 1673 1809 1702 caelorttiiz
1832 1677 1882 1702 etc.

1335 1720 1478 1755 Quoniam,
1501 1720 1654 1748 secundum
1675 1720 1786 1749 beatum
1802 1721 1963 1757 Dionysium
1976 1722 2008 1755 ¹²,
2027 1733 2040 1746 «
2052 1722 2103 1750 im-

1256 1766 1385 1802 possibile
1417 1769 1470 1800 est,
1504 1766 1582 1795 nobis
1610 1766 1689 1795 aliter
1718 1767 1812 1795 lucere
1840 1767 1964 1796 divinum
1994 1768 2102 1797 radium

1256 1812 1307 1841 uisi
1323 1812 1454 1841 varietate
1473 1821 1617 1841 sacrorum
1636 1813 1804 1842 velaminum
1828 1814 2056 1843 circumvelatum
2071 1826 2084 1840 »
2095 1826 2101 1849 ;

1256 1859 1320 1888 hinc
1341 1862 1395 1893 est,
1411 1860 1484 1896 quod
1499 1860 1633 1888 Dominus
1648 1863 1741 1889 noster
1757 1861 1830 1889 lesus
1845 1861 1985 1895 Christus,
2000 1862 2102 1896 sciens,

1255 1905 1329 1942 quod
1357 1906 1443 1942 magis
1470 1909 1541 1935 esset
1562 1906 1713 1942 expediens
1740 1907 1902 1935 caecutienti
1930 1907 2024 1944 generi
2050 1908 2103 1936 hun

1255 1961 1351 1986 mano,
1380 1953 1527 1981 mirificum
1560 1961 1631 1989 opus
1662 1953 1807 1982 creationis
1836 1954 1956 1982 hominis
1983 1954 2103 1991 explicat

1255 2000 1281 2028 in
1305 2000 1389 2028 verbo
1418 2000 1558 2036 proposito
1579 2000 1631 2028 sub
1659 2001 1916 2029 convenientissima
1941 2001 2103 2038 metaphora

1256 2046 1381 2075 hominis
1395 2047 1566 2075 seminantis
1582 2047 1688 2075 bonum
1709 2056 1802 2075 semen
1825 2048 1857 2076 in
1877 2056 1951 2085 (tyro
1972 2057 2040 2082 sao,
2062 2048 2102 2077 di-

1255 2100 1334 2121 cens:
1358 2093 1457 2121 Simile
1481 2097 1520 2121 est
1540 2102 1664 2130 regimim
1688 2094 1836 2122 caelorum
1858 2098 1909 2123 etc.
1931 2095 2008 2123 Tunc
2029 2095 2101 2123 enim

1254 2140 1389 2168 Dominus
1417 2140 1521 2168 honam
1555 2149 1649 2169 semea
1680 2141 1834 2169 seminavit
1866 2141 1896 2170 in
1925 2149 1999 2179 apro
2030 2150 2101 2176 sao,

1254 2187 1365 2224 quando
1393 2187 1420 2215 in
1442 2195 1508 2224 agro
1531 2188 1674 2216 machinae
1695 2188 1843 2217 mundialis
1863 2188 1931 2226 fecit
1958 2188 2102 2218 hominem

1254 2234 1295 2262 ati
1315 2234 1473 2271 ‘imayiizem
1494 2238 1519 2263 et
1539 2234 1762 2263 similitudinem
1782 2244 1879 2264 suam.
1902 2236 1958 2265 Sub
1979 2236 2031 2264 hac
2045 2244 2102 2265 me-

1254 2281 1370 2317 taphora
1385 2281 1554 2309 nobilissima
1576 2282 1745 2318 exprimitur
1760 2282 1862 2311 creatio
1877 2283 1996 2311 hominis
2017 2291 2102 2320 qnan-

1255 2330 1311 2355 tum
1334 2326 1367 2355 ad
1386 2327 1570 2364 principiam
1598 2327 1755 2365 effectivam
1785 2328 1811 2356 111
1845 2329 2032 2365 metaphorica
2053 2328 2102 2357 lto-

1253 2374 1342 2402 mim's
1370 2374 1583 2410 significatione;
1613 2377 1748 2411 qnantum
1776 2375 1810 2403 ad
1839 2375 2000 2404 subiectum
2027 2384 2101 2404 rece-

1250 2421 1364 2457 ptimmz
1393 2421 1419 2448 in
1452 2421 1523 2458 aqri
1543 2421 1661 2450 nominis
1688 2421 1875 2459 designatione
1907 2425 1933 2451 et
1965 2425 2100 2459 quantum

1253 2467 1286 2495 ad
1309 2471 1407 2496 actam
1429 2468 1633 2497 intermedium
1655 2469 1682 2497 in
1709 2468 1777 2497 boni
1799 2469 1918 2498 seminis
1947 2470 2100 2499 iactatione.

1255 2627 1283 2653 (e.
1303 2627 1341 2655 4.),
1360 2627 1399 2649 ubi
1418 2627 1490 2655 tangit
1507 2628 1638 2655 generalem
1661 2627 1729 2649 lunae
1746 2626 1856 2649 inssuxnm
1880 2627 1903 2648 in
1921 2633 1991 2649 mare.
2009 2627 2100 2649 Planius

1254 2665 1382 2688 insinuatur
1398 2672 1409 2688 a
1429 2666 1510 2692 Plinio,
1530 2666 1554 2687 ll.
1572 2666 1672 2687 Natural.
1688 2665 1772 2687 Histor.
1789 2671 1809 2687 c.
1826 2665 1863 2687 99.
1882 2665 1948 2693 (alias
1960 2664 2016 2693 97.),
2028 2671 2099 2694 quem

1253 2705 1323 2731 Beda,
1341 2705 1370 2727 (le
1388 2705 1531 2733 Temporum
1548 2705 1648 2733 ratione,
1667 2710 1687 2726 c.
1705 2705 1742 2726 29.
1760 2704 1789 2726 ita
1807 2704 1915 2733 explicat,
1933 2704 1992 2726 sicut
2009 2704 2045 2727 hic
2063 2705 2100 2726 lia-

1253 2742 1327 2765 betur.
1345 2756 1375 2759 —
1392 2743 1499 2771 Macrob.y
1517 2744 1531 2765 Ι,
1549 2744 1571 2766 111
1588 2743 1682 2766 Somnio
1705 2743 1827 2771 Scipionis,
1845 2749 1865 2765 c.
1883 2743 1903 2765 G.
1922 2743 1979 2765 ratio
1998 2742 2020 2765 4.
2039 2745 2061 2765 et
2074 2743 2099 2765 7.

1316 2781 1325 2794 ⁹
1343 2783 1402 2805 Vide
1419 2785 1475 2805 tom.
1496 2783 1532 2805 Vl.
1549 2788 1602 2810 pag.
1621 2782 1674 2810 523,
1692 2784 1768 2804 notam
1788 2783 1808 2804 i.

1316 2820 1336 2834 ¹⁰
1353 2821 1454 2844 [labetur
1472 2822 1494 2844 iu
1512 2822 1622 2844 Vaticana
1639 2824 1661 2844 et
1678 2821 1694 2844 C
1706 2822 1773 2843 DEF
1790 2824 1812 2844 et
1829 2821 1882 2844 cod.
1894 2821 1988 2843 Tudert.
2006 2828 2028 2843 n.
2047 2821 2099 2843 104.

1253 2861 1291 2882 sol.
1311 2861 1339 2882 98
1357 2866 1388 2889 r.‚
1409 2861 1449 2889 qui
1468 2860 1522 2883 satis
1539 2860 1659 2887 convenit,
1677 2860 1717 2883 sed
1736 2860 1759 2882 in
1777 2860 1914 2882 indicatione
1932 2859 2030 2887 partium
2050 2859 2098 2882 bre⁴

1252 2900 1303 2922 rior
1321 2902 1363 2922 est.

1315 2938 1334 2951 ¹¹
1352 2939 1419 2961 Vers.
1436 2939 1472 2961 24.
1490 2951 1520 2955 --
1538 2939 1659 2961 Prothema
1677 2941 1711 2961 est
1727 2939 1793 2961 Eccli.
1813 2938 1852 2966 48,
1869 2939 1889 2960 «l.

1315 2977 1334 2990 ¹²
1352 2978 1384 3000 De
1402 2978 1495 3000 Caelesti
1513 2978 1638 3005 nien-areli„
1656 2984 1674 3000 c.
1697 2979 1714 2999 1.
1732 2977 1745 3005 '3
1762 2978 1784 3000 3.
1796 2990 1826 2994 —
1839 2977 1946 3006 Sequitur
1958 2977 2015 2999 Gen.
2031 2977 2048 3004 l,
2061 2977 2098 2999 26.

2120 1721 2191 1741 Sermo.

2120 2329 2197 2349 Divisio.

2234 1339 2243 1636 l-...u-w-mnfflzc
