2243 3348
229 365 275 383 Boni
289 364 363 383 odores.

228 1562 356 1585 improbantur

252 1586 336 1604 homines

228 1609 311 1627 carnales
327 1609 355 1627 di·

264 1632 320 1650 versi.

265 2262 355 2280 Hortatio.

230 2609 276 2628 Pars
285 2609 317 2627 lv.
327 2610 362 2628 Vo-

234 2635 288 2651 catur
300 2634 359 2652 amica

230 2658 308 2679 propter
320 2657 359 2679 pul-

238 2679 352 2698 critudinem

243 2702 352 2721 benevolen-

274 2726 318 2744 tiae.

374 227 429 255 508

451 303 513 332 Inde
530 303 642 331 veniunt
656 302 718 330 boni
734 301 838 329 odores.
855 300 950 329 Merito
966 302 1080 336 possunt
1095 299 1162 327 tales
1176 298 1216 326 di-

373 358 435 379 cere
448 351 472 377 1:
487 348 594 378 Cla-isti
608 348 698 376 bonas
719 347 791 375 odor
811 355 923 374 Simiae.
943 346 1022 379 Ecce,
1037 345 1116 373 beata
1130 345 1216 381 Agnes

373 397 476 433 ubique
492 395 602 432 reliquit
614 395 715 423 bonum
731 393 842 421 odorem
858 400 949 421 suum.
962 393 1065 420 Tantus
1076 391 1128 419 fuit
1138 391 1215 424 odor,

373 444 419 480 qui
435 442 521 471 exivit
535 442 568 470 de.
583 441 633 469 ista
649 441 725 468 beata
741 439 861 475 Virgine,
877 438 950 475 quod
965 439 1054 466 10611111
1072 437 1214 470 foeditatis,

374 491 462 527 ipsum
485 490 609 525 lupanar,
630 487 693 515 fecit
713 486 854 514 ecclesiam
867 486 886 513 2.
909 485 978 521 Quia
999 484 1071 513 enim
1095 484 1153 520 ipsa
1167 484 1215 512 ha—

375 536 433 565 buit
455 535 543 563 vita-m
569 534 790 569 incorruptam,
814 532 873 560 ideo
894 531 1027 559 Dominus
1047 530 1134 558 voluit
1155 538 1214 558 eam

374 583 518 610 honestare
533 583 560 608 et
574 579 704 607 decorare
720 581 794 606 veste
809 577 998 614 pulcherrima
1012 580 1038 605 et
1049 576 1214 613 Angelorum

372 628 498 656 manibus
520 629 629 662 parata,
661 625 744 652 immo
775 625 855 652 etiam
887 623 1021 651 densitate
1051 622 1213 659 capillorum

373 681 497 706 suorum,
525 684 538 697 «
553 675 584 700 ut
605 671 703 699 melius
725 671 866 699 videretur
881 678 977 698 eorum
1000 669 1117 697 fimbriis
1131 676 1213 705 quani

373 720 493 749 vestibus
516 722 585 747 tecta
599 730 626 745 ».
649 717 718 753 Quia
739 716 944 745 conscientiam
960 715 1056 744 habuit
1072 714 1213 743 ›izandam

372 770 398 795 et
419 766 599 802 impollutam,
622 764 681 792 ideo
703 764 778 792 locus
800 763 853 797 ille,
876 763 922 799 qui
945 765 1005 791 erat
1018 764 1080 790 ante
1096 761 1216 789 immun—

372 813 437 841 dum
459 811 660 849 prostibulum,
684 810 805 847 repletus
826 813 867 838 cst
888 810 1021 838 immenso
1046 808 1166 842 lumine,
1188 810 1215 836 et

377 860 573 896 «quicumque
605 857 810 894 ingrediebatur
842 857 938 885 melior
967 855 1213 892 regrediebatur».

375 907 452 935 Odor
467 906 513 934 ille
535 905 622 942 primo
648 916 661 928 «
677 904 813 932 interfecit
833 903 920 931 lilium
944 902 1082 939 praefecti,
1097 901 1144 938 qui
1160 909 1214 929 non

372 953 444 982 dedit
466 953 597 980 honorem
620 951 691 984 Deo,
714 950 758 978 sed
782 949 907 978 veniebat
928 948 1114 976 insultaturus
1135 946 1215 984 puel-

374 1001 413 1028 lae
429 1012 454 1027 ».
478 999 538 1027 Ideo
560 997 655 1026 habuit
676 996 801 1025 diabolus
821 998 981 1033 potestaten]
997 995 1024 1023 in
1039 1002 1102 1023 eum
1118 997 1144 1022 et
1159 994 1215 1022 suf-

373 1047 470 1075 focavit
491 1054 563 1075 eum.
586 1045 636 1073 Sed
658 1044 709 1072 ista
730 1044 809 1072 beata
837 1043 920 1079 Virgo
948 1050 998 1070 suo
1030 1042 1101 1070 bono
1132 1041 1216 1069 odore

373 1093 514 1122 suscitavit
536 1099 599 1120 eum
621 1094 648 1119 et
668 1090 701 1119 de
723 1090 809 1126 portis
831 1089 928 1117 inferni
951 1088 1089 1117 revocavit
1104 1096 1167 1116 eum
1182 1087 1214 1116 ad

374 1140 469 1173 vitam,
491 1142 518 1167 et
539 1138 586 1174 qui
609 1137 687 1174 prius
708 1137 799 1165 fuerat
813 1136 991 1172 blasphemus
1006 1139 1033 1163 et
1047 1135 1216 1169 immundus,

373 1186 460 1222 coepit
482 1193 579 1213 nomen
603 1184 710 1212 Domini
733 1183 899 1220 praedicare.
920 1182 993 1211 Odor
1008 1190 1077 1210 suus
1091 1185 1216 1210 mortuos

373 1233 535 1261 vivificabat.
551 1248 588 1252 —
604 1231 664 1259 Fuit
679 1230 763 1267 igitur
777 1238 886 1267 sponsa
901 1229 1000 1257 Christi
1018 1232 1129 1265 propter
1145 1228 1216 1257 inse-

373 1279 570 1317 parabilitatem
593 1277 783 1306 cohaerentiae
798 1284 861 1305 cum
877 1276 1001 1309 Christ03
1017 1275 1090 1304 unde
1104 1278 1131 1304 et
1144 1275 1216 1304 dice-

374 1326 456 1355 bat32
484 1338 497 1350 «
512 1326 598 1353 Anulo
620 1333 670 1353 suo
691 1323 869 1352 subarrhavit
891 1331 933 1351 me
949 1335 961 1347 »
988 1322 1120 1351 Dominus
1142 1322 1217 1351 lesus

373 1373 499 1401 Christus
520 1375 543 1399 et
567 1375 707 1408 tauquam
722 1377 861 1406 sponsam
876 1369 1023 1397 decoravit
1037 1377 1082 1396 me
1096 1376 1214 1397 corona.

373 1419 471 1452 Credo,
493 1418 565 1455 quod
588 1418 649 1446 ideo
671 1417 803 1445 Dominus
824 1416 861 1444 ita
882 1416 935 1444 cito
957 1416 1044 1444 voluit
1065 1423 1124 1444 eam
1146 1415 1216 1443 acci-

374 1474 446 1503 pere,
462 1469 493 1494 ut
508 1472 566 1493 eam
583 1464 632 1492 sibi
650 1463 778 1491 illibatam
795 1463 974 1499 coniungeret
989 1466 1016 1491 et
1031 1465 1215 1491 conservaret.

451 1512 548 1539 Mirum
571 1514 626 1543 cst,
649 1509 720 1546 quod
743 1509 827 1546 aliqui
850 1512 915 1537 sunt
936 1509 987 1537 iam
1010 1517 1088 1537 senes
1107 1511 1133 1537 et
1154 1509 1217 1537 bar-

373 1559 444 1592 bati,
466 1561 492 1586 et
513 1561 554 1586 est
575 1557 613 1585 eis
635 1557 744 1585 difficile
772 1564 884 1585 servare
911 1554 1074 1585 castitatem.
1103 1556 1218 1584 Videant

373 1606 450 1634 islam
472 1605 590 1641 puellam
613 1604 649 1632 ita
671 1604 768 1632 fortem
791 1607 819 1631 et
840 1603 964 1637 firmam,
996 1607 1027 1631 ut
1058 1611 1108 1632 nec
1139 1603 1218 1631 donis

372 1660 421 1681 nec
436 1651 564 1689 precibus
580 1658 669 1687 neque
684 1650 765 1679 minis
779 1650 850 1679 flecti
868 1653 966 1687 posset.
983 1666 1021 1670 —
1035 1650 1123 1687 Aliqui
1143 1653 1217 1684 sunt,

372 1698 417 1736 qui
440 1698 537 1726 volunt
558 1705 669 1726 servare
690 1697 789 1725 famam
805 1704 897 1730 suam,
913 1697 959 1725 sed
975 1705 1029 1725 non
1045 1696 1137 1730 vitam,
1153 1696 1218 1733 quia

373 1746 398 1774 in
420 1745 527 1774 occulto
548 1744 653 1773 faciunt
674 1744 760 1778 mala,
782 1748 809 1773 et
829 1744 939 1772 videtur
965 1744 1031 1778 sibi,
1061 1744 1134 1781 quod
1163 1751 1216 1771 non

374 1792 495 1821 laedatur
517 1791 588 1819 fama
609 1799 666 1819 sua.
689 1791 739 1819 Sed
762 1790 852 1825 scitis,
873 1790 947 1827 quod
967 1793 1008 1819 est
1030 1791 1105 1827 lepra
1126 1790 1218 1819 occul-

374 1842 427 1867 tata
441 1839 473 1867 ad
490 1842 607 1875 tempus,
623 1839 717 1875 (quae)
733 1841 826 1875 postea
841 1838 926 1866 inficit
942 1841 1028 1866 totum
1041 1838 1179 1866 hominem
1192 1840 1219 1866 et

373 1886 488 1915 interius
508 1889 534 1915 et
556 1886 689 1914 exterius.
714 1886 744 1914 Et
768 1886 830 1914 licet
853 1886 879 1914 in
901 1885 1008 1914 occulto
1030 1886 1101 1914 male
1125 1885 1217 1918 vivas,

374 1938 462 1962 tamen
485 1937 515 1962 tu
536 1941 565 1962 es
587 1933 704 1961 infectus
726 1933 778 1967 ita,
801 1933 875 1969 quod
896 1932 983 1961 foetor
1006 1935 1071 1961 tuus
1094 1932 1219 1969 pervenit

372 1988 460 2017 usque
481 1980 514 2008 ad
530 1988 611 2008 nares
626 1979 673 2008 Dei
690 1983 716 2008 et
731 1979 825 2007 curiae
841 1979 972 2008 caelestis.
988 1996 1025 1999 ——
1040 1979 1128 2016 Aliqui
1144 1982 1218 2013 sunt,

372 2027 419 2064 qui
441 2027 537 2055 volunt
558 2027 660 2055 habere
681 2027 772 2055 vitam
795 2026 941 2060 mundam,
963 2026 1039 2055 nullo
1054 2026 1134 2054 modo
1148 2026 1219 2054 face-

374 2078 434 2102 rent
454 2074 557 2110 aliquid
579 2074 770 2107 inhonestum;
793 2073 840 2102 sed
862 2082 916 2101 non
941 2076 1052 2107 curant⁷
1074 2073 1148 2109 quod
1170 2073 1218 2101 ha-

374 2122 454 2149 beant
475 2120 605 2149 mundam
627 2120 849 2154 conscientiam,
882 2120 965 2148 immo
995 2120 1096 2148 habent
1123 2128 1170 2148 cor
1192 2123 1219 2148 et

374 2166 565 2195 conscientiam
587 2170 710 2203 apertam
732 2171 758 2194 et
780 2166 901 2203 patulam
921 2166 954 2195 ad
969 2174 1063 2195 omnes
1078 2166 1218 2203 cogitatio-

375 2221 421 2241 nes
442 2213 526 2241 malas
548 2216 574 2241 et
595 2220 689 2241 omnes
711 2213 857 2249 imagines;
880 2221 1072 2250 quaecumque
1092 2221 1157 2241 vero
1172 2221 1218 2241 ve-

374 2260 428 2294 nit,
457 2259 547 2287 statim
578 2259 719 2295 recipitur,
751 2260 827 2288 nulla
858 2260 1010 2296 repellitur.
1045 2260 1075 2287 Et
1106 2260 1218 2288 deberet

375 2307 455 2334 homo
477 2306 575 2334 malam
598 2306 788 2342 cogitationem
812 2310 838 2335 et
853 2307 951 2334 malam
968 2306 1113 2343 imaginem
1128 2310 1217 2335 trans-

374 2353 522 2381 verberare
543 2356 570 2381 et
598 2353 703 2381 dicere:
733 2353 766 2381 ad
794 2353 860 2389 quid
889 2353 980 2386 venis,
1009 2353 1076 2390 quid
1107 2353 1218 2390 quaeris

375 2399 400 2426 in
422 2398 502 2427 domo
524 2399 596 2427 ista?
617 2400 674 2427 Non
696 2403 736 2428 est
758 2399 802 2427 hic
826 2400 901 2428 locus
923 2403 996 2428 tuus.
1020 2400 1076 2428 Non
1105 2400 1218 2428 deberet

375 2452 421 2473 cor
442 2445 549 2481 aperire
571 2445 672 2474 talibus
693 2446 871 2482 imaginibus,
893 2446 938 2474 sed
955 2446 1084 2483 angelicis
1099 2446 1218 2475 ethonis

376 2490 546 2527 imaginibus.
568 2491 654 2520 Debet
675 2492 746 2520 enim
770 2492 852 2520 homo
873 2492 964 2521 dicere
986 2493 1058 2521 intra
1083 2501 1127 2521 se:
1149 2501 1218 2529 quo—

376 2537 455 2565 modo
470 2538 641 2574 inquinarem
657 2547 704 2567 cor
716 2547 822 2573 meum;
839 2540 914 2568 nullo
930 2540 1009 2568 modo
1023 2540 1152 2569 facerem.
1165 2541 1218 2569 Nec

377 2582 439 2610 facit
459 2584 505 2619 qui
528 2584 588 2612 vult
608 2584 827 2620 inseparabiliter
849 2586 998 2615 cohaerere
1020 2586 1129 2615 Christo
1147 2587 1218 2615 sicut

377 2636 475 2664 sponsa
496 2637 595 2665 sponso
617 2638 679 2664 suo,
702 2639 754 2659 non
777 2632 848 2660 sicut
876 2632 1029 2661 concubina
1049 2633 1216 2662 fornicatori.

455 2676 496 2703 IV.
519 2676 622 2712 Quarto
645 2677 725 2705 habet
746 2678 836 2706 anima
857 2682 950 2707 sancta
971 2687 1070 2708 nomen
1091 2683 1118 2708 et
1140 2680 1220 2709 ratio-

377 2730 437 2751 nem
460 2723 590 2756 amicae‚·
611 2728 637 2752 et
658 2724 728 2753 sicut
759 2725 834 2758 dixi,
865 2725 966 2754 dicitur
988 2726 1086 2755 amica
1108 2731 1220 2764 propter

1044 221 1215 250 SERMONES
1236 221 1278 249 DE
1301 221 1440 249 SANCTlS.

1269 298 1499 334 pulcritudinem
1522 297 1744 331 benevolentiam
1774 298 1948 327 Canticorum
1980 299 2116 336 quinto⁴:

1273 344 1365 380 Aperi
1383 343 1466 377 milti,
1487 352 1573 372 soror
1593 352 1668 378 mea,
1690 344 1789 373 amica
1804 354 1878 379 mea,
1894 345 2027 374 columba,
2041 355 2116 381 mea,

1272 389 1466 418 immaculata
1487 398 1568 423 mea,
1590 390 1661 427 qaia
1682 394 1771 427 capat
1802 399 1897 419 meam
1926 391 2045 428 plenum
2077 396 2117 420 est

1272 445 1339 465 rore
1360 440 1384 464 et
1405 436 1535 465 eiiieinni
1554 436 1612 465 mei
1630 437 1720 474 yaaz's
1739 437 1876 466 noctium.
1891 438 1962 466 Nihil
1978 441 2027 473 est,
2043 438 2117 475 quod

1272 483 1377 520 aperiat
1399 491 1446 511 cor
1467 486 1593 512 nostrum
1615 483 1686 517 Deo,
1709 484 1759 512 nisi
1781 483 1972 513 benevolentia
1999 487 2026 513 et
2046 485 2117 514 desi-

1272 529 1380 558 derium
1403 529 1512 558 fervens
1532 529 1565 558 ad
1587 530 1693 566 ipsum;
1717 530 1855 559 Psalmus:
1881 531 1918 559 Os
1939 539 2035 560 meam
2050 540 2117 568 ape-

1271 575 1324 604 rui
1343 579 1368 603 et
1389 576 1504 604 attraxi
1523 576 1677 612 spii-amn,
1699 576 1770 614 qaia
1784 577 1928 605 >inamata
1943 581 1995 606 taa
2009 578 2117 606 deside-

1272 621 1386 650 rabam.
1410 622 1601 650 Benevolentia
1622 630 1688 659 ergo
1709 623 1797 660 aperit
1818 631 1865 651 cor
1880 625 2006 652 nostrum
2022 624 2055 652 ad
2070 632 2117 653 su-

1272 668 1439 705 sceptionem
1462 668 1580 705 Spiritus
1601 670 1695 697 sancti.
1719 670 1750 698 Et
1770 669 1843 698 unde
1865 669 1947 699 habet
1970 670 2039 699 hanc
2060 671 2117 708 ple-

1272 715 1424 743 nitudinem
1439 715 1665 744 benevolentiae?
1680 716 1698 743 A
1713 715 1822 744 Christo
1837 716 1932 753 capite.
1949 717 2042 753 Aperi
2051 725 2117 754 ergo

1272 761 1360 796 milti,
1382 762 1447 790 dicit
1468 762 1610 796 Christus,
1643 770 1691 799 per
1712 763 1895 797 desiderium,
1926 767 1950 791 et
1981 763 2117 792 attrahas

1271 808 1412 844 spiritam
1433 811 1460 837 et
1480 808 1517 837 sis
1538 809 1626 837 amic-a
1648 817 1720 843 mea,
1742 810 1813 847 qaia
1835 813 1925 846 caput
1944 818 2040 838 meam
2058 809 2118 847 ple-

1271 864 1342 883 1111111
1365 859 1406 883 est
1426 863 1493 883 rore
1514 859 1538 884 et
1560 855 1690 884 cincinni
1710 856 1767 884 mei
1778 856 1870 893 pactis
1884 857 2021 885 omeliam.
2036 873 2075 877 -—
2090 857 2117 885 ln

1272 910 1328 939 quo
1350 902 1454 936 innuit,
1476 902 1549 939 qnod
1571 910 1627 930 una
1648 906 1689 930 est
1709 903 1813 939 gratia,
1835 911 1917 940 quam
1947 903 2081 932 habemus
2102 911 2118 932 a

1273 948 1361 985 capite
1382 952 1477 977 nostro
1498 949 1621 983 Christ03
1644 949 1717 986 quod
1739 952 1860 983 notatur,
1882 957 1944 978 cum
1968 949 2048 978 dicit:
2070 958 2118 978 ca-

1270 999 1326 1032 pat
1345 1003 1440 1023 meum
1460 995 1578 1032 plenam
1600 999 1639 1024 est
1660 1004 1735 1024 rore.
1758 995 1810 1024 Sed
1830 996 1918 1024 multa
1939 999 2004 1024 sunt
2028 996 2118 1024 chari-

1273 1045 1375 1075 smata,
1396 1042 1468 1070 dona
1489 1042 1591 1071 scilicet
1613 1045 1639 1070 et
1661 1042 1778 1070 virtutes
1807 1042 1925 1079 Spiritus
1956 1043 2059 1077 sancti;
2091 1045 2118 1071 et

1273 1088 1341 1117 haec
1362 1092 1427 1116 sunt
1446 1092 1546 1126 yatcae
1566 1089 1712 1123 noctium,
1741 1089 1818 1125 quasi
1848 1089 1935 1118 dicat:
1958 1097 2007 1126 per
2029 1092 2119 1126 caput

1273 1135 1419 1163 immittam
1442 1144 1533 1164 rorem
1555 1136 1669 1173 gratiae,
1690 1139 1718 1164 et
1738 1143 1787 1172 per
1809 1135 1958 1164 ciacirmos
1973 1136 2117 1164 immittam

1272 1181 1344 1210 dona
1364 1182 1486 1210 omnium
1509 1182 1707 1211 charismatum
1730 1182 1924 1218 spiritualium.
1940 1182 1997 1210 Tali
2012 1182 2118 1211 animae

1273 1229 1461 1265 configuratae
1483 1229 1592 1257 Christo
1613 1237 1662 1266 per
1683 1229 1799 1266 gratiam
1822 1232 1849 1258 et
1869 1237 1918 1265 per
1940 1229 2051 1258 habitus
2066 1228 2119 1257 vir-

1273 1278 1364 1304 tutum
1387 1278 1414 1304 et
1434 1276 1570 1304 donorum
1592 1276 1658 1304 dicit
1678 1276 1819 1304 Christus:
1843 1276 1928 1310 Eece,
1955 1279 1986 1304 ta
2010 1275 2119 1312 palera

1273 1330 1318 1356 es,
1341 1322 1418 1351 oculi
1438 1322 1483 1351 tai
1503 1322 1715 1351 columbarum.

1353 1370 1383 1398 Et
1406 1370 1509 1398 videte:
1531 1370 1563 1398 ad
1587 1370 1647 1404 hoc,
1669 1369 2119 1407 quodplenitudobenevolentiae
2135 1377 2243 1445 gtffiuiutiiffi:

2210 1196 2237 1239 ἐξ

2187 1405 2243 1421 00¹4

1274 1416 1309 1445 sit
1330 1416 1355 1444 in
1379 1416 1466 1450 nobis,
1489 1424 1599 1445 necesse
1620 1419 1670 1450 est,
1692 1416 1765 1453 quod
1787 1416 1822 1445 sit
1843 1416 2032 1445 benevolentia
2053 1424 2119 1444 eon·
2141 1423 2235 1443 nevoion‘

1272 1462 1426 1500 qlittz'izai'is
1448 1471 1497 1499 per
1519 1463 1701 1497 devotionem,
1724 1463 1920 1492 corroborans
1934 1471 1983 1500 per
1997 1463 2119 1492 aemula·
2132 1452 2144 1471 q

1275 1510 1389 1543 tionem,
1409 1509 1575 1546 parificans
1590 1517 1639 1546 per
1655 1510 1816 1538 munditiam
1833 1513 1860 1538 et
1874 1509 2118 1546 incorruptionem,

1271 1556 1475 1593 pulcrilieans,
1498 1564 1547 1593 per
1569 1557 1834 1594 contemplationem.
1857 1557 1896 1586 De
1917 1557 2006 1594 primo
2027 1560 2120 1585 notan-

1274 1603 1350 1638 dum,
1372 1603 1445 1640 quod
1468 1603 1627 1640 principalis
1648 1604 1717 1632 ratio
1732 1604 1834 1633 amoris
1849 1607 1899 1638 est,
1915 1603 1988 1641 quod
2003 1606 2044 1632 est
2058 1603 2119 1632 uni-

1274 1650 1378 1678 tivus⁵.
1402 1650 1465 1679 Inde
1486 1654 1542 1684 est,
1565 1651 1638 1688 quod
1660 1651 1801 1680 Canticum
1831 1651 2017 1685 canticorum,
2046 1649 2121 1687 quod

1274 1700 1316 1725 est
1342 1697 1478 1726 canticum
1511 1697 1628 1732 amoris,
1657 1697 1752 1734 incipit
1772 1697 1806 1726 ab
1828 1697 1943 1726 unione:
1968 1696 2120 1726 Osealetar

1274 1753 1318 1772 me
1339 1744 1435 1772 oscado
1457 1744 1518 1772 oris
1538 1744 1588 1772 sai
1607 1747 1658 1773 etc.
1680 1744 1770 1773 Unitio
1791 1747 1885 1773 causat
1904 1743 2117 1773 corroboratio—

1274 1799 1357 1823 116111;
1379 1791 1466 1819 unitio
1487 1794 1513 1819 et
1535 1791 1724 1820 corroboratio
1742 1790 1995 1828 purificationem,
2011 1790 2120 1819 ethaeo

1276 1838 1328 1866 tria
1349 1841 1462 1866 causant
1480 1837 1753 1874 palerilieationem.

1354 1885 1444 1913 Primo
1466 1885 1550 1922 igitur
1571 1885 1672 1914 dicitur
1693 1885 1784 1913 anima
1799 1888 1891 1914 sancta
1906 1885 2004 1913 amica
2018 1883 2120 1913 Christi

1276 1935 1388 1969 propter
1410 1931 1607 1968 plenitudinem
1630 1931 1835 1960 benevolentiae
1856 1931 2052 1960 coadunantis
2066 1939 2121 1967 per

1275 1979 1469 2012 devotionem,-
1490 1978 1665 2007 Canticorum
1688 1979 1809 2007 secundo
1820 1979 1847 2006 ⁶:
1864 1978 1968 2016 Sarye,
1981 1985 2120 2015 propera,

1276 2026 1374 2055 smiiea
1396 2034 1470 2060 mea,
1491 2034 1601 2063 sponsa
1621 2034 1696 2060 mea,
1718 2030 1744 2054 et
1763 2026 1842 2060 116111,
1864 2025 1998 2054 columba
2011 2033 2076 2053 mea
2090 2024 2121 2052 in

1275 2072 1476 2110 foraminibus
1494 2076 1608 2109 petrae,
1630 2073 1661 2101 in
1683 2081 1811 2101 caverna
1831 2073 1986 2102 maceriae.
2002 2071 2122 2109 Alloqui—

1275 2123 1322 2148 tur
1344 2119 1471 2148 Christus
1492 2119 1611 2148 animam
1633 2119 1751 2154 fidelem,
1766 2128 1893 2157 sponsam
1909 2128 2003 2154 suam,
2018 2119 2121 2156 specia-

1276 2166 1338 2195 liter
1359 2166 1465 2195 beatam
1495 2167 1641 2203 Agnetem,
1670 2166 1744 2203 qnod
1771 2171 1879 2204 surgat
1899 2170 1924 2195 et
1942 2170 2077 2204 properet
2097 2168 2121 2194 et

1275 2213 1373 2242 veniat
1394 2213 1425 2241 in
1446 2212 1601 2250 foramina
1618 2217 1720 2250 petrae
1741 2216 1765 2241 ec
1786 2213 1817 2241 iri
1844 2221 2002 2242 cavernam
2027 2221 2122 2241 mace-

1275 2260 1347 2288 riae.
1366 2260 1442 2296 Quae
1463 2263 1528 2289 sunt
1543 2260 1614 2288 ista?
1629 2260 1720 2288 Petra
1734 2264 1799 2288 erat
1815 2259 1958 2294 Christus,
1973 2259 2039 2288 dicit
2054 2260 2121 2296 Apo-

1276 2307 1394 2336 stolus⁷.
1418 2307 1513 2344 Plagae
1535 2307 1634 2336 Christi
1658 2310 1723 2335 sunt
1743 2306 1898 2344 foramina
1909 2310 2018 2344 pet-rae,
2034 2310 2059 2335 et
2073 2314 2121 2334 ca-

1274 2362 1366 2382 verna
1387 2354 1547 2388 iizaceriae,
1569 2354 1634 2390 Agni
1658 2354 1781 2382 vulnera.
1805 2354 1902 2382 Invitat
1922 2361 1988 2390 ergo
1999 2361 2075 2388 eam,
2090 2355 2121 2381 ut

1275 2401 1326 2429 ista
1348 2400 1438 2429 visitet
1459 2404 1486 2429 et
1506 2401 1540 2429 de
1561 2401 1619 2429 istis
1641 2400 1740 2437 cogitet
1761 2403 1788 2429 et
1807 2400 1842 2429 ibi
1858 2400 2030 2429 immoretur.
2048 2399 2121 2428 Istud

1274 2448 1343 2476 bene
1364 2447 1479 2476 faciebat
1500 2448 1579 2476 beata
1600 2448 1701 2484 Agnes;
1723 2447 1796 2476 unde
1817 2447 1876 2484 ipsa
1889 2447 2010 2476 dicebat:
2031 2446 2122 2475 «San-

1275 2494 1336 2531 guis
1358 2494 1417 2523 eius
1439 2494 1547 2522 ornavit
1568 2501 1651 2530 genas
1673 2502 1748 2522 meas
1762 2505 1789 2521 n.
1811 2493 1833 2521 Ο
1855 2493 1934 2522 beata
1955 2493 2052 2530 Virgo!
2073 2492 2121 2521 ubi

1275 2540 1402 2577 accepisti
1425 2544 1452 2569 et
1474 2540 1589 2569 hausisti
1612 2540 1773 2577 sanguinem
1796 2540 1900 2568 istum?
1927 2540 1992 2577 Agni
2022 2546 2121 2568 nomen

1276 2596 1357 2624 saepe
1379 2587 1533 2621 recolendo,
1555 2588 1709 2624 passionem
1731 2591 1758 2616 et
1779 2587 1872 2624 plagas
1887 2587 1997 2615 Christi.
2013 2586 2050 2625 lbi
2067 2594 2122 2615 mo-

1276 2635 1400 2669 rabatur,
1422 2635 1455 2663 de
1476 2635 1519 2663 his
1540 2634 1724 2663 meditabatur
1739 2637 1766 2663 et
1779 2634 1991 2663 deosculabatur
2006 2633 2122 2662 vulnera

1276 2681 1336 2710 eius
1357 2689 1393 2710 ex
1414 2681 1566 2710 devotione.
1589 2681 1620 2709 Et
1641 2689 1678 2709 ex
1699 2681 1751 2709 hoc
1772 2681 1837 2709 dicit
1858 2688 1941 2718 genas
1962 2688 2026 2709 suas
2040 2688 2121 2708 orna-

1278 2731 1326 2756 tas
1350 2728 1463 2756 Devotio
1484 2728 1556 2756 enim
1579 2728 1616 2756 ita
1636 2728 1713 2762 facit,
1735 2727 1809 2764 quod
1831 2727 1963 2764 recolligit
1989 2726 2120 2760 animam,

438 2887 444 2899 ¹
463 2888 532 2915 Epist.
550 2889 573 2910 11.
591 2888 640 2911 Cor.
659 2890 680 2916 ⁴2,
702 2890 734 2911 15.

438 2925 446 2937 ²
463 2927 556 2954 Sui-ius,
573 2928 614 2950 loc.
633 2929 668 2950 cit.
687 2929 700 2957 ¹}
718 2930 739 2951 Ε).
757 2930 778 2951 8.
800 2930 833 2951 10.

437 2964 446 2976 ³
464 2966 553 2994 Sui-ius,
571 2967 612 2989 loc.
630 2968 666 2989 cit..
683 2968 696 2996 [3⁶
713 2968 734 2990 3.
754 2981 780 2984 —
800 2969 854 2991 Delu
872 2970 993 2996 respicitur
1010 2971 1058 2992 lsai.
1077 2971 1113 2998 61,
1135 2971 1169 2993 10.

437 3002 446 3015 ‘¹
463 3004 527 3026 Vers.
546 3006 572 3032 2;
589 3009 716 3034 sequuntur
734 3007 769 3028 ΡΞ.
790 3008 839 3034 1118,
858 3008 910 3030 1311.
928 3011 949 3030 et
966 3008 1023 3031 infra
1041 3009 1104 3032 Cant.
1122 3010 1142 3037 sl,
1165 3010 1199 3032 14.

1337 2892 1345 2905 ⁶
1364 2893 1423 2915 Vide
1448 2894 1543 2921 Bonav.,
1570 2893 1584 2915 1.
1611 2893 1672 2915 Sent.
1698 2893 1720 2915 d.
1747 2893 1782 2914 lo.
1809 2891 1865 2915 dub.
1893 2893 1914 2914 1.
1933 2894 1954 2914 et
1973 2891 1998 2919 [ις
2016 2891 2121 2920 sequitur

1273 2931 1336 2954 Cant.
1355 2932 1375 2960 l,
1394 2932 1415 2954 ·1.
1917 2929 1927 2943 ⁶
1946 2931 2009 2953 Vers.
2028 2930 2065 2952 40.
2083 2929 2121 2952 44.

1336 2969 1344 2982 ⁷
1362 2971 1432 2999 Epist.
1449 2972 1464 2993 l.
1481 2971 1533 2993 Cor.
1553 2971 1588 2998 10,
1607 2971 1633 2999 43
1651 2971 1708 2993 infra
1730 2970 1851 2998 respicitur
1875 2969 1936 2992 Cant.
1957 2970 1977 2997 1,
1995 2969 2017 2991 9.
2033 2981 2062 2985 —
2082 2969 2122 2991 Se-

1273 3010 1350 3038 quitur
1368 3010 1460 3039 Surius,
1479 3011 1521 3033 loc.
1539 3011 1575 3033 cit.
1593 3010 1605 3038 S
1623 3011 1644 3032 3.

2145 1447 2202 1466 uadi-u
2216 1470 2220 1472 ,

2138 1891 2165 1911 De
2177 1882 2243 1916 priniavi
