2243 3348
32 385 36 398 1

31 401 37 418 j(

33 439 36 473 l

574 173 617 201 DE
640 172 884 201 PURlFlCATlONE
906 173 932 201 B.
956 172 1097 201 VlRGlNlS
1119 171 1246 200 MARIAE.
1269 172 1378 201 SERMO
1400 174 1441 202 lV.

136 252 207 289 quod
230 252 274 280 lex
297 259 347 279 sua
367 259 421 279 non
446 253 488 279 est
508 250 630 279 docenda
650 250 701 279 nisi
723 259 738 279 a
760 251 819 279 viro
840 254 933 279 sancto
955 254 982 279 et

134 299 214 327 iusto.
231 298 309 332 Haec,
332 297 459 334 inquam,
481 297 554 326 dicta
574 301 639 326 sunt
659 297 693 326 de
715 297 816 334 templo
837 297 917 326 iuxta
937 297 980 325 lit-

135 348 231 377 teram,
253 343 404 372 secundum
427 342 501 380 quod
524 344 633 372 nomine
654 344 742 380 ipsius
767 344 859 380 templi
882 343 981 372 intelli-

134 391 209 428 gitur
231 391 342 419 basilica
363 390 521 418 materialis.

214 437 369 466 Secundum
389 437 561 474 alleyoriam
577 445 642 465 vero
664 437 774 466 nomine
789 437 881 474 templi
897 437 980 466 datur

30 479 120 517 Ἰἐςπιιιιαο
136 484 247 520 intelligi
270 488 372 512 aberas
394 484 539 520 ViryiniS,
561 484 588 512 in
611 492 666 520 quo
688 487 744 512 tota
767 484 898 513 Divinitas
919 492 980 513 cor-

33 517 54 536 ilo
65 516 118 535 intel<

34 539 101 566 igondi3

27 569 43 586 <e
54 565 102 582 uteri

31 590 41 606 i·
53 586 105 605 inalis

15 607 41 634 ub
50 615 60 628 ο
70 614 122 633 prae·
153 625 158 629 .

135 531 265 568 poraliter
281 530 429 564 habitavit;
445 533 472 559 et
487 530 548 559 ideo
569 534 643 559 recte
665 531 767 560 dicitur
782 531 828 559 Dei
846 531 978 568 templum

134 577 316 615 fabricatum
338 577 429 605 divina
456 577 592 613 potentia⁷
621 577 801 606 adornatam
823 577 915 606 divina
936 585 979 606 sa-

32 635 98 652 mm
132 625 242 662 pientia,
257 624 422 653 dedicatam
434 624 526 653 divina
540 624 628 661 gratia
642 627 669 653 et
683 625 873 661 adimpletam
887 625 980 653 divina

32 658 96 675 intuor.

28 734 32 787 l

28 912 83 932 rrimu
87 917 110 931 m.

16 1989 105 2008 mundum.

132 671 294 708 praesentia.
319 671 439 700 Debetur
460 671 532 700 enim
554 671 639 700 huius
659 672 752 708 templi
774 671 916 700 fabricatio
932 680 978 708 po-

132 718 231 747 tentiae
252 717 354 752 Patris3
376 717 534 752 adornatio,
556 718 704 754 sapientiae
735 718 807 752 Filii;
829 718 977 752 dedicatio,

130 764 233 802 gratiae
255 764 374 801 Spiritus
395 765 497 798 sancti;
519 765 693 801 adimpletio,
710 765 880 801 praesentiae
896 765 977 793 Verbi

129 811 272 840 incarnati.
288 811 356 840 Cum
372 811 444 840 enim
467 811 502 840 sit
527 823 540 836 (ι
556 811 640 840 totius
655 811 796 840 Trinitatis
816 812 907 840 nobile
930 813 977 840 tri-

130 858 241 887 clinium
254 870 282 893 »,
298 862 339 887 est
358 861 448 887 tamen
465 858 546 887 Verbi
564 858 694 886 incarnati
711 859 827 895 speciale
843 859 976 895 templum

129 908 156 934 et
178 905 335 942 hospitium.
358 921 395 926 —
418 905 462 933 Est
484 905 568 941 igitur
588 905 679 941 primo
699 905 783 942 Virgo
805 905 888 933 Maria
910 908 977 934 tem·

129 952 205 989 plum
226 951 409 989 fabricatam
429 952 532 980 divina
553 952 696 988 potentia,
719 952 870 980 secundum
903 952 977 989 quod

129 999 250 1027 insinuat
270 999 389 1035 Spiritus
410 1001 522 1027 sanctus
544 999 616 1027 tertii
639 999 742 1035 Regum
766 999 881 1035 septimo
895 1000 912 1033 ²,
929 999 975 1027 ubi

129 1046 239 1079 dic-itur,
260 1045 333 1082 quod
353 1044 476 1082 perfecit
496 1045 604 1074 Hiram
626 1054 708 1073 omne
729 1054 802 1082 opus
824 1046 901 1083 regyis
923 1047 976 1075 Sa-

129 1093 249 1121 lomonis
270 1092 301 1120 in
323 1092 425 1129 templo
442 1092 566 1120 Domini.
592 1092 671 1129 Opas
687 1100 806 1129 namque
829 1093 905 1130 repis
922 1094 976 1122 Sa-

129 1139 250 1169 lomonis
275 1139 306 1168 in
338 1139 439 1176 templo
463 1139 580 1168 Domini
603 1142 644 1168 est
675 1140 807 1168 assumtio
839 1141 930 1169 carnis
960 1149 976 1169 a

128 1186 218 1214 Verbo
239 1185 266 1214 in
288 1188 369 1214 utero
390 1186 531 1222 virginali,
553 1186 626 1223 quod
649 1194 719 1223 opus
742 1187 848 1215 Hiram
873 1187 975 1216 dicitur

124 1232 282 1270 perfecisse
290 1243 300 1265 ‚·
321 1232 411 1260 Hiram
434 1232 506 1261 enim
529 1232 730 1269 interpretatur
749 1233 876 1270 vigilans
894 1234 975 1271 plas-

128 1279 252 1308 mationi
271 1282 298 1307 et
319 1279 454 1316 significat
475 1279 561 1308 Deum
585 1280 705 1313 Patrem,
728 1280 886 1309 Creatorem
908 1281 975 1310 caeli

128 1330 154 1355 et
175 1330 282 1360 terrae,
304 1326 351 1363 qui
373 1333 424 1354 sua
445 1326 578 1355 immensa
593 1326 705 1361 virtute,
720 1327 792 1356 sicut
806 1328 897 1356 omnia
912 1336 975 1365 pro-

127 1373 209 1402 duxit
223 1373 282 1402 sine
303 1373 440 1402 adiutorIO
456 1374 567 1402 virtutis
581 1374 701 1408 alienae,
723 1374 762 1403 sic
783 1382 885 1411 corpus
899 1378 974 1411 apta—

128 1421 166 1449 vit
192 1421 240 1457 ipsi
273 1420 383 1449 Christo
413 1421 441 1449 in
462 1420 584 1457 Virginis
615 1425 695 1449 utero
727 1422 832 1459 absque
860 1422 973 1451 humani

127 1470 269 1496 contaetus
296 1468 401 1496 auxilio
429 1476 477 1496 seu
511 1467 678 1502 ministeri03
701 1469 774 1505 qnod
806 1469 874 1497 bene
904 1469 976 1498 desi-

127 1518 228 1552 gnatur
246 1515 326 1551 primi
355 1514 454 1543 Esdrae
476 1515 586 1551 quinto,
609 1515 655 1543 uhi
678 1515 780 1543 dicitur
801 1516 834 1544 de
856 1516 973 1552 templo:

128 1561 349 1598 Aedifica-batur
370 1561 469 1590 domus
491 1562 557 1590 haee
578 1570 593 1589 a
616 1570 680 1599 rege
704 1562 794 1590 lsrael
820 1571 926 1600 may-no
948 1567 974 1591 et

127 1609 283 1637 fortissimo.
306 1609 401 1637 Modus
423 1612 515 1637 autem
538 1609 697 1637 aedificandi
721 1609 878 1638 insinuatur
901 1611 973 1638 tertii

127 1656 229 1692 Regum
251 1658 331 1684 sexto
347 1656 366 1689 2,
389 1655 435 1684 ubi
458 1655 572 1689 dicitur,
588 1656 661 1692 quod
677 1655 799 1684 mallens
816 1661 841 1684 el
861 1657 973 1685 securis

127 1706 151 1731 el
173 1711 255 1731 omne
279 1701 493 1740 ferramentum
521 1711 579 1731 non
606 1706 675 1731 sant
696 1703 801 1731 audita
830 1704 860 1731 in
888 1705 972 1732 domo

127 1749 251 1783 Domini,
280 1758 346 1778 eam
380 1749 598 1786 aedificaretur.
622 1750 648 1777 ln
678 1758 733 1786 quo
764 1750 875 1787 quidem
904 1751 970 1787 quid

126 1796 200 1824 aliud
222 1796 394 1833 intelligitur,
416 1803 499 1832 quam
522 1796 594 1832 quod
624 1796 707 1833 Virgo
730 1797 812 1825 Maria
834 1797 905 1825 facta
932 1800 973 1825 est

127 1843 260 1879 templum
281 1842 338 1870 Filii
363 1842 407 1871 Dei
426 1850 476 1879 per
491 1843 715 1879 omnipotentiam
738 1843 847 1872 (livinae
862 1843 974 1873 virtutis

126 1888 230 1926 absque
245 1889 363 1926 strepitu
379 1889 516 1917 humanae
530 1889 719 1925 operationis?
737 1890 889 1918 secundum
906 1890 972 1919 illud

127 1935 239 1964 Psalmi:
262 1936 354 1964 Homo
375 1939 465 1964 natus
490 1939 530 1963 est
558 1936 588 1963 in
616 1944 666 1970 ea,
688 1940 713 1965 et
744 1937 804 1973 ipse
833 1936 973 1974 sitndavit

126 1991 189 2011 eam
202 1983 380 2011 Allissimus.
396 1999 432 2003 —
450 1983 495 2011 Est
508 1983 590 2011 etiam
605 1983 726 2012 secundo
742 1984 874 2020 templum
888 1985 974 2012 ador-

124 2033 227 2058 natam
249 2029 352 2057 divina
379 2030 542 2066 sapientia,
574 2030 726 2059 secundum
759 2030 833 2067 quod
860 2031 893 2059 de
915 2031 974 2067 ipsa

124 2079 213 2113 potest
233 2076 333 2112 exponi
366 2076 433 2105 illud
461 2077 542 2113 primi
571 2077 798 2106 lllachabaeorum
830 2078 972 2114 quart0³:

128 2123 315 2152 Ornavernnt
324 2123 429 2160 faeiem
444 2124 541 2161 templi
554 2125 669 2153 coronis
680 2125 790 2153 aiwez‘s.
804 2125 853 2153 Per
865 2124 973 2162 faciem

125 2170 196 2199 enim
212 2178 289 2199 mens
310 2171 488 2207 intelligitur;
512 2179 561 2207 per
579 2171 714 2207 fulgorem
737 2172 818 2205 auri,
838 2172 972 2208 cognitio;

125 2224 173 2253 per
192 2225 331 2245 eoronam
356 2225 421 2246 vero
442 2217 590 2246 aeternitas
610 2218 779 2255 designatur.
796 2219 873 2247 Tunc
888 2219 973 2255 igitur

125 2263 207 2292 facies
230 2264 321 2300 templi
354 2264 470 2292 coronis
501 2265 602 2292 aareis
633 2269 673 2293 est
692 2269 829 2302 ornata,
862 2265 972 2302 quando

127 2318 202 2339 mens
223 2311 357 2347 gloriosae
372 2311 491 2348 Virginis
513 2312 667 2340 illuminata
688 2312 740 2340 fuit
754 2312 786 2340 ad
806 2320 972 2349 cognoscen-

125 2357 190 2386 dum
212 2361 338 2392 aeterna;
362 2359 494 2387 scribitur
518 2359 694 2388 Ecclesiastici
718 2360 850 2396 vigesimo
866 2359 971 2396 primo:

128 2404 340 2433 Ornamentum
362 2414 487 2434 aarenm
507 2406 649 2442 prudenti
668 2406 812 2434 doctrina.
835 2406 969 2442 Quoniam

125 2459 191 2488 ergo
212 2452 297 2480 Mater
319 2452 365 2481 Dei
388 2452 440 2480 fuit
461 2453 544 2489 Virgo
566 2453 790 2489 prudentissima,
814 2453 873 2481 ideo
890 2454 971 2482 mira-

125 2497 216 2526 biliter
234 2501 261 2527 et
282 2499 471 2535 multiplieiter
493 2499 585 2527 divina
606 2500 742 2536 Sapientia
768 2503 899 2537 tanquam
925 2509 971 2529 or-

125 2545 268 2573 namentis
290 2546 391 2574 amireis
416 2545 467 2574 fuit
488 2549 600 2580 ornata;
623 2547 696 2583 quod
718 2547 787 2575 bene
811 2547 971 2584 designatur

126 2591 197 2619 tertii
220 2592 322 2628 Regum
345 2595 433 2626 sexto,
455 2593 502 2621 ubi
524 2593 641 2621 dieitur:
665 2592 746 2621 Nihil
766 2598 830 2621 erat
853 2594 881 2622 in
904 2598 971 2622 tem-

125 2637 188 2674 plo,
211 2639 288 2676 qaod
309 2647 366 2667 non
382 2647 457 2667 clitro
473 2643 632 2676 teyeretar;
647 2643 674 2669 et
689 2641 771 2677 paulo
792 2644 868 2677 post:
892 2642 972 2670 Texit

126 2692 236 2722 qnoque
259 2684 412 2713 Cherubim
434 2694 518 2714 aare.
545 2688 576 2714 El
604 2695 701 2715 omnes
721 2688 848 2724 parietes
875 2688 972 2725 templi

1830 175 1881 203 651

1036 259 1089 287 per
1109 250 1270 279 circuitam
1292 251 1413 288 scalpsit
1440 252 1536 280 variis
1562 252 1722 281 caelaturis
1747 257 1770 281 el
1793 256 1884 281 torno.

1039 297 1070 325 Et
1090 298 1143 325 hoe
1164 300 1205 326 est
1226 298 1299 334 quod
1321 299 1453 327 scribitur
1474 299 1650 328 Canticorum
1672 300 1761 336 primo
1777 300 1802 327 4:
1824 300 1885 327 Ma-

1038 344 1159 372 renalas
1173 352 1284 372 aureas
1294 343 1440 381 fitez'emus
1454 345 1515 379 tibi,
1531 346 1740 375 vermiculatas
1755 350 1883 383 arqento.

1117 391 1162 420 Est
1192 391 1274 420 etiam
1308 392 1388 421 tertio
1420 394 1553 430 templum
1584 393 1751 422 dedicatam
1782 394 1885 422 diuina

1035 438 1151 475 oralia,
1173 438 1325 467 seeundum
1348 439 1422 475 quod
1444 440 1602 469 insinuatur
1623 441 1734 469 secundi
1753 441 1885 478 Paralipo-

1037 492 1134 513 menon
1151 485 1269 521 septimo
1284 485 1303 519 ⁵,
1327 486 1372 514 nbi
1389 486 1506 515 dicitur:
1530 487 1731 523 Sanetisz'eavil
1747 487 1884 516 Salomon

1036 531 1164 559 mediam
1186 532 1260 560 atrii
1280 536 1346 560 anile
1367 533 1504 570 templum
1529 534 1652 562 Domini.
1676 534 1703 562 ln
1725 542 1781 571 quo
1802 535 1884 563 datur

1036 579 1114 607 nobis
1136 579 1260 615 intelligi,
1275 580 1348 616 quod
1365 583 1419 608 tam
1436 581 1545 617 copiosa
1559 581 1648 617 gratia
1662 581 1884 610 sanctificationis

1036 625 1062 653 in
1085 625 1224 662 Virginem
1246 626 1395 661 descendit,
1417 628 1490 664 quod
1506 636 1558 656 non
1575 631 1681 657 tantum
1705 628 1884 657 sanctificavit

1036 674 1063 700 et
1083 672 1219 700 dedicavit
1240 673 1356 701 interius
1372 673 1398 701 in
1422 677 1522 708 mente,
1544 674 1590 703 sed
1612 675 1693 703 etiarn
1715 675 1841 704 exterius
1856 675 1882 704 in

1035 727 1133 753 carne,
1156 720 1235 748 iuxta
1256 728 1411 749 sermonem
1428 721 1536 757 Angeli,
1559 722 1646 750 Lucae
1668 723 1771 759 primo:
1789 723 1882 760 Spiri—

1036 769 1082 794 tas
1103 770 1224 794 sanetus
1252 767 1433 803 superveniet
1453 768 1485 795 in
1506 771 1540 802 te,
1566 772 1590 796 et
1621 769 1716 797 virlns
1738 770 1884 798 Alli-ssimi

1035 812 1219 841 obumbrabit
1241 813 1300 841 tibi.
1325 814 1386 850 igne
1407 815 1479 842 enim
1501 815 1584 843 divini
1600 816 1702 844 amoris
1718 817 1883 853 amplificata

1035 862 1061 887 et
1086 863 1276 888 consummata
1304 860 1356 888 fuit
1384 860 1410 888 in
1440 861 1527 897 gratia
1556 865 1583 890 et
1612 862 1718 890 virtute
1739 863 1884 891 Altissimi

1034 905 1210 933 obumbrata
1231 909 1258 934 et
1273 910 1429 943 expurgata
1442 907 1494 935 fuit
1508 908 1542 936 ah
1557 908 1631 936 omni
1652 909 1880 945 concupiscentia.

1036 952 1066 980 Et
1087 952 1139 981 hoc
1160 956 1210 986 est,
1240 953 1312 990 quod
1343 953 1464 982 insinuat
1491 955 1610 991 Spiritus
1632 958 1743 984 sanctus
1769 957 1881 985 secundi

1034 999 1263 1028 Machabaeorum
1293 1001 1430 1035 secundo,
1453 1001 1499 1030 ubi
1529 1002 1646 1030 dieitur:
1672 1002 1778 1031 Obtulit
1801 1004 1882 1032 Salo-

1033 1054 1101 1074 mon
1132 1046 1314 1083 sacrificium
1347 1048 1539 1077 dedicationis
1571 1053 1596 1077 et
1620 1051 1881 1079 consummationis

1034 1093 1138 1129 templi.
1161 1093 1188 1121 ln
1211 1094 1292 1122 cuins
1313 1095 1439 1123 sacrificii
1462 1095 1599 1124 oblatione
1621 1096 1698 1133 iynis
1720 1097 1880 1131 deseendit,

1029 1143 1057 1168 et
1078 1140 1257 1169 nihilominus
1282 1141 1370 1170 nube-s
1400 1143 1533 1178 templum
1563 1143 1705 1180 implevit,
1728 1144 1880 1173 secundum

1033 1187 1104 1223 quod
1121 1187 1222 1216 dicitur
1238 1188 1349 1216 secundi
1368 1188 1591 1225 Paralipomenon
1612 1191 1728 1226 septimo
1740 1191 1766 1225 ὓς
1783 1191 1809 1219 in
1825 1200 1881 1228 quo

1032 1233 1101 1262 nihil
1122 1234 1197 1262 aliud
1220 1234 1397 1271 intelligimus
1418 1235 1469 1263 nisi
1494 1235 1754 1272 inflammationem
1776 1239 1880 1275 gratiae

1033 1280 1151 1317 Spiritus
1172 1281 1257 1309 sancti
1280 1284 1307 1309 et
1329 1281 1578 1311 obnmln‘ationem
1601 1283 1712 1312 virtutis
1738 1284 1880 1319 altissimi,

1032 1335 1067 1355 ex
1090 1335 1209 1363 quorum
1233 1335 1371 1356 concursu
1400 1328 1524 1357 dedicata
1552 1332 1593 1358 est
1616 1330 1697 1367 Virgo
1722 1331 1820 1365 Maria,
1851 1335 1881 1360 ut

1032 1377 1103 1402 esset
1124 1372 1251 1403 idoneum
1286 1375 1418 1411 templum
1441 1375 1552 1404 Christi.
1574 1394 1613 1397 —
1636 1377 1775 1406 Postremo
1797 1379 1880 1415 Virgo

1032 1420 1115 1448 Maria
1137 1421 1269 1457 templum
1294 1424 1334 1449 est
1356 1421 1546 1458 adimpletam
1571 1423 1674 1451 divina
1693 1425 1879 1460 praesentia,

1032 1467 1111 1495 iuxta
1139 1468 1213 1504 quod
1244 1468 1345 1496 dicitur
1379 1468 1460 1497 lsaiae
1486 1470 1607 1497 sext0⁷.-
1637 1470 1702 1498 Vidi
1723 1471 1880 1500 Dominam

1030 1514 1171 1542 sedentem
1191 1515 1397 1551 supersedium
1419 1515 1561 1544 eoeeelsam
1583 1520 1607 1543 el
1628 1516 1779 1551 elevatam,
1801 1522 1825 1546 el
1846 1527 1879 1546 ea

1031 1569 1105 1599 qaae
1126 1561 1180 1589 sab
1197 1562 1257 1597 iai-so
1279 1567 1373 1595 erant,
1396 1562 1541 1599 replebant
1557 1563 1877 1601 templumSeraphim

1029 1608 1148 1636 stabant
1168 1617 1257 1645 saper
1279 1609 1352 1637 illud
1380 1613 1430 1637 etc.
1453 1610 1524 1645 Quid
1553 1613 1593 1639 est
1618 1610 1692 1639 istud
1717 1612 1790 1648 quod
1819 1615 1878 1640 erat

1030 1655 1083 1683 snb
1100 1656 1214 1683 Domino
1235 1659 1261 1684 et
1275 1664 1371 1692 snpra
1393 1656 1536 1693 Seraphim
1557 1661 1582 1685 et
1603 1657 1727 1694 replebat
1743 1658 1878 1695 templum

1030 1702 1081 1730 nisi
1104 1703 1261 1731 humanitas
1283 1703 1338 1731 Filii
1356 1703 1427 1732 Dei?
1448 1711 1519 1740 quae
1542 1704 1658 1740 replevit
1679 1706 1878 1734 sacratissimae

1029 1749 1149 1786 Virginis
1171 1752 1282 1778 uterum
1305 1753 1331 1778 et
1354 1758 1402 1786 per
1425 1758 1596 1787 consequens
1620 1751 1780 1780 universum
1797 1761 1877 1781 mun-

1029 1797 1111 1831 dum;
1134 1796 1240 1825 ratione
1261 1797 1342 1825 cuius
1355 1797 1473 1825 dicitur:
1490 1798 1581 1826 Plena
1603 1802 1663 1827 erat
1684 1800 1778 1828 omnis
1797 1803 1877 1828 terra

1028 1843 1126 1880 ,qloria
1154 1846 1225 1871 eins.
1257 1844 1399 1872 Plenitudo
1428 1844 1517 1878 enim,
1546 1853 1617 1881 quae
1639 1845 1691 1874 fuit
1716 1846 1742 1874 in
1766 1846 1877 1883 Virgine

1032 1890 1122 1924 Maria,
1145 1890 1309 1919 redundavit
1331 1891 1357 1919 in
1375 1894 1457 1919 totam
1481 1892 1641 1926 Ecclesiam3
1665 1897 1778 1929 propter
1803 1894 1877 1931 quod

1030 1941 1122 1966 cantat
1136 1938 1303 1966 universitas
1317 1939 1480 1967 Sanctorum
1497 1938 1522 1967 in
1541 1939 1661 1968 Psalmo:
1679 1940 1876 1977 Saseepimns,

1033 1985 1117 2018 Dens,
1139 1985 1374 2013 misericordiam
1408 1989 1490 2014 tuam
1522 1986 1553 2014 in
1575 1987 1667 2015 medio
1699 1987 1797 2024 templi
1824 1988 1876 2016 tui.

1030 2032 1099 2060 Haec
1120 2031 1324 2060 misericordia
1348 2032 1476 2061 Christus
1490 2036 1543 2067 est,
1565 2042 1647 2070 quam
1671 2042 1766 2062 omnes
1786 2034 1875 2063 Sancti

1029 2078 1236 2112 desiderabant,
1263 2078 1411 2107 clamantes
1426 2079 1452 2107 8;
1478 2080 1597 2108 Ostende
1617 2080 1715 2114 nobis,
1740 2081 1875 2114 Domine,

1030 2125 1265 2153 misericordiam
1287 2129 1370 2154 taam
1399 2130 1424 2154 el
1444 2126 1577 2155 salutare
1598 2131 1682 2155 tuam
1711 2127 1750 2155 da
1777 2127 1875 2162 nobis,

1030 2172 1055 2201 id
1077 2176 1132 2206 est,
1156 2173 1243 2201 lesum
1273 2176 1351 2201 tuum
1380 2173 1414 2201 da
1442 2174 1529 2202 nobis.
1560 2175 1630 2203 Hanc
1661 2175 1875 2203 misericordiam

1029 2219 1154 2255 suscepit
1178 2219 1257 2247 hodie
1279 2219 1388 2248 Simeon
1405 2220 1435 2248 in
1459 2220 1546 2249 illitas
1560 2229 1633 2249 snas
1654 2222 1685 2249 in
1700 2222 1792 2250 medio
1809 2226 1875 2250 tem-

1028 2265 1085 2302 pli,
1108 2274 1191 2303 quem
1215 2266 1299 2302 Virgo
1327 2267 1411 2295 Maria
1440 2268 1518 2303 prius
1545 2272 1706 2305 susceperat
1734 2269 1760 2297 in
1787 2269 1876 2297 medio

1029 2314 1134 2341 ventris
1155 2313 1206 2341 sui.
1223 2330 1260 2333 —
1278 2313 1308 2341 Et
1327 2314 1392 2350 quia
1414 2314 1522 2343 miseris
1538 2323 1591 2343 non
1606 2319 1647 2344 est
1663 2316 1705 2343 via
1720 2316 1875 2352 egrediendi

1028 2360 1061 2388 de
1084 2360 1193 2388 miseria
1215 2360 1265 2389 nisi
1288 2361 1345 2389 sola
1368 2361 1565 2395 misericordia,
1588 2362 1647 2391 ideo
1662 2363 1874 2400 confugiendum

1028 2409 1070 2435 est
1090 2407 1122 2435 ad
1139 2407 1355 2436 misericordiam
1372 2408 1491 2445 Virginis
1506 2409 1605 2438 Mariae
1621 2413 1751 2446 tanquam
1767 2411 1800 2438 ad
1816 2419 1876 2447 por—

1030 2458 1083 2482 tam
1106 2457 1216 2483 nostrae
1238 2455 1348 2489 salutis3
1371 2456 1444 2492 quod
1466 2456 1627 2493 designatur
1646 2458 1761 2485 :ictuum
1785 2458 1875 2491 tertio,

1028 2501 1074 2529 ubi
1097 2501 1208 2535 dicitur,
1230 2502 1304 2538 quod
1332 2502 1379 2530 vir
1407 2502 1532 2530 claudas
1559 2503 1722 2539 ponebatur
1750 2505 1876 2542 qnotidie

1028 2548 1069 2576 ad
1086 2551 1204 2584 portam
1234 2547 1346 2585 templi,
1375 2557 1450 2587 qaae
1477 2550 1588 2578 dieitur
1615 2550 1758 2587 Speciosa.
1784 2552 1875 2580 Porta

1028 2594 1101 2623 enim
1122 2595 1220 2632 templi
1239 2598 1280 2624 est
1303 2595 1505 2630 misericordia,
1527 2597 1678 2626 secundum
1706 2598 1778 2635 quod
1805 2599 1875 2627 desi-

1027 2645 1129 2679 gnatur
1152 2642 1223 2670 tertii
1254 2643 1356 2679 Regum
1390 2647 1486 2677 sexto,
1509 2644 1554 2672 uhi
1578 2644 1688 2678 dicitnr,
1721 2645 1793 2681 quod
1824 2653 1874 2673 rex

1028 2689 1153 2717 Salomon
1176 2688 1245 2726 feeit
1267 2690 1296 2717 in
1330 2690 1452 2718 introita
1484 2691 1582 2727 templi
1606 2696 1700 2728 postes
1722 2692 1755 2719 de
1787 2692 1874 2729 lionis

189 2808 196 2822 ¹
215 2809 260 2832 Csr.
276 2816 345 2837 supra
364 2816 417 2838 pag.
435 2811 494 2838 638,
511 2814 563 2833 nota
582 2811 602 2833 5.
621 2813 753 2840 Sequuntur
772 2814 802 2835 111,
821 2814 877 2841 Reg.
893 2814 915 2842 7,
933 2815 970 2836 51.

127 2851 148 2870 et
166 2849 180 2870 l.
197 2849 261 2871 Esdr.
279 2850 304 2876 5,
326 2849 359 2870 11.

189 2886 198 2899 2
216 2887 280 2909 Vers.
298 2888 324 2914 7;
341 2888 444 2916 sequitur
463 2889 496 2910 ΡΞ.
514 2889 551 2913 86,
569 2889 590 2910 5.

189 2925 198 2937 ³
217 2926 280 2948 Vers.
299 2926 341 2953 57;
359 2929 486 2955 sequuntur
504 2927 569 2949 Eccli.
588 2928 625 2954 21,
643 2928 680 2950 Q-t.
698 2931 719 2950 ot
737 2929 768 2950 lll.
787 2929 842 2957 Reg.
860 2930 882 2956 6,
900 2931 936 2952 2-2.
949 2934 971 2952 et

127 2972 148 2986 v,
167 2966 203 2987 28.
222 2972 270 2993 seq.

1090 2813 1099 2826 ⁴
1118 2815 1183 2837 Vers.
1204 2815 1239 2836 10.

1117 2853 1183 2875 Vers.
1201 2854 1227 2879 7;
1245 2857 1374 2881 sequuntur
1392 2854 1445 2875 Luc.
1468 2854 1484 2881 1,
1503 2854 1540 2876 35.
1558 2858 1579 2876 el
1596 2855 1619 2876 11.
1638 2855 1708 2876 Maeli.
1727 2856 1748 2881 2,
1766 2856 1788 2877 9.
1806 2861 1854 2883 seq.

1090 2891 1099 2904 ⁰
1118 2893 1182 2914 Vcrs.
1204 2893 1222 2914 l.

1091 2929 1099 2943 ⁷
1117 2931 1175 2953 Vers
1197 2932 1214 2952 l.
1231 2937 1278 2959 seq.
1297 2934 1319 2952 et
1336 2931 1388 2953 dein
1407 2937 1429 2952 v.
1447 2932 1468 2953 3.
1485 2934 1507 2953 et
1525 2932 1558 2953 l’s.
1577 2931 1613 2958 47,
1631 2933 1652 2953 9.

1090 2968 1099 2981 '³
1118 2970 1198 2992 Psalin.
1217 2970 1257 2997 84,
1275 2970 1301 2998 73
1319 2973 1447 2999 sequuntur
1465 2972 1513 2993 Act.
1531 2971 1552 2999 3,
1571 2972 1591 2992 2.
1610 2974 1631 2993 ct
1650 2972 1681 2993 lll.
1700 2972 1756 2999 [ἕως.
1775 2972 1796 2998 6,
1814 2973 1850 2994 33,

1902 400 1991 419 Tertium.

1898 1386 1994 1408 Quartum.

1895 2324 1984 2343 [loriano.
