2243 3348
0 501 10 517 Ιι
39 502 95 520 arna-

0 503 93 562 ’ΣΙἛΕΙῙΙἯΒ-

35 563 37 567 ,
46 549 62 562 ο.

35 605 36 616 l

16 777 33 818 25

15 827 25 865 i

28 894 32 951 l

29 968 89 994 11715113-

1 1322 49 1358 ‘allh
62 1338 89 1357 De

2 1362 81 1389 mittente

0 1387 94 1429 ssffllffi·

1 1480 46 1502 mo,
60 1479 83 1498 de

0 1506 22 1525 n
33 1502 94 1527 quoad

0 1527 89 1546 „ienuam

7 1550 73 1577 Gli-utm-

20 1579 51 1592 aa.

0 1855 82 1876 Paniscus,

0 1882 31 1898 nn
48 1879 91 1896 sub-

0 1906 14 1921 ·
21 1907 33 1920 n
43 1901 86 1920 situ.

0 2651 85 2669 flandum.

596 130 638 158 DE
661 131 685 158 S.
711 129 812 158 PATRE
834 128 965 158 NOSTRO
987 127 1173 157 FRANCISCO.
1195 128 1305 157 SERMO
1327 129 1367 157 lV.

112 208 249 237 hahentur
270 215 365 236 omnes
387 208 520 244 reliquiae
542 207 730 244 pretiosissimi
754 207 816 244 ligni
847 207 953 241 crucis,

111 262 181 292 quae
203 254 341 282 habentur
364 262 412 290 per
434 254 595 283 universum
619 254 723 283 orbem.

188 300 292 328 Placuit
313 308 379 337 ergo
400 301 528 333 Domino,
551 300 623 328 sicut
644 301 701 336 ipse
723 300 810 328 voluit
831 303 954 337 tempore

109 347 183 376 illius
203 347 371 375 Constantini
394 347 476 375 finem
506 347 647 383 imponere
675 347 900 375 tribulationibus
927 350 955 375 et

109 395 202 427 bellis,
224 401 295 430 quae
316 397 396 422 erant
417 393 443 421 in
466 393 583 426 mundo,
606 401 654 430 per
676 394 784 430 signum
808 394 953 427 vict-oriae,

110 442 161 470 hoc
182 443 223 469 est
244 448 293 477 per
314 440 423 476 signum
445 440 539 468 crucis
557 443 697 468 ostensum
719 440 905 474 Constantino,
927 443 954 468 et

108 489 147 518 sic
169 488 254 516 voluit
274 487 382 523 signum
406 486 536 514 victoriae
557 494 660 522 ponere
682 486 707 514 in
737 487 816 515 beato
845 486 953 515 Franci-

108 543 162 564 sco.
186 535 243 572 lpse
263 534 335 563 enim
357 533 390 561 ad
413 533 464 561 hoc
485 533 567 569 elegit
588 533 725 561 hominem
754 533 905 570 simplicem
927 536 954 562 et

109 589 257 619 pauperem
280 584 307 609 et
328 580 474 613 humilem,
497 583 527 608 ut
548 580 692 616 exemplar
713 584 784 608 esset
813 580 953 616 poeniten-

109 630 169 658 tiae.
193 629 250 665 lpse
271 628 344 656 enim
365 627 486 655 maxime
508 626 635 655 exercuit
657 634 685 654 se
706 626 733 654 in
756 626 912 655 humilitate
927 629 954 655 et

108 675 288 713 poenitentia,
314 678 341 703 et
362 673 464 711 placuit
486 673 601 701 Domino
622 673 781 709 imprimere
803 673 830 701 in
852 681 884 701 eo
905 673 954 701 sti-

107 725 198 760 gmata
227 721 334 755 crucis,
365 721 492 757 stigmata
520 727 586 748 suae
608 720 756 756 passionis3
778 719 851 748 unde
872 722 899 748 et
919 719 953 748 de

107 770 166 806 ipso
187 772 275 806 potest
298 768 409 804 intelligi
433 767 498 795 illud
522 767 638 796 verbum
654 766 865 803 Apocalypsis¹z
889 767 954 795 Victi

108 816 231 844 alterum
248 815 391 852 Angelum
407 814 603 843 ascendentem
619 813 655 841 ab
670 817 737 842 ortu
752 813 835 847 solis,
850 812 952 841 liaben-

108 866 161 891 lem
181 862 298 899 siynum
323 861 374 890 Dei
395 861 462 895 vici,
484 865 516 889 ut
537 860 640 889 scilicet
656 860 828 897 imprimeret
842 860 951 896 signum

106 909 174 938 illud
195 918 284 946 saper
304 907 415 946 frontes
436 909 571 937 virorum
598 908 775 945 gementium
804 911 828 935 et
856 906 951 935 dolen-

107 957 188 985 tium.
210 956 287 985 Unde
307 956 362 984 duo
383 959 515 984 notantur
538 955 562 983 in
586 955 671 983 verbo
690 955 846 991 proposito:
863 954 952 990 primo

106 1006 218 1033 notatur
239 1003 284 1031 hic
303 1002 490 1040 privilegium
512 1002 629 1039 ‚cratiae
651 1001 785 1038 specialis,
807 1001 880 1038 quod
905 1001 952 1029 ha-

106 1051 166 1079 huit
187 1050 283 1082 beatus
304 1050 466 1078 Franciscus
488 1049 512 1077 in
535 1049 726 1077 conformitate
747 1048 779 1076 ad
796 1048 951 1082 Christum,

106 1106 169 1127 cum
191 1097 308 1126 dicitur:
338 1097 418 1125 Tunc
439 1096 594 1133 apparebit
614 1096 734 1133 signum
763 1095 834 1123 Filii
861 1094 951 1123 stomi-

106 1145 169 1178 nis;
190 1144 311 1173 secundo
332 1143 455 1180 tangitur
477 1143 537 1172 eius
557 1143 693 1171 excellens
714 1142 865 1176 meritum,
888 1150 951 1170 cum

105 1191 222 1219 dicitur:
245 1190 276 1218 in
297 1190 385 1223 caelo,
407 1190 473 1226 quia
494 1189 612 1226 Spiritus
634 1192 746 1218 sanctus
761 1189 849 1225 replet
863 1188 952 1217 caelos

105 1238 184 1266 donis
204 1238 277 1271 suis,
300 1238 352 1266 hoc
373 1240 414 1266 est
435 1237 565 1265 caelestes
586 1237 660 1265 viros
672 1237 691 1264 ².

186 1285 213 1313 ll.
236 1285 267 1313 Et
287 1284 421 1313 debemus
442 1287 553 1317 notare,
575 1283 648 1321 quod
671 1283 773 1311 multae
795 1286 860 1311 sunt
889 1290 953 1319 pro-

106 1332 235 1369 prietates
253 1331 335 1365 caeli,
351 1331 416 1368 quia
437 1331 542 1360 caelum
565 1330 756 1359 consideratur
771 1333 798 1358 et
815 1333 950 1367 quantum

105 1379 136 1407 ad
153 1379 334 1407 existentiam
357 1382 383 1407 et
404 1382 538 1415 quantum
554 1378 587 1406 ad
602 1378 809 1406 continentiam
823 1380 850 1406 et
865 1385 952 1414 quan-

105 1428 163 1454 tum
180 1425 213 1454 ad
228 1425 425 1461 influentiam,
441 1425 548 1453 omissis
566 1425 626 1453 aliis
640 1424 866 1461 proprietatibus,
881 1432 952 1460 quae

107 1473 209 1501 multae
230 1476 303 1501 sunt.
325 1473 465 1509 Quantum
487 1472 520 1500 ad
542 1472 717 1500 existentiam
733 1474 774 1500 est
788 1471 910 1499 sublime
924 1471 951 1499 in

106 1520 177 1553 situ,
200 1527 248 1556 per
269 1519 343 1556 quod
365 1519 543 1556 intelligimus
565 1519 590 1547 ln
613 1519 672 1547 viro
701 1518 788 1551 iusto,
817 1518 843 1546 in
873 1518 952 1546 heato

105 1566 258 1600 Francisco,
280 1566 471 1595 excellentiam
494 1565 679 1602 paupertatis,
695 1568 736 1594 est
751 1566 832 1594 etiam
848 1565 952 1602 specio-

104 1622 171 1641 sum
193 1613 219 1641 in
241 1616 351 1646 ornatu,
374 1620 423 1649 per
444 1612 517 1649 quod
534 1612 712 1649 intelligimus
728 1612 889 1640 munditiam
907 1619 951 1640 ca-

104 1660 218 1694 stitatis;
240 1663 281 1688 est
302 1660 383 1688 etiam
407 1658 645 1696 imperturbabile
666 1659 693 1687 in
721 1662 873 1696 apparatu,
902 1667 951 1695 per

103 1707 177 1744 quod
198 1706 320 1743 intelligo
342 1706 368 1734 in
384 1706 463 1735 beato
478 1706 621 1734 Francisco
635 1706 882 1742 obtemperantiam
899 1706 951 1734 hu-

104 1754 234 1782 militatis¹

182 1800 242 1829 Fuit
263 1800 347 1838 igitur
370 1801 466 1829 heatus
486 1800 503 1828 F
507 1800 647 1829 ranciscus
662 1800 767 1829 caelum
783 1799 905 1828 sublime
919 1800 951 1828 in

103 1848 162 1877 sitii
184 1852 297 1885 propter
312 1847 508 1876 excellentium
521 1848 725 1884 paupertatum
742 1847 822 1876 lsaias
834 1847 861 1875 ³:
884 1847 951 1876 Cae-

105 1895 164 1924 lum
185 1895 264 1924 sedes
284 1904 349 1923 mea
370 1899 425 1929 est;
448 1898 529 1923 terra
550 1898 647 1923 autent
668 1895 823 1923 scabellum
841 1895 947 1931 pellam

104 1943 253 1975 meorum‚·
274 1945 301 1971 et
323 1945 383 1978 post
399 1941 570 1970 immediate:
587 1942 634 1970 Act
647 1950 730 1979 quem
746 1946 842 1970 autem
859 1942 949 1979 respi-

104 1989 181 2017 ciam
202 1989 262 2017 nisi
282 1989 322 2017 acl
340 1989 558 2025 pauperculum
580 1992 604 2016 et
625 1989 781 2017 contritam
801 1989 911 2026 spiritu
925 1992 950 2017 et

105 2039 265 2064 trementem
281 2044 428 2064 sermones
443 2035 539 2064 meos?
554 2036 669 2064 Domine
684 2036 772 2064 Deus!
788 2044 876 2073 quare
891 2036 951 2065 iun-

104 2083 145 2120 gis
162 2082 380 2120 pauperculum
395 2090 458 2111 cum
474 2082 573 2111 caelo?
588 2083 626 2111 De
641 2091 696 2119 quo
711 2083 786 2111 caelo
801 2083 950 2120 intelligis?
977 2098 978 2108 i

105 2130 131 2158 ln
153 2138 209 2166 quo
230 2130 304 2158 caelo
326 2129 442 2158 libenter
464 2129 591 2166 (habitat)
625 2130 782 2158 Dominus?
815 2130 894 2159 Certe
921 2130 948 2158 in

101 2177 300 2213 pauperculo,·
322 2177 444 2213 probabo
466 2185 515 2213 per
537 2176 620 2205 illud:
642 2177 797 2211 Dominus,
819 2178 851 2206 in
871 2177 949 2206 caclo

103 2224 181 2252 sedes
202 2224 282 2257 eius;
302 2227 330 2252 et
350 2224 441 2252 statim
465 2227 541 2260 post:
565 2224 649 2252 Oculi
666 2224 729 2252 eius
744 2224 775 2252 in
788 2233 948 2261 pauperem

104 2270 271 2307 respiciunt.
294 2271 443 2307 Paupertas
464 2270 624 2299 hominibus
642 2271 749 2307 cupidis
766 2271 874 2300 videtur
888 2278 948 2300 esse

104 2325 149 2346 res
170 2317 290 2346 multum
311 2317 510 2351 abominabilis,
533 2317 578 2345 sed
601 2325 655 2346 non
678 2318 704 2346 in
726 2321 875 2355 conspectu
891 2318 948 2352 Dei,

104 2364 177 2401 quia,
198 2364 247 2393 etsi
270 2363 422 2392 secundum
443 2364 632 2400 apparentiam
654 2364 689 2393 sit
710 2364 828 2398 infirma,
850 2372 949 2394 secun-

103 2410 169 2439 dum
192 2410 321 2439 virtutem
346 2414 435 2439 tamen
457 2414 498 2439 est
527 2418 571 2439 res
602 2411 713 2439 excelsa
743 2415 770 2439 et
800 2411 947 2445 altissima;

104 2458 177 2486 unde
197 2458 342 2494 Apostolus
362 2458 427 2486 dicit
448 2458 584 2487 secundae
605 2458 637 2486 ad
659 2458 816 2487 Corinthios
836 2462 947 2487 octavo:

107 2506 141 2533 El
160 2505 305 2533 altissima
323 2509 487 2542 paupertas
508 2514 609 2533 eorum
631 2505 795 2534 abundavit
816 2505 846 2534 in
874 2506 948 2534 (livi-

105 2551 162 2580 lias
175 2551 371 2589 simplicitatis
386 2560 495 2580 eorum.
510 2552 540 2580 Et
554 2552 626 2581 sicut
639 2553 705 2581 caeli
722 2553 873 2581 secundum
889 2561 949 2590 gra-

104 2598 156 2627 dus
176 2598 350 2632 ordinantur,
372 2599 437 2636 quia
457 2602 499 2628 est
520 2599 625 2628 caelum
647 2600 744 2633 altum,
766 2599 848 2628 altius
869 2603 896 2628 et
913 2600 950 2628 al-

105 2645 256 2679 tissimum;
279 2646 317 2674 sic
338 2649 379 2674 est
400 2649 549 2682 paupertas
570 2646 659 2680 bona,
687 2654 758 2683 quae
785 2649 827 2675 est
853 2647 879 2675 in
902 2655 949 2683 pa-

105 2692 212 2726 tientia,
235 2693 345 2726 melior,
366 2701 437 2729 quae
458 2696 499 2721 est
522 2693 547 2721 in
562 2693 697 2721 desiderio
712 2696 739 2721 et
753 2694 948 2730 concupiscen-

168 2853 175 2866 ¹
194 2854 248 2882 (fap.
266 2855 287 2881 7,
306 2856 331 2878 ⁴2:
350 2855 454 2883 sequitur
472 2856 551 2877 Ezech.
569 2856 590 2881 ll,
610 2855 630 2877 li.

167 2891 175 2905 ²
192 2892 237 2915 Ct'r.
254 2894 358 2920 Gregor„
376 2893 444 2915 xvu.
461 2894 537 2915 Moral.
553 2900 572 2915 c,
591 2894 629 2915 31.
647 2900 667 2915 n.
686 2893 722 2915 48.
739 2907 769 2909 —
787 2895 817 2916 De
831 2896 844 2916 l.
857 2895 948 2916 divisio-

105 2932 140 2954 nis
158 2932 262 2954 membro
276 2938 344 2959 supra
359 2932 402 2954 iam
416 2938 489 2960 pauca
503 2932 569 2959 dixit3
586 2933 615 2954 de
628 2933 650 2954 ΙΙ.
663 2935 716 2955 sunt
732 2939 793 2961 quae
810 2937 946 2961 sequuntur.

1801 131 1855 159 587

1012 206 1063 241 tia;
1085 207 1205 243 optima,
1228 215 1299 243 quae
1320 211 1361 236 est
1382 207 1408 235 in
1430 208 1533 244 gloria,
1555 208 1665 245 quando
1686 209 1769 237 homo
1789 216 1856 245 gau-

1011 253 1056 281 det
1076 256 1103 281 et
1123 253 1258 290 gloriatur
1281 254 1306 281 in
1330 257 1492 290 paupertate
1513 262 1571 283 sua.
1595 255 1744 292 Paupertas
1772 255 1856 292 igitur

1010 300 1090 333 facit,
1113 300 1250 328 hominem
1273 301 1427 337 comparari
1449 302 1539 335 caelo,
1561 302 1627 338 quia
1654 301 1804 330 introducit
1828 302 1855 330 in

1011 354 1128 383 regnum
1150 347 1306 380 caelorum;
1328 347 1401 376 unde
1417 347 1562 382 Dominus,
1578 348 1705 377 Matthaei
1720 349 1817 385 quinto
1828 349 1854 376 4:

1012 392 1108 426 Beati,
1128 401 1274 430 pauperes
1294 394 1413 430 spiritu,
1436 395 1575 432 qnoniam
1597 395 1729 432 ipsorum
1751 400 1791 424 est
1812 405 1855 424 re-

1009 448 1099 476 ¹tynum
1122 440 1279 468 caelorum.
1302 440 1333 468 Et
1353 441 1420 469 alios
1441 442 1573 475 excludit,
1595 442 1641 479 qui
1665 446 1855 479 paupertatem

1010 494 1064 514 non
1086 490 1193 520 amant,
1216 487 1273 515 sive
1294 488 1340 524 qui
1363 495 1423 516 eam
1444 488 1593 517 diffamant.
1620 489 1754 518 Facilius
1781 490 1853 518 enim

1010 536 1059 566 est,
1081 533 1224 561 camelum
1243 542 1296 570 per
1317 534 1451 571 foramen
1484 544 1557 563 acus
1588 536 1732 570 transire,
1765 545 1855 575 quam

1010 579 1125 608 (Civilem
1147 580 1262 609 intrare
1277 581 1307 609 in
1322 590 1445 619 regnum
1460 582 1619 616 caelorum,
1634 584 1745 612 divitem
1762 592 1855 613 aman-

1010 629 1064 654 tem
1085 626 1194 655 divitias
1215 631 1242 655 et
1263 628 1454 657 confidentem.
1477 630 1520 657 Sic
1542 638 1608 666 ergo
1629 631 1765 667 cupiditas
1794 632 1854 660 red-

1009 672 1049 700 dit
1070 672 1208 701 hominem
1231 674 1431 710 ponderosum,
1453 676 1517 712 quia
1546 677 1597 713 qui
1623 677 1722 705 volunt
1753 678 1855 706 divites

1009 718 1075 754 fieri
1094 719 1227 748 incidant
1248 721 1279 748 in
1302 722 1485 749 tentationem
1506 726 1531 750 el
1549 723 1580 751 in
1595 723 1731 761 laqueum
1746 725 1856 753 diaboli

1009 769 1035 794 el
1054 766 1201 795 desideria-
1223 768 1315 795 multa
1330 768 1449 797 inutilia
1463 773 1489 797 et
1502 770 1616 803 nociva,
1632 779 1706 808 qaae
1720 776 1855 808 meryunt

1009 811 1137 841 hanzines
1159 814 1189 841 in
1211 814 1362 842 interitum
1387 819 1411 843 et
1438 816 1636 852 perditionem.
1668 818 1748 851 Ecce,
1781 818 1854 855 quod

1010 859 1171 896 praecipitat
1192 860 1220 888 in
1243 861 1426 896 profundum,
1449 862 1495 890 scd
1511 867 1659 899 paupertas
1674 864 1737 892 facit
1752 868 1778 893 et
1794 865 1854 893 red-

1008 906 1048 934 dit
1069 906 1208 935 hominem
1230 908 1389 942 caelestem,
1412 912 1439 937 et
1461 909 1532 937 inter
1553 918 1648 938 omnes
1670 911 1714 939 illa
1738 920 1854 948 pauper—

1010 957 1059 987 tas,
1082 954 1108 981 in
1130 962 1185 990 qua
1207 954 1290 982 homo
1310 955 1445 991 gloriatur
1461 959 1487 984 et
1501 957 1610 993 gaudet.
1627 974 1662 978 —
1680 958 1729 986 Sed
1746 967 1798 987 non
1815 959 1854 986 in-

1009 1000 1124 1029 venietis
1144 1001 1280 1037 aliquem,
1296 1002 1343 1038 qui
1360 1002 1395 1030 ita
1412 1003 1552 1038 professus
1566 1003 1649 1032 suerit
1664 1008 1854 1041 paupertatem

1009 1048 1080 1076 sicut
1101 1048 1198 1076 beatus
1221 1048 1395 1082 Franciscus‚
1419 1058 1467 1078 nec
1489 1050 1535 1087 qui
1568 1051 1605 1079 ita
1634 1051 1659 1079 in
1693 1056 1854 1088 paupertate

1008 1095 1152 1132 glorietur.
1165 1095 1236 1123 Nihil
1252 1096 1339 1124 voluit
1354 1097 1464 1132 penitus
1480 1097 1592 1131 hahere,
1608 1106 1656 1126 nec
1672 1098 1698 1126 in
1715 1100 1852 1127 comnmni

1008 1149 1058 1170 nec
1081 1142 1106 1170 in
1129 1142 1300 1179 particulari,
1324 1150 1373 1171 nec
1396 1143 1494 1177 voluit,
1516 1144 1589 1181 quod
1612 1145 1720 1174 Fratres
1742 1146 1783 1174 sui
1808 1147 1854 1174 ha-

1008 1189 1113 1217 berent.
1137 1189 1163 1217 Si
1185 1197 1251 1226 ergo
1272 1197 1344 1218 crux
1366 1190 1466 1218 Christi
1490 1190 1598 1228 signum
1615 1195 1656 1220 est
1672 1193 1853 1229 paupertatiS,

1009 1239 1083 1264 recte
1105 1236 1213 1273 signum
1236 1236 1292 1264 Filii
1316 1237 1442 1271 hominis,
1466 1238 1517 1266 hoc
1538 1242 1579 1266 est
1600 1246 1671 1267 crux
1691 1239 1805 1271 Christi,
1828 1240 1854 1267 in

1009 1290 1041 1311 eo
1061 1283 1157 1311 debuit
1178 1283 1284 1312 situari.
1300 1301 1338 1303 —
1353 1284 1402 1312 Sed
1425 1284 1496 1313 dicet
1517 1285 1632 1322 aliquis:
1656 1286 1726 1314 Laus
1747 1287 1772 1314 in
1793 1295 1855 1323 pro-

1010 1330 1070 1367 prio
1090 1338 1138 1358 ore
1160 1330 1301 1364 sordescit,
1323 1334 1350 1359 et
1371 1331 1431 1360 ideo
1453 1340 1506 1360 non
1528 1332 1661 1361 debemus
1682 1333 1734 1361 ista
1755 1333 1855 1367 dicere,

1009 1385 1080 1414 quae
1101 1377 1205 1405 faciunt
1225 1377 1259 1405 ad
1274 1378 1537 1407 commendationem
1554 1383 1687 1413 nostram,
1702 1381 1787 1409 nostri
1804 1381 1854 1409 Or-

1009 1424 1080 1453 dinis
1100 1428 1127 1453 et
1148 1425 1233 1453 nostri
1257 1425 1351 1453 Patris.
1374 1425 1424 1454 Sed
1448 1434 1500 1454 non
1515 1426 1615 1455 dehent
1632 1427 1681 1455 ista
1697 1428 1790 1461 taceri,
1806 1436 1854 1465 per

1009 1479 1080 1508 quae
1102 1472 1221 1508 Spiritus
1242 1475 1353 1501 sanctus
1376 1473 1539 1501 mirabiliter
1560 1474 1756 1510 professionem
1788 1484 1855 1512 pau-

1010 1519 1123 1555 pertatis
1144 1519 1325 1547 confirmavit.
1350 1519 1407 1556 lpse
1429 1520 1500 1548 enim
1524 1520 1687 1549 mirabiliter
1710 1521 1737 1550 iu
1753 1523 1804 1551 hoc
1819 1523 1855 1551 si-

1008 1574 1061 1602 gno
1083 1566 1279 1602 professionem
1302 1567 1473 1603 paupertatis
1493 1568 1695 1597 commendavit
1713 1572 1740 1598 et
1755 1570 1854 1598 confir-

1009 1613 1109 1645 mavit;
1132 1621 1193 1641 nam
1215 1613 1310 1641 eodem
1335 1616 1472 1649 tempore,
1494 1622 1550 1650 quo
1571 1615 1668 1644 heatus
1694 1616 1854 1646 Franciscus

1009 1660 1087 1696 petiit
1107 1660 1342 1688 confirmationem
1364 1660 1405 1688 sui
1428 1660 1538 1689 Ordinis
1561 1670 1577 1690 a
1605 1663 1689 1699 Papa,
1720 1663 1854 1700 impressa

1008 1710 1073 1735 sunt
1094 1707 1116 1736 ei
1140 1707 1269 1744 stigmata
1289 1708 1395 1735 Domini
1419 1709 1514 1736 nostri.
1537 1709 1593 1737 Non
1616 1709 1667 1737 fuit
1688 1710 1739 1738 ista
1754 1710 1853 1739 confir-

1008 1754 1091 1782 matio
1112 1754 1147 1782 ab
1169 1754 1291 1788 homine,
1313 1754 1360 1782 sed
1382 1763 1397 1782 a
1419 1754 1482 1783 Deo.
1506 1755 1589 1783 Homo
1604 1756 1675 1784 enim
1691 1756 1777 1793 decipi
1795 1760 1853 1793 pot-

1007 1804 1063 1835 est,
1085 1805 1113 1830 et
1133 1801 1193 1830 ideo
1215 1809 1268 1829 non
1291 1802 1366 1830 solus
1390 1802 1470 1830 homo
1492 1802 1517 1830 in
1540 1802 1747 1831 confirmatione
1771 1804 1853 1832 huius

1007 1848 1169 1885 Religionis,
1192 1849 1219 1876 in
1241 1856 1296 1885 qua
1317 1852 1358 1876 est
1381 1848 1512 1884 professio
1533 1849 1681 1878 altissimae
1706 1853 1853 1886 pauperta-

1008 1895 1050 1929 tis,
1071 1896 1200 1932 apposuit
1222 1895 1335 1929 bullam,
1357 1895 1402 1923 sed
1426 1895 1483 1931 ipse
1505 1896 1638 1924 Dominus
1653 1896 1755 1925 bullam
1774 1905 1852 1925 suam

1006 1950 1145 1979 apponere
1167 1943 1255 1971 voluit
1275 1942 1306 1970 ad
1330 1943 1565 1971 confirmationem
1594 1944 1779 1980 paupertatis,
1805 1944 1852 1972 sti—

1006 1993 1098 2026 gmata
1119 1997 1185 2018 suae
1206 1989 1340 2025 passionis
1363 1989 1441 2017 beato
1463 1989 1605 2018 Francisco
1628 1990 1723 2019 humili
1743 1994 1770 2019 et
1785 1999 1852 2027 pau-

1006 2037 1064 2073 peri
1087 2037 1279 2073 imprimendo.
1302 2037 1359 2065 Non
1379 2039 1420 2065 est
1434 2036 1528 2065 datum
1544 2037 1672 2066 omnibus
1688 2038 1789 2066 habere
1804 2041 1852 2066 aut

1006 2084 1108 2120 eligere
1129 2083 1179 2112 sihi
1202 2084 1283 2111 talem
1305 2086 1512 2120 paupertatem;
1534 2084 1580 2112 sed
1602 2085 1730 2113 omnibus
1757 2084 1850 2113 datum

1006 2133 1047 2159 est
1068 2134 1211 2167 acceptare
1233 2138 1309 2163 eam,
1332 2134 1358 2159 et
1381 2131 1489 2167 placere
1509 2130 1590 2159 dehet
1618 2131 1721 2159 homini
1750 2132 1776 2160 in
1799 2132 1852 2160 alio

1007 2177 1067 2206 talis
1088 2180 1253 2214 paupertas,
1275 2177 1323 2205 etsi
1347 2185 1400 2205 non
1423 2177 1461 2206 sic
1483 2180 1571 2214 potest
1591 2186 1650 2206 esse
1672 2186 1785 2215 pauper.

1085 2225 1164 2257 item,
1185 2224 1291 2252 caelum
1313 2224 1475 2260 speciosum
1496 2228 1537 2252 est
1557 2225 1588 2253 in
1609 2229 1736 2258 ornatu,·
1757 2229 1784 2254 et
1800 2225 1852 2254 tale

1005 2272 1111 2300 caelum
1128 2271 1180 2300 fuit
1195 2271 1291 2300 beatus
1306 2271 1467 2300 Franciscus
1481 2275 1595 2308 propter
1609 2272 1788 2301 munditiam
1804 2281 1852 2301 ca-

1005 2318 1130 2351 stilatis,·
1152 2318 1225 2346 unde
1246 2318 1347 2346 dicitur
1370 2318 1548 2347 Ecclesiastici
1572 2318 1785 2355 quadragesimo
1800 2323 1852 2348 ter-

1006 2365 1080 2393 ti0⁵z
1104 2364 1277 2393 Altiluclinis
1297 2364 1515 2401 firmamentum
1536 2365 1706 2401 pulcritudo
1724 2366 1787 2394 eius
1801 2370 1852 2399 cst,

1004 2412 1111 2449 species
1131 2411 1220 2445 caeli,
1242 2412 1273 2439 in
1288 2412 1397 2440 visione
1409 2412 1530 2449 gloriae.
1545 2429 1584 2432 —
1601 2413 1833 2441 Fi)'piamentum
1843 2436 1851 2446 ,

1005 2459 1079 2496 quod
1100 2459 1183 2487 habet
1204 2459 1331 2495 speciem,
1353 2462 1395 2487 est
1415 2459 1514 2493 anima,
1536 2467 1607 2496 quae
1630 2460 1739 2488 firmata
1753 2464 1793 2489 est
1808 2468 1852 2489 ca-

1005 2506 1096 2535 stitate
1117 2506 1194 2542 quasi
1218 2506 1397 2542 impressione
1419 2509 1492 2534 recte
1507 2506 1577 2534 facta
1591 2506 1624 2534 ad
1645 2507 1850 2543 impressionem

1005 2553 1187 2587 contrariam;
1210 2553 1237 2581 in
1261 2553 1343 2581 Exodi
1367 2553 1499 2590 vigesimo
1520 2556 1621 2590 quarto
1642 2554 1752 2588 dicitur,
1778 2554 1851 2591 quod

1004 2600 1132 2629 seniores
1162 2600 1254 2628 lsrael
1280 2600 1417 2628 viderunt
1444 2600 1591 2629 Dominum
1622 2601 1712 2629 Deum
1743 2601 1850 2634 lsrael,

1005 2651 1029 2675 et
1049 2647 1103 2675 sub
1122 2647 1244 2684 pestibus
1265 2647 1327 2675 eius
1349 2647 1437 2684 quasi
1457 2656 1530 2684 opus
1552 2648 1659 2684 lapidis
1683 2647 1852 2684 sapphirini

1005 2697 1029 2721 et
1050 2693 1138 2731 quasi
1158 2693 1284 2727 caelum,
1306 2702 1372 2721 cum
1394 2702 1527 2722 serenum
1549 2698 1606 2725 est,-
1628 2694 1700 2730 quod
1717 2694 1850 2730 significat

1067 2854 1075 2866 ³
1093 2855 1148 2882 Cap.
1167 2856 1203 2880 66„
1226 2856 1243 2877 1,
1255 2856 1503 2883 soq.;sequuntiii·l‘s.
1518 2855 1714 2883 lO,si.seq.etll‚
1729 2855 1816 2883 (30128,
1828 2856 1848 2877 2.

1067 2893 1075 2905 ⁴
1095 2894 1159 2916 Vers.
1177 2894 1203 2920 3;
1221 2898 1349 2922 scqiumim·
1366 2901 1385 2915 c.
1409 2894 1441 2920 ³9,
1460 2894 1497 2916 ⁶22.
1517 2897 1538 2916 et
1557 2895 1571 2916 l.
1590 2895 1649 2916 Tim.
1667 2895 1688 2922 6,
1706 2896 1726 2917 9.

1067 2932 1075 2944 ⁵
1094 2933 1158 2954 Vors.
1182 2934 1203 2960 Ι;
1221 2936 1349 2961 sequuntur
1369 2933 1437 2955 lixosl.
1456 2933 1493 2959 24,
1511 2933 1533 2955 9,
1550 2939 1598 2962 seq.
1616 2936 1637 2955 et
1654 2934 1738 2956 Thren.
1760 2934 1778 2961 l,
1796 2935 1816 2956 7.

1876 963 1894 982 S.
1909 964 1982 982 Franci-

1904 992 1952 1005 scus.

1869 1292 1953 1310 obiectio
1966 1293 2001 1310 sol·

1908 1316 1963 1333 vitur.

1872 2230 1924 2256 Item.
1939 2235 1980 2256 spe-

1877 2259 1948 2272 elusum
1962 2259 1980 2271 ln

1892 2278 1964 2295 ornatu.
