2243 3348
10 357 11 365 i
19 345 111 368 Imitandus

11 371 69 394 hristus
78 373 111 393 per

9 394 109 438 lituum

3 465 7 476 ι

5 479 7 498 1

691 162 847 191 ΒΟΜΙΝΙΟΑ
869 162 886 190 l.
909 162 1092 191 ADVENTUS.
1115 163 1225 191 SERMO
1247 164 1324 191 XXll.

127 245 195 273 Iesu.
212 243 364 280 Eapropter
385 241 544 275 sciendum,
566 240 640 277 quod
661 240 763 273 induit,
786 239 933 268 inviscerat
948 242 975 268 et

126 291 284 327 incorporat
304 289 354 318 sibi
376 289 440 326 quis
460 287 609 316 Dominum
632 287 719 316 lesum
742 294 792 315 suo
817 286 898 314 modo
913 286 974 313 imi-

128 337 209 366 tando
240 344 303 365 eum
332 343 384 372 per
411 337 604 371 contemptum
632 333 774 361 vanitatis
802 332 973 366 mundanae,

126 382 281 420 spernendo
296 382 399 411 scilicet
413 389 484 418 quae
498 381 556 417 ipse
576 380 695 417 spernit:
718 379 842 413 divitias,
864 379 975 407 delicias

126 432 153 459 et
174 430 309 463 honores;
335 429 369 457 ad
394 428 526 465 Ephesios
552 430 653 464 quarto
669 428 694 454 ¹:
724 426 839 455 Indu-ite
865 434 974 453 novum

127 476 286 509 hominem,
308 476 360 514 qui
379 475 539 503 secundum
564 474 655 502 Deum
676 477 794 502 creatus
814 476 856 501 est
876 472 907 501 in
928 472 975 501 iu-

3 523 114 558 lergemnum
125 523 207 552 stitia
228 526 252 551 et
272 522 426 551 sanctitate
453 521 594 550 veritatis.
619 537 654 540 —-
679 520 735 548 Per
761 520 902 557 yemicum
927 519 974 548 de-

9 556 94 578 avoiionis.

0 813 3 865 l

0 884 2 916 i

1 920 2 923 =
10 914 27 928 oi·
33 907 111 934 habitum

1 928 2 953 1
8 931 104 951 honestatis.

7 1236 37 1255 Per
47 1234 113 1261 ample-

15 1264 54 1286 xui-n
67 1263 112 1277 cari-

15 1284 60 1301 mis.

37 1844 112 1864 Divisio.

44 2080 88 2099 Pars
99 2079 113 2098 l.

5 2126 43 2146 latio
49 2127 113 2151 prima.

126 570 250 599 votiom's
264 569 406 602 mundae,
428 568 572 597 afficiendo
587 567 690 596 scillcet
705 575 734 596 se
749 567 821 595 circa
843 574 887 600 ea,
902 566 976 595 circa

127 624 197 654 quae
219 617 277 653 ipse
298 624 327 645 se
355 615 504 649 afficiebat,
526 614 630 643 scilieet
651 614 724 642 circa
753 614 842 642 zelum
871 614 975 642 anima-

127 671 208 697 rum,
230 663 304 691 circa
325 663 431 691 cultum
453 662 626 695 caelestium,
648 661 721 690 circa
743 660 866 689 studium
895 660 976 697 spiri-

127 710 243 739 tualium
267 710 445 743 u1ictionum3
468 709 501 737 ad
522 708 697 736 Colossenses
718 707 800 736 tertio
815 708 841 735 ²:
866 708 976 744 Exspc-

127 757 230 785 liantes
250 765 301 785 vos
323 760 442 784 veterem
464 755 608 784 homi-nem
628 763 694 783 cum
722 754 838 782 actibus
862 754 926 782 suis
950 757 977 782 et

127 803 278 832 induentes
300 812 407 831 novum
429 811 512 835 eum,
534 802 586 840 qui
605 805 766 830 renovatur
794 801 825 829 in
850 800 976 837 aq'nitio-

126 858 191 878 nem
211 850 371 878 secundum
394 849 552 886 imaginem
574 849 636 876 eius
667 857 718 886 qui
745 847 856 876 creavit
883 847 974 876 illum.

127 912 165 917 —-
187 896 245 924 Per
263 895 396 924 habitum
417 894 574 923 honestatis
596 895 769 931 praeclarae,
787 893 976 922 conservando

128 943 231 972 scilicet
253 947 344 971 motus
365 943 472 971 animae
493 945 520 971 et
541 942 681 978 corporis,
704 941 814 978 linguae
841 945 868 969 et
890 940 977 969 sensi—

128 990 211 1024 tivae,
232 992 259 1018 et
280 989 431 1026 regulando
446 989 499 1018 sub
514 989 620 1026 legibus
636 988 750 1017 rationis
764 991 791 1016 et
806 987 976 1016 subiiciendo

128 1036 235 1074 legibus
255 1036 390 1070 aeternis3
412 1036 445 1064 ad
469 1035 599 1072 Ephesios
620 1038 700 1064 sexto
716 1035 741 1062 3:
765 1035 842 1063 State
861 1034 976 1063 succin-

130 1083 168 1112 cti
193 1083 305 1111 lumbos
332 1086 442 1111 vestros
469 1083 500 1111 in
529 1082 649 1110 veritate
677 1085 702 1110 et
729 1081 829 1110 induti
852 1081 974 1110 loricam

128 1130 257 1159 iustitiae
278 1134 304 1158 et
324 1129 446 1158 calceati
462 1129 549 1166 pedes
571 1130 601 1157 in
628 1128 858 1166 praeparatione
879 1129 976 1156 Evan-

127 1177 196 1215 yelii
213 1177 315 1213 pacis,
338 1177 368 1205 in
390 1176 526 1205 omnibus
546 1181 690 1204 sumentes
710 1180 827 1204 scutum
841 1175 910 1212 fidei
924 1179 974 1204 etc.

128 1240 168 1244 —
191 1225 248 1252 l-’er
269 1224 438 1261 amplexum
459 1223 596 1252 caritatis
621 1223 759 1260 geminae,
781 1223 897 1251 amando
925 1223 977 1251 sci-

128 1272 191 1300 licet
221 1279 252 1300 ea
274 1279 345 1308 quae
366 1271 424 1308 ipse
452 1270 568 1304 ¹amavit;
590 1270 623 1298 ad
651 1270 824 1298 Colossenses
851 1270 975 1298 tertio4:

130 1318 243 1347 Induite
264 1327 314 1346 vos
334 1319 411 1346 sicut
431 1318 510 1346 electi
537 1318 602 1351 Dei,
623 1317 721 1345 sancti
745 1321 771 1345 et
797 1316 906 1350 dilecti,
935 1317 976 1345 vi-

127 1373 211 1393 scera
226 1364 455 1398 misericordiae,
472 1364 686 1401 beniynitatem,
699 1363 901 1397 humilitatem,
917 1372 976 1392 mo-

128 1412 266 1446 destiam,
286 1411 459 1448 patientiam
481 1414 532 1440 etc.

442 1505 534 1533 Si-:uiuo
556 1505 623 1533 xxii
635 1506 654 1532 ⁵.

208 1599 337 1633 Domine,
359 1598 470 1627 inclina
491 1598 584 1627 caelos
605 1602 670 1627 tuos
691 1601 715 1626 et
736 1598 881 1632 descende,
905 1598 976 1626 Psal-

128 1654 190 1675 mus
204 1646 224 1674 ⁶.

206 1693 341 1730 Loquitur
363 1693 499 1730 Propheta
519 1693 648 1730 egregius
662 1693 696 1721 ad
718 1692 765 1721 Dei
787 1693 884 1721 Filium
906 1693 978 1721 sicut

128 1740 338 1769 ardentissimus
364 1742 472 1768 amator
506 1740 603 1768 salutis
631 1739 774 1768 hominum
802 1740 830 1768 in
859 1747 977 1777 persona

128 1787 214 1816 totius
234 1786 349 1815 humani
370 1786 496 1824 generis;
518 1789 545 1815 et
572 1787 599 1815 in
628 1786 672 1815 his
698 1787 791 1815 verbis
816 1787 870 1815 tria
897 1787 976 1815 facit:

128 1834 219 1871 primo
240 1833 368 1871 explicat
386 1832 545 1871 fastiqium
564 1833 707 1871 potentiae
721 1833 896 1868 excellentis,
923 1834 976 1862 ibi:

129 1881 267 1914 Domine;
282 1880 402 1909 secundo
416 1879 534 1917 flayitat
555 1879 723 1917 beneficium
744 1880 908 1909 clementiae
922 1881 977 1909 mi-

127 1927 248 1956 serentis
260 1927 280 1961 ⁷,
295 1927 348 1956 ibi:
364 1926 476 1955 inclina
489 1926 583 1955 caelos
598 1930 676 1960 tuos,·
695 1927 776 1955 tertio
787 1927 918 1964 postulat
932 1935 978 1956 so-

130 1974 234 2003 latium
252 1974 438 2011 praesentiae
458 1973 656 2008 demulcentis,
680 1974 731 2002 ibi:
753 1977 779 2002 et
799 1974 943 2003 descende.

208 2021 226 2049 Ι.
249 2021 336 2049 Huius
357 2021 464 2049 Domini
482 2021 647 2050 excellentia
661 2021 801 2058 colligitur
822 2029 858 2050 ex
872 2021 977 2054 multis,

130 2067 196 2105 quia
215 2068 275 2104 ipse
295 2071 337 2096 est
358 2067 491 2096 Dominus
519 2067 762 2105 incomparabilis
789 2068 895 2097 ratione
920 2076 977 2097 ma-

129 2114 234 2144 iestatis
255 2114 431 2151 magnificam
453 2114 514 2143 ideo
530 2115 614 2143 Exodi
630 2115 735 2144 decimo
750 2115 847 2152 quinto
862 2115 889 2143 ⁸:
906 2116 978 2151 Quis

129 2161 236 2190 similis
257 2161 302 2189 tui
321 2161 352 2189 in
372 2160 517 2198 fortibus,
542 2161 681 2190 Domine?
704 2162 777 2197 Quis
790 2161 897 2190 similis
918 2162 977 2196 tui,

130 2208 307 2246 maynificus
322 2208 353 2236 in
365 2208 541 2236 sanctitate?
555 2212 582 2237 et
598 2208 736 2237 Psalvnms:
755 2208 887 2242 Domine,
903 2209 978 2237 Deus

130 2255 284 2288 virtutum,
299 2255 366 2293 quis
379 2255 486 2283 similis
508 2254 579 2283 tibi?
594 2258 621 2283 et
635 2254 724 2283 idern:
745 2255 817 2290 Quis
831 2255 908 2284 sicut
923 2256 978 2284 Do-

131 2302 230 2331 minus
247 2302 322 2330 Deus
337 2305 445 2336 noster,
467 2302 519 2340 qui
539 2302 570 2330 in
585 2301 654 2330 altis
676 2301 809 2331 habitat?
831 2302 892 2331 ideo
908 2303 979 2331 Psal-

130 2356 208 2377 mus:
230 2348 296 2377 Non
317 2352 357 2377 est
377 2348 483 2377 similis
504 2349 549 2377 tui
569 2349 601 2377 in
626 2348 693 2382 (tiis,
716 2349 854 2383 Domine,
875 2353 901 2377 et
921 2358 979 2378 non

1835 169 1872 197 [13

1031 243 1071 267 est
1091 241 1251 268 secundum
1274 249 1362 277 opera
1378 245 1437 269 tua.
1455 258 1491 262 —
1508 241 1676 279 Infallibilis
1692 244 1796 273 ratione
1811 253 1873 281 per—
1890 252 1983 271 Secunda.

1031 286 1196 322 spicacitatis
1207 287 1389 321 clarissimam
1403 288 1614 317 Proverbioruni
1626 289 1731 319 decimo
1743 291 1839 327 quinto
1847 292 1857 308 ⁹
1868 303 1873 319 :

1032 333 1067 360 ln
1088 333 1168 361 omni
1188 333 1248 361 loco
1269 333 1347 362 oculi
1367 334 1483 363 Domini
1503 336 1735 372 contemplantur
1751 337 1836 366 bonos
1851 342 1877 366 et

1031 379 1142 412 mal0s‚·
1163 382 1190 408 et
1212 380 1350 409 Psalmus:
1375 381 1515 409 Dominus
1536 382 1591 410 scit
1621 383 1807 419 cogyz'tationes
1828 384 1876 413 lio-

1030 426 1164 458 minum;
1186 429 1213 454 et
1235 426 1363 455 Ieremiae
1384 427 1490 456 decimo
1504 429 1635 465 septimo:
1658 430 1718 467 Eyo
1735 431 1876 459 Dominus

1031 476 1172 501 scrutans
1192 481 1259 506 eor,
1275 474 1376 510 quido
1397 474 1554 513 unicuique
1574 476 1660 504 iuoeta
1680 477 1760 505 viam
1773 486 1876 512 suam;

1033 519 1092 547 ideo
1119 519 1296 548 Ecclesiastici
1323 521 1453 557 vigesimo
1482 523 1563 551 tertio
1579 523 1616 550 ¹⁰:
1648 524 1732 552 Oculi
1760 525 1877 553 Domini

1032 567 1122 595 multo
1141 567 1210 603 plus
1239 566 1394 596 lucidiores
1419 572 1488 597 sunt
1512 578 1600 606 super
1625 571 1725 604 solem,
1751 571 1876 600 circum-

1031 613 1181 651 spicientes
1193 622 1290 641 omnes
1301 614 1367 642 vias
1378 614 1527 644 hominum
1542 620 1566 644 et
1580 616 1762 654 profundum
1776 618 1877 656 abyssi

1032 664 1057 689 et
1078 659 1228 688 hominum
1251 661 1343 688 corda
1360 661 1499 690 intuentes
1513 663 1545 691 in
1560 663 1746 692 absconditas
1758 669 1876 701 partes,·

1031 710 1058 736 et
1070 707 1185 735 ibidem:
1201 707 1323 735 Domino
1337 707 1401 741 Deo,
1414 712 1568 746 antequam
1581 715 1763 745 crearentur,
1777 712 1877 740 omnia

1032 757 1102 782 sunt
1122 754 1242 790 aquila,
1264 757 1289 781 et
1309 757 1377 790 post
1393 754 1553 791 perfectum
1577 757 1694 793 respicit
1713 759 1829 792 omnia;
1851 762 1877 787 et

1034 801 1139 829 loannis
1160 800 1273 829 ultimo:
1297 801 1432 834 Domine,
1455 804 1486 829 tu
1507 802 1607 830 omnia
1634 805 1717 832 nosti.
1749 821 1787 826 ——-
1817 806 1877 834 Col-

1034 847 1194 876 laudabilis
1205 847 1312 875 ratione
1326 847 1456 876 honitatis
1466 849 1662 885 amplissimae;
1680 854 1792 887 propter
1804 852 1877 888 quod

1024 894 1158 923 Psalinus
1173 895 1212 922 ¹¹:
1235 894 1367 922 Laudate
1399 895 1571 929 Dominum,
1600 897 1670 933 quia
1699 897 1790 926 bonus
1822 899 1877 927 Do—

1032 941 1133 970 minus
1141 951 1151 974 ;
1172 944 1199 969 et
1218 941 1305 969 idem:
1328 941 1450 974 Lauda,
1474 942 1578 971 anima
1602 952 1676 976 mea,
1704 944 1861 973 Dominum
1869 956 1878 979 ;

1033 992 1059 1017 et
1080 988 1167 1016 idem:
1191 988 1363 1016 Benedicam
1388 989 1543 1017 Dominum
1572 990 1603 1017 in
1631 991 1712 1019 omni
1738 995 1878 1029 tempore,

1032 1043 1145 1072 semper
1170 1035 1237 1063 laus
1264 1035 1327 1063 eius
1355 1035 1386 1063 in
1412 1044 1460 1064 ore
1487 1045 1566 1069 meo;
1597 1037 1657 1065 ideo
1689 1039 1878 1068 concluditur:

1036 1082 1138 1110 Omnis
1158 1082 1284 1119 spiritus
1310 1082 1407 1110 laudet
1438 1083 1602 1111 Dominum.
1625 1101 1664 1104 —
1678 1085 1879 1122 illaynificabi—

1034 1128 1069 1157 lis
1090 1128 1196 1157 ratione
1217 1129 1364 1166 aequitatis
1384 1129 1566 1163 rectissimam
1583 1130 1706 1160 Psalnius
1718 1132 1757 1160 ¹2:
1780 1133 1879 1161 [ustus

1036 1175 1193 1209 Dominus,
1210 1175 1355 1204 iustitiam
1371 1175 1485 1210 ditexit,
1506 1177 1679 1214 aequitatem
1695 1178 1767 1207 vidit
1782 1179 1880 1208 vultus

1033 1217 1111 1255 eius;
1130 1222 1249 1251 Danielis
1271 1223 1368 1251 tertio:
1391 1223 1562 1251 Benedictus
1582 1232 1621 1257 es,
1645 1225 1781 1259 Domine,
1806 1227 1880 1255 Deus

1030 1272 1155 1306 patrum
1178 1273 1365 1303 nostrorum,
1394 1274 1419 1298 et
1438 1270 1601 1307 yloriosum
1621 1280 1724 1300 nomen
1745 1276 1828 1301 tuum
1849 1274 1881 1302 in

1033 1315 1162 1349 saecula,
1191 1316 1262 1353 quia
1283 1316 1380 1345 iustus
1401 1325 1430 1345 cs
1451 1317 1483 1345 in
1511 1317 1663 1352 omnibus,
1685 1327 1759 1356 quae
1786 1319 1882 1357 fecisti

1032 1362 1125 1396 nobis,
1147 1366 1173 1391 et
1193 1363 1331 1391 universa
1355 1372 1444 1400 opera
1466 1368 1518 1392 tua
1539 1373 1610 1393 vera
1631 1369 1655 1393 et
1669 1366 1734 1394 viae
1755 1370 1823 1395 tuae
1837 1376 1881 1395 re-

1033 1412 1112 1442 ctae;
1134 1409 1275 1438 Psalinus:
1301 1410 1399 1438 Iustus
1420 1419 1465 1444 es,
1497 1411 1632 1445 Domine,
1654 1415 1679 1440 et
1700 1416 1811 1441 rectum
1840 1414 1882 1442 iu-

1033 1455 1145 1483 dicium
1173 1459 1274 1489 tuuin‚·
1300 1457 1475 1493 Apocalypsis
1495 1457 1601 1486 decimo
1622 1462 1717 1487 sexto:
1747 1460 1880 1495 Domine,

1036 1501 1111 1529 Deus
1132 1502 1327 1539 omnipotens,
1355 1512 1425 1531 ocra
1452 1507 1477 1531 et
1505 1504 1585 1532 iusta
1612 1505 1725 1534 iudicia
1754 1510 1814 1534 tua.
1845 1523 1880 1527 —

1034 1550 1239 1587 Propitiabilis
1270 1551 1376 1579 ratione
1409 1551 1517 1587 pietatis
1548 1552 1735 1587 dulcissiniae3
1768 1558 1880 1591 propter

1034 1597 1108 1634 quod
1131 1597 1255 1626 Psalmus
1270 1598 1309 1625 ¹³:
1334 1598 1479 1634 Quoniam
1501 1602 1547 1633 tu,
1571 1599 1706 1634 Domine,
1732 1601 1835 1629 suavis
1855 1605 1881 1630 et

1033 1644 1114 1672 mitis
1145 1648 1171 1672 et
1191 1644 1300 1673 multae
1321 1645 1544 1674 misericordiae
1565 1646 1700 1675 omnibus
1720 1647 1881 1677 invocanti-

1035 1690 1088 1719 bus
1109 1694 1150 1724 te;
1179 1691 1266 1720 idem:
1297 1691 1386 1729 Apud
1414 1696 1438 1720 te
1462 1693 1636 1730 propitiatio
1664 1697 1705 1722 est
1724 1697 1792 1728 etc.;
1821 1695 1881 1723 ideo

1035 1738 1118 1767 Isaiae
1138 1738 1368 1776 quinquagesimo
1389 1739 1502 1776 quinto:
1524 1740 1698 1769 Revertatur
1723 1741 1763 1769 ad
1784 1742 1882 1770 Domi-

1033 1793 1123 1819 num,
1145 1789 1171 1813 et
1190 1785 1375 1814 miserebitur
1399 1787 1476 1820 cius,
1505 1790 1531 1815 et
1556 1788 1596 1816 ad
1626 1788 1715 1816 Deum
1736 1792 1880 1822 nostrum,

1034 1832 1173 1870 quoniam
1198 1833 1310 1861 multus
1330 1837 1370 1861 est
1391 1834 1431 1862 ad
1453 1834 1679 1871 iynoscendum;
1701 1835 1824 1864 Psalmus
1840 1836 1878 1863 ¹4:

1035 1879 1190 1908 Miserator
1211 1884 1235 1908 et
1256 1880 1425 1908 misericors
1448 1881 1607 1915 Dominus,
1627 1882 1742 1919 patiens
1763 1885 1787 1910 et
1811 1881 1882 1910 mul-

1035 1930 1097 1955 tum
1117 1926 1303 1960 misericors;
1325 1927 1405 1956 item:
1428 1928 1595 1956 Misericors
1609 1932 1635 1957 et
1654 1929 1812 1957 miserator
1827 1929 1882 1957 Do-

1033 1973 1144 2007 minus,
1165 1981 1262 2001 escam
1283 1973 1360 2002 dedit
1375 1974 1540 2003 timentibus
1554 1984 1583 2003 se
1590 1985 1600 2008 ;
1619 1975 1700 2004 item:
1720 1975 1882 2004 Misericor-

1035 2019 1086 2048 dia
1108 2023 1177 2054 tua,
1202 2020 1338 2054 Domine,
1359 2021 1446 2057 plena
1466 2024 1507 2049 est
1527 2025 1609 2050 terra
1616 2032 1626 2055 ;
1650 2022 1738 2050 unde:
1761 2022 1882 2050 Misera-

1035 2067 1125 2095 tiones
1145 2067 1208 2095 eius
1228 2076 1318 2105 super
1339 2068 1439 2096 onmia
1460 2077 1550 2105 opera
1570 2069 1641 2097 eius.

1114 2114 1142 2142 ll.
1164 2114 1241 2143 Hunc
1262 2122 1329 2151 ergo
1350 2115 1497 2144 Dominum
1514 2115 1649 2152 Propheta
1669 2116 1835 2152 alloquitur,
1851 2118 1882 2143 ut

1035 2160 1152 2190 inclinet
1172 2161 1266 2189 caelos
1286 2170 1370 2195 suos,
1391 2162 1439 2198 qui
1455 2165 1520 2190 sunt
1535 2165 1591 2191 tres
1613 2162 1763 2191 secundum
1787 2170 1881 2191 nume-

1036 2216 1099 2237 rum
1121 2208 1260 2237 caelorum
1277 2209 1300 2225 ¹⁵
1322 2212 1349 2237 et
1371 2213 1484 2246 propter
1506 2212 1562 2238 tres
1584 2209 1752 2238 conditiones
1766 2209 1793 2237 in
1809 2209 1882 2237 caelo

1036 2258 1169 2292 repertas.
1193 2255 1220 2284 ln
1242 2256 1317 2284 caelo
1332 2256 1444 2292 quidem
1460 2259 1501 2284 est
1521 2256 1717 2293 superioritas
1739 2255 1881 2292 praeemi-

1035 2302 1166 2336 nentiae,
1181 2302 1253 2331 sicut
1267 2302 1368 2331 dicitur
1384 2302 1562 2332 Ecclesiastici
1579 2303 1668 2340 primo
1683 2303 1722 2330 ¹⁶:
1746 2302 1882 2331 Altitudi-

1035 2358 1100 2378 nem
1115 2349 1188 2378 caeli
1201 2353 1226 2378 et
1237 2350 1420 2378 latitudinem
1435 2353 1531 2379 terrae
1545 2354 1569 2378 et
1581 2349 1767 2387 profundum
1782 2349 1883 2387 abyssi

196 2524 203 2537 ¹
223 2525 288 2547 Vers.
306 2525 343 2547 24.

195 2563 203 2576 ⁸
222 2564 288 2586 Vers.
311 2564 343 2586 14.
362 2571 427 2593 seqq.

194 2602 203 2615 ⁵
221 2603 261 2626 Hic
278 2609 354 2626 sermo
373 2610 425 2626 cuin
443 2604 537 2626 nomine
555 2604 728 2627 Bonaventurae
745 2607 767 2627 et
783 2605 862 2634 quoad
888 2605 980 2628 divisio·

132 2648 185 2665 nem
203 2642 355 2670 principalem
374 2642 471 2665 liabetur
489 2643 511 2665 in
529 2643 581 2665 cod.
604 2644 742 2666 Berolinensi
767 2645 783 2666 N
801 2647 823 2666 et
845 2645 934 2672 integer
956 2645 979 2667 in

132 2681 200 2704 codd.
219 2682 351 2704 Tudertinis
367 2683 387 2704 K
399 2682 426 2709 M,
444 2682 484 2711 qui
502 2688 548 2705 non
565 2688 652 2710 paucos
664 2683 878 2706 Bonaventurianos
895 2690 980 2707 sermo-

132 2726 181 2747 nes,
199 2720 266 2742 tacito
282 2720 332 2743 eius
343 2720 450 2748 nornine,
467 2720 582 2743 exhibent.
594 2721 682 2743 interna
695 2721 784 2744 ornei-ia
802 2722 878 2744 eidem
896 2723 980 2745 favent.

195 2757 205 2771 θ
222 2759 304 2781 Psalm.
323 2759 375 2786 143,
393 2760 415 2782 5.

195 2795 204 2809 ⁷
222 2799 252 2820 lta
270 2798 322 2820 cod.
339 2798 413 2820 Berol.
433 2798 463 2825 N;
481 2799 577 2821 Tudert.
594 2799 642 2821 KM
660 2798 810 2828 iqnoseenlis.

196 2835 205 2848 Β
223 2837 288 2859 Vers.
310 2837 344 2859 11.
360 2849 392 2853 -
409 2838 542 2866 Sequuntur
560 2838 594 2860 Ps.
612 2839 649 2866 88,
666 2839 692 2865 Β,
711 2839 763 2866 112,
781 2839 802 2862 5.
820 2839 897 2867 6185,
915 2840 937 2862 8.

196 2874 206 2887 ⁹
223 2876 289 2899 Vens.
307 2877 328 2898 3.
350 2888 382 2893 —
404 2877 455 2899 Duo
480 2882 546 2905 seqq.
571 2877 613 2899 loci
639 2880 692 2900 sunt
713 2878 750 2900 Ps.
773 2878 809 2904 93,
834 2879 872 2901 11.
894 2883 916 2901 et
939 2879 979 2900 ler.

195 2915 229 2936 10.

197 2953 216 2967 ¹⁰
235 2954 299 2976 Vers.
317 2955 354 2981 28,
372 2957 424 2982 post
441 2960 511 2983 quem
529 2961 551 2976 v.
570 2955 608 2976 29.
627 2957 649 2976 et
667 2955 728 2977 ioan.
745 2955 782 2981 21,
799 2956 833 2977 17.

776 2525 785 2539 ²
803 2528 869 2549 Vers.
887 2528 909 2550 9.
928 2534 977 2556 seq.

832 2565 841 2578 ’1
858 2566 925 2588 Vers.
946 2567 980 2589 12.

135 2914 173 2941 17,

1101 2526 1118 2539 ¹¹
1136 2528 1220 2550 Psalm.
1240 2527 1290 2555 134,
1309 2528 1329 2549 3.
1342 2540 1372 2544 -
1391 2528 1448 2550 Tres
1465 2534 1528 2556 seqq.
1547 2527 1589 2549 loci
1607 2529 1660 2549 sunt
1677 2527 1711 2549 Ps.
1734 2526 1783 2555 145,
1801 2528 1826 2553 2,
1844 2527 1882 2553 33,

1038 2567 1059 2589 2.
1076 2569 1099 2589 et
1116 2567 1168 2593 150,
1186 2567 1208 2589 6,

1100 2604 1120 2617 ¹²
1138 2605 1219 2627 psalm.
1238 2606 1278 2633 10,
1296 2606 1316 2627 8.
1330 2618 1360 2622 -
1373 2607 1506 2634 Sequuntur
1524 2606 1579 2627 Dan.
1597 2606 1623 2631 3,
1641 2605 1677 2627 26.
1695 2611 1756 2633 seq.;
1775 2605 1809 2626 ΡΞ.
1828 2605 1882 2632 118,

1038 2644 1090 2666 137.
1108 2647 1130 2666 et
1146 2644 1219 2672 Apoc.
1237 2644 1280 2671 16,
1297 2644 1319 2666 7.

1100 2681 1119 2695 ¹³
1135 2683 1218 2705 Psalm.
1236 2684 1278 2711 85,
1297 2684 1324 2710 5,
1341 2688 1393 2711 post
1410 2689 1480 2712 quem
1499 2684 1534 2705 Ps.
1552 2683 1609 2710 129,
1630 2683 1649 2704 4.
1665 2685 1687 2704 et
1704 2683 1752 2704 lsai.
1770 2682 1807 2710 55,
1825 2682 1846 2704 7,

1100 2721 1119 2734 11
1136 2722 1219 2745 Psalm.
1237 2722 1290 2749 144,
1308 2723 1333 2750 83
1351 2725 1480 2751 sequuntur
1496 2723 1531 2744 Ps.
1550 2722 1602 2748 110,
1620 2722 1642 2744 4.
1658 2727 1715 2750 seq„
1738 2721 1790 2747 118,
1808 2720 1845 2743 64.
1862 2723 1883 2742 et

1037 2761 1090 2789 144,
1108 2761 1130 2783 9.
1150 2761 1253 2789 Quatuor
1268 2760 1342 2783 ultimi
1359 2761 1401 2783 loci
1419 2763 1473 2783 sunt
1489 2761 1510 2782 in
1528 2761 1577 2783 solo
1595 2760 1645 2782 eod.
1663 2759 1758 2781 Tudert.
1774 2759 1801 2780 Μ.

1101 2799 1119 2813 ¹⁵
1136 2799 1180 2822 Csr.
1198 2800 1293 2826 Bonav.‚
1311 2800 1334 2821 ll.
1352 2800 1413 2822 Sent.
1430 2799 1453 2821 d.
1470 2800 1491 2821 2.
1509 2805 1531 2826 p.
1550 2799 1574 2821 11.
1590 2805 1611 2820 a.
1630 2799 1650 2820 1.
1665 2805 1691 2826 q.
1710 2799 1737 2824 2,
1755 2797 1794 2819 ubi
1807 2797 1883 2819 distin-

1037 2839 1115 2866 guitur
1132 2839 1221 2861 caelum
1233 2839 1349 2861 sidereum
1358 2855 1363 2865 ,
1380 2838 1537 2865 crystallinum
1549 2840 1571 2859 et
1582 2842 1730 2864 empyreum;
1748 2835 1802 2858 vide
1814 2835 1881 2857 etiam

1037 2878 1141 2900 Glossam
1159 2877 1181 2899 in
1196 2878 1222 2900 11.
1239 2877 1291 2900 Cor.
1308 2878 1350 2904 212,
1367 2878 1390 2899 2.
1406 2877 1469 2904 apud
1486 2877 1543 2898 petr.
1566 2874 1703 2901 Lombard.,
1726 2874 1766 2896 ubi
1788 2874 1883 2902 explica-

1037 2920 1073 2939 tur
1090 2920 1170 2945 raptus
1187 2916 1249 2938 Pauli
1267 2923 1341 2945 usque
1357 2917 1386 2938 ad
1404 2915 1500 2939 tertium
1517 2915 1617 2938 eaelum.

1100 2954 1119 2968 ¹⁶
1137 2956 1203 2978 Vers.
1220 2957 1240 2978 2.

1894 809 1963 828 Tertia.

1895 1089 1971 1113 Quarta.

1897 1555 1973 1580 Quinta.

1898 2118 1944 2136 Pars
1955 2117 1977 2136 11.

1899 2211 2019 2230 Condiciones

1911 2237 1955 2254 tres.

1899 2258 1968 2277 Prima.
