2243 3348
253 587 330 606 Divisio.

232 727 259 745 De
272 727 333 753 primo

255 753 297 769 {1¹1³-

206 1241 259 1262 ltem‚
273 1240 296 1259 do
308 1245 336 1259 so-

243 1264 311 1283 cundo.

264 2147 342 2166 Divisio.

222 2476 268 2495 Pars
281 2476 294 2495 l.
302 2481 344 2495 eum

214 2499 349 2519 subdivisione.

348 153 385 180 78

682 229 773 256 Sanno
794 228 816 255 V
832 228 850 255 ¹.

418 324 495 352 Item,
521 330 600 348 sermo
625 322 712 347 fratris
735 320 925 346 Bonaventurae
950 326 1031 345 coram
1060 318 1192 343 Fratribus

348 366 564 391 Praedicatoribus
582 366 607 390 in
628 364 756 390 Conventu
775 363 903 395 Lugduni,
923 363 948 387 in
969 361 1092 393 eapitulo.

431 447 558 476 Gaudete
573 446 603 474 in
621 445 741 473 Domino
755 453 877 480 semper,
892 444 998 472 iterum
1013 443 1092 471 dico.-
1112 442 1192 471 Gaa—

348 495 420 527 ‹lete,
443 494 474 521 ad
499 493 684 529 Philippenses
705 494 805 528 quarto
821 490 839 518 ².

428 540 454 567 ln
478 539 568 567 verbis
589 538 632 566 his
652 538 707 566 dno
725 537 789 565 facit
808 537 965 573 Apostolus:
989 536 1078 572 primo
1100 535 1193 563 horta-

349 590 395 615 tur
417 586 450 614 ad
472 594 541 613 nova
562 584 668 613 solatia
683 582 899 612 charismatum
912 583 1047 620 qratiam
1063 581 1192 615 seeundo,

349 633 382 662 ad
404 633 532 661 continua
554 631 701 660 desideria
722 630 879 659 sttaoitatis
899 629 1019 667 yloriae.

429 680 445 707 Ι.
468 679 546 708 Circa
574 678 695 715 primum
724 681 800 711 nota,
827 676 899 714 quod
928 676 974 713 qui
1004 676 1063 704 vult
1092 675 1194 703 hahere

351 727 446 755 solatia
466 726 570 763 gratiae
585 725 642 754 sive
656 725 755 762 gaudia
770 724 966 757 eonscientiae⁷
988 725 1105 759 oportet,
1121 722 1194 758 quod

350 773 449 801 haheat
461 772 593 801 animam
606 772 749 799 mandam
757 781 766 804 ;
780 769 952 807 Apocalypsis
967 769 1071 797 decimo
1083 777 1155 797 nono
1167 768 1177 785 ³
1189 779 1194 796 :

354 819 544 848 Gaudeamus
574 822 599 847 et
623 818 797 846 exsultemus
825 821 848 845 et
876 817 976 844 demas
1000 815 1128 853 yloriam
1153 815 1194 848 ei,

351 866 422 905 qaia
442 869 582 894 vuenerant
602 865 723 901 nuptiae
746 866 764 892 A
771 864 832 901 qni,
851 867 875 891 et
889 871 967 891 nacor
987 863 1049 890 etas
1068 870 1195 899 praepa-

353 913 431 941 ravit
452 921 481 940 se
502 915 552 941 etr.
582 929 620 932 —
648 912 739 940 Vitam
769 910 954 948 religyiosam;
982 909 1195 937 Proverhiorum

351 960 483 997 vigesimo
505 959 594 996 primo
609 959 636 986 4:
662 958 813 987 Gaudium
837 958 911 985 insto
933 961 972 984 est
993 955 1091 993 faeere
1119 955 1196 983 iadi-
1224 979 1226 984 .

352 1006 447 1039 ciam,
474 1010 499 1034 et
524 1014 619 1042 pctoor
647 1004 834 1042 operantibus
855 1004 1046 1041 iniquitatem.
1075 1020 1113 1023 —
1138 1003 1196 1031 Fa-

352 1062 432 1082 mam
453 1051 635 1089 odoriferam
642 1063 652 1085 ;
674 1051 705 1080 ad
730 1051 915 1087 Philippenses
943 1053 1043 1086 quarto
1057 1050 1084 1077 ⁵:
1117 1049 1197 1078 Gan-

352 1100 435 1128 diam
456 1108 550 1127 meam
573 1103 598 1127 et
619 1106 727 1127 corona
748 1106 826 1131 mea,
848 1097 890 1125 sie
911 1100 984 1125 state
1005 1097 1035 1125 in
1064 1097 1196 1131 Domino,
1225 1118 1227 1124 ,

354 1155 513 1175 earzssznn.

432 1194 458 1222 lI.
482 1194 559 1221 Circa
580 1193 731 1222 secundum
749 1196 826 1226 nota,
849 1191 923 1229 quod
945 1191 992 1228 qui
1015 1191 1074 1219 vult
1096 1191 1199 1220 habere

353 1240 488 1269 desideria
509 1239 639 1268 continua
660 1239 771 1276 gloriae,
793 1241 910 1275 oportet,
925 1238 997 1274 quoii
1014 1238 1113 1266 haheat
1128 1245 1199 1266 sem-
1227 1256 1228 1273 2

352 1295 402 1324 per
431 1287 587 1315 affectiones
619 1285 835 1314 conseruatioas
863 1285 896 1313 asl
924 1293 1045 1313 amorem
1075 1285 1197 1321 patriae;
1227 1278 1228 1286 ¹

353 1335 435 1363 Isaiae
457 1334 554 1362 ultimo
570 1334 597 1361 6:
624 1333 752 1362 Gaudete
773 1341 840 1361 eam
862 1341 896 1360 ea
915 1332 1027 1369 yaadio
1049 1332 1197 1365 itniversi,
1227 1349 1229 1372 i
1255 1347 1449 1385 mmmm—lace
1470 1347 1655 1380 atmlemfflm
1678 1348 1722 1375 101)
1743 1347 1848 1376 decimo
1870 1355 1941 1375 „0130
1958 1347 1995 1374 ιτἒ
2028 1347 2103 1374 Bur,

353 1380 404 1418 (μα’
434 1380 536 1417 tapetis
565 1388 653 1416 snper
681 1388 754 1408 eam.
787 1396 824 1399 —
864 1377 1138 1415 Ti'ansformatieas
1166 1378 1199 1406 aii

353 1427 568 1464 compassionem
590 1426 690 1455 Christi
714 1434 831 1463 poeuae;
854 1426 978 1454 llahacue
999 1426 1117 1454 tertio⁷z
1142 1426 1200 1462 Eoo

354 1478 449 1502 antem
483 1473 510 1501 in
542 1473 663 1501 Domino
687 1472 819 1509 yciialebo
845 1476 870 1500 et
898 1471 1047 1500 exsaltabo
1079 1472 1109 1500 in
1144 1472 1200 1500 Deo

354 1521 419 1548 lesa
449 1529 517 1548 meo.
541 1537 576 1540 —
599 1519 832 1557 Refrigerativas
853 1519 885 1548 ad
908 1519 1125 1548 conciliationem
1147 1522 1201 1547 sta-

354 1570 399 1596 tus
414 1567 600 1601 innocentiae;
618 1567 700 1595 Isaiae
715 1567 888 1603 sexagesimo
903 1566 993 1603 primo
1009 1566 1035 1593 S:
1062 1566 1201 1594 Gandens

352 1613 484 1651 gyaaclebo
507 1614 537 1642 in
560 1614 692 1647 Domino,
714 1617 740 1642 et
766 1612 921 1642 exsultabit
949 1612 1053 1641 anima
1078 1621 1143 1641 mea
1171 1612 1202 1641 in

356 1661 412 1689 Deo
433 1670 503 1689 meo.

692 1755 783 1783 Sanno
804 1754 837 1782 VI
852 1754 871 1782 ⁰.

426 1841 503 1870 Item,
531 1848 610 1866 sermo
638 1840 726 1865 fratris
754 1840 945 1865 Bonaventurae
973 1839 1054 1865 factus
1081 1840 1107 1864 in
1134 1839 1204 1865 domo

356 1883 559 1908 Praedicatorum
581 1883 672 1914 quarta
691 1883 820 1908 Dominiea
839 1882 867 1907 de
887 1882 1012 1912 Adventu,
1038 1889 1120 1907 coram
1144 1882 1206 1907 Uni-

357 1927 486 1951 versitate.

444 2004 551 2032 Videbit
571 2004 664 2032 omnis
685 2012 755 2032 caro
786 2003 919 2032 satutare
942 2004 1008 2037 Dei,
1035 2004 1123 2032 Lucae
1151 2006 1206 2032 ter—

359 2050 397 2079 tio
414 2050 444 2084 ¹⁰,
467 2053 589 2079 sumtum
611 2050 644 2079 de
667 2050 749 2079 Isaiae
770 2050 999 2087 quinquagesimo
1021 2050 1151 2079 seeundo.

438 2097 528 2126 Verba
556 2097 639 2131 haee,
661 2098 682 2126 si
705 2100 882 2134 exponantur
903 2097 936 2125 de
958 2096 1077 2125 adventu
1103 2097 1204 2125 Christi

359 2144 393 2173 ad
414 2144 563 2177 iudicium,
586 2144 639 2172 tria
667 2144 822 2177 continent,
845 2152 916 2180 quae
945 2147 1010 2172 tune
1032 2143 1205 2180 contingent,

360 2195 387 2221 et
408 2195 473 2220 sunt
494 2192 576 2225 liaeo,
599 2191 701 2220 seilicet
722 2191 922 2220 certitudinalis
944 2190 1143 2228 manifestatio
1161 2199 1207 2219 oc-

359 2238 521 2272 cultorum,
537 2238 672 2275 generalis
686 2238 862 2266 resurrectio
884 2242 1070 2266 mortuoram
1091 2241 1118 2266 et
1139 2238 1206 2266 fina-

360 2285 392 2313 lis
413 2285 538 2314 salvatio
559 2285 721 2313 electorum.
752 2285 874 2313 Primum
903 2288 967 2313 nota
996 2285 1021 2313 in
1051 2285 1137 2313 verbo
1164 2285 1206 2313 vi-

359 2332 463 2365 dendi,·
484 2332 647 2366 seeundum,
663 2332 690 2360 in
705 2332 815 2360 nomine
830 2332 925 2360 omnis
946 2332 1048 2360 earnis
1057 2342 1067 2365 ;
1082 2332 1206 2366 tertium,

360 2378 388 2407 in
410 2378 519 2408 nomine
540 2378 685 2407 salutaris
708 2378 766 2407 Dei.

438 2427 455 2454 I.
478 2426 557 2455 Circa
578 2426 698 2463 primum
720 2426 888 2461 notandum,
910 2426 984 2463 quod
1005 2426 1152 2463 dupliciter
1168 2426 1207 2454 vi-

361 2473 472 2502 debitur
493 2473 619 2502 Christus
640 2473 668 2501 in
689 2473 799 2507 iudiciO,
821 2468 935 2502 seilicet
961 2482 977 2502 a
997 2473 1085 2502 matis
1105 2473 1132 2502 in
1154 2474 1207 2502 hu-

364 2519 494 2548 manitate
515 2524 650 2548 assumta
671 2524 697 2548 et
714 2528 821 2556 passa,
843 2519 871 2548 in
892 2527 948 2556 qua
969 2519 1080 2557 quidem
1104 2519 1207 2548 visione

426 2707 434 2720 ¹
452 2708 481 2730 Ex
499 2708 517 2730 Α
535 2708 571 2731 sol.
589 2707 617 2730 42
635 2714 653 2730 r.
1078 2708 1087 2722 ²
1104 2710 1170 2732 Vers.
1189 2710 1209 2732 t.

426 2745 435 2758 ³
452 2747 518 2770 Vers.
536 2747 558 2769 7.
1062 2748 1072 2761 ⁴
1089 2749 1154 2772 Vers.
1173 2749 1210 2772 15.

428 2785 436 2798 ⁵
456 2787 519 2809 Vers.
538 2787 559 2809 11,
1063 2787 1073 2801 ⁶
1090 2789 1154 2810 Vers.
1174 2788 1209 2810 io.

427 2824 435 2837 ⁷
454 2825 519 2848 Vers.
538 2826 574 2848 Ἰ18.
1061 2826 1070 2839 ‘³
1089 2828 1155 2850 Vers.
1176 2828 1210 2850 10,

427 2863 436 2876 ⁹
454 2865 484 2887 Ex
501 2866 519 2887 A
537 2865 575 2887 iol.
594 2865 622 2888 42
640 2871 659 2888 r.

427 2903 447 2915 ¹⁰
464 2904 528 2926 Vers.
546 2905 568 2926 6.
585 2907 607 2927 et
624 2905 673 2927 lsai.
691 2905 728 2932 52,
746 2905 783 2928 ⁴0.
1053 2906 1071 2918 ¹¹
1092 2907 1155 2929 Vers.
1174 2906 1211 2928 20.

428 2941 447 2955 ¹²
467 2943 531 2965 Vers.
549 2944 571 2965 2.
1053 2944 1073 2957 ¹³
1090 2945 1155 2967 Vers.
1175 2945 1211 2967 17.

1007 146 1178 176 SERMONES
1199 146 1242 174 DE
1263 145 1426 175 TEMPORE.

1248 223 1392 260 apparebit
1419 223 1466 256 eis,
1492 226 1519 251 et
1546 223 1599 251 erit
1626 223 1764 251 Maiestas
1789 223 1883 257 irata,
1906 232 1959 252 non
1989 224 2015 252 in
2044 231 2094 253 sua

2181 11 2183 36 1

2182 57 2184 79 1

2184 138 2186 151 1

2185 158 2186 167 l

2128 233 2153 252 De
2165 234 2209 258 vitm

2110 257 2186 277 malorum

1248 270 1337 306 specie
1359 272 1386 298 et
1406 269 1609 306 pulcritudine:
1632 269 1677 298 Iob
1698 270 1829 306 vigesimo
1851 270 1941 306 primo
1957 270 1995 298 ¹¹:
2018 271 2093 299 Vide·
2110 265 2209 300 nonani*

1249 316 1319 344 bant
1340 316 1417 344 oeali
1437 316 1499 344 eins
1521 315 1747 354 interfectionem
1768 325 1866 351 snam,
1887 321 1913 346 et
1933 318 1966 346 de
1991 317 2095 354 farore

1252 363 1460 400 Omnipotentis
1482 362 1561 391 bibet.
1584 380 1621 383 —
1643 363 1821 400 I·ma9inatio
1836 367 2022 393 consternata
2037 372 2095 393 cer—

1250 409 1311 437 tiori
1334 417 1450 446 pavore3
1483 409 1636 446 Sapientiae
1656 409 1754 446 quinto
1769 409 1809 438 ¹²:
1844 410 1972 438 Videntes
1994 410 2096 439 tnrba—

1251 456 1360 484 bantnr
1382 456 1485 484 timore
1507 455 1643 484 horribili
1663 460 1687 485 et
1712 456 1905 485 mirabantur
1934 457 1965 485 in
1985 457 2096 486 subita—

1251 503 1325 531 tione
1347 503 1512 539 insperatae
1533 503 1640 531 <salictis
1661 506 1712 531 ete.
1732 519 1768 523 —
1788 503 1929 531 Memoria
1946 503 2097 541 patefacta

1250 553 1277 578 et
1292 554 1414 578 reserata
1429 550 1455 578 in
1471 550 1655 586 singularium
1670 549 1875 578 deror-innatum
1892 550 2096 585 recordatione:

1252 596 1297 624 lob
1320 596 1459 633 trigesimo
1480 600 1576 625 octavo
1593 597 1631 624 ¹³:
1656 596 1796 634 Nanqaid
1818 600 1937 634 apertae
1957 601 2025 625 sunt
2047 597 2099 626 tibi

1248 647 1352 680 portae
1372 643 1485 677 mortis,
1507 648 1531 671 et
1553 643 1627 671 ostia
1649 643 1797 672 tenebrosa
1820 643 1938 672 vidisti?
1952 660 1988 665 —
2014 644 2097 675 Ratio

1252 690 1376 718 attonita
1397 693 1424 718 et
1445 690 1600 718 dementata
1622 689 1648 717 in
1671 689 1858 718 excusationis
1879 693 1907 718 ot
1925 690 2038 719 rationis
2052 690 2098 719 de—

1252 736 1382 770 sectione3
1415 736 1589 773 Apoealypsis
1618 736 1706 773 primo
1722 737 1759 764 ¹4:
1789 736 1895 765 Videbit
1916 745 1983 765 eam
2003 737 2098 765 omnis

1252 784 1354 812 ocutus
1369 787 1393 812 et
1408 784 1459 822 qai
1472 792 1538 812 eam
1550 787 1756 820 papaqerimt,
1772 787 1796 812 et
1814 784 1955 820 ptanqent
1967 792 1997 812 se
2010 792 2099 821 saper

1252 839 1318 859 eam.
1339 840 1436 859 omnes
1458 830 1552 859 tribas
1574 835 1677 859 terrae.
1700 848 1738 850 —
1766 830 1883 868 Affectio
1905 830 2099 867 quadriformi—

1254 880 1295 906 ter
1314 878 1489 914 perturbata
1511 878 1537 906 in
1561 882 1650 906 metus
1664 881 1692 906 et
1713 877 1786 914 spei,
1809 877 1943 906 moeroris
1960 881 1987 906 et
2008 877 2099 914 gaudii

1253 925 1439 953 confusionem
1456 928 1482 953 et
1497 925 1721 958 frustrationeim
1738 925 1861 953 Psalmus
1874 925 1911 952 ¹⁵:
1929 924 1990 961 Ipsi
2002 925 2101 953 viden-

1254 975 1293 999 tes
1314 972 1356 999 sic
1384 972 1530 1000 admirati
1556 975 1635 1005 sant,
1664 971 1832 1000 contai-bati
1861 975 1939 1006 sant,
1969 972 2102 1000 commoti

1253 1023 1323 1046 sant
1344 1022 1395 1047 ete.
1421 1035 1460 1039 —
1482 1018 1612 1047 Actionis
1634 1018 1751 1046 libertas
1772 1018 1890 1046 sublata
1917 1021 2000 1055 atque
2023 1026 2101 1055 prae-

1255 1066 1332 1094 clusa
1360 1073 1395 1093 ex
1424 1068 1512 1093 status
1540 1065 1662 1093 merendi
1694 1065 1861 1101 privatione,
1894 1065 2099 1094 Deuteronomii

1256 1113 1396 1149 trigesimo
1427 1112 1548 1141 seeundo
1564 1113 1602 1140 ¹⁶:
1641 1112 1764 1146 Videbit,
1786 1112 1863 1150 qaod
1885 1111 2037 1148 infirmata
2064 1112 2103 1140 sit

1254 1168 1373 1192 manas,
1396 1163 1419 1188 et
1434 1159 1531 1188 clanei
1545 1168 1655 1197 qaoque
1670 1158 1835 1196 defecerant
1849 1159 2016 1197 residuique
2037 1167 2103 1187 con-

1255 1207 1346 1235 sumti
1366 1212 1443 1235 sant.

1335 1254 1352 1281 Α
1375 1253 1456 1281 bonis
1478 1253 1504 1281 in
1523 1253 1679 1281 Divinitate
1693 1257 1719 1281 et
1739 1252 1921 1281 humanitate
1935 1252 1992 1281 sibi
2005 1252 2101 1285 nnita,

1257 1301 1283 1329 iu
1305 1309 1361 1337 qua
1383 1301 1486 1329 visione
1507 1300 1640 1329 videbunt
1661 1308 1725 1329 eum
1746 1300 1824 1329 electi
1847 1299 2017 1328 iucunditate
2032 1299 2102 1328 felici

1256 1403 1323 1422 snm
1345 1394 1553 1422 circumdabor
1571 1394 1642 1430 peile-
1664 1402 1727 1422 mea
1748 1397 1772 1422 et
1794 1394 1825 1422 in
1853 1402 1942 1422 carne
1969 1401 2034 1421 mea
2062 1393 2104 1421 vi-

1258 1441 1325 1470 debo
1344 1442 1432 1469 Deam
1449 1450 1552 1470 meam.
1569 1457 1604 1462 —
1622 1441 1796 1470 Plaeiditate
1811 1441 2007 1473 arridentem;
2023 1440 2105 1469 Isaiae

1258 1488 1487 1525 quinquagesimo
1502 1488 1622 1517 seeundo
1636 1489 1673 1516 ¹⁸:
1698 1488 1793 1517 Simul
1807 1488 1972 1516 laudabant
1986 1491 2019 1520 te,
2035 1487 2106 1525 qnia

1229 1556 1231 1566 ,
1259 1535 1340 1563 oculo
1362 1536 1401 1563 ad
1423 1535 1537 1564 ocntam
1569 1535 1719 1568 oidelntnt;
1743 1535 1787 1564 lob
1808 1535 1948 1572 trigesimo
1970 1535 2051 1563 tertio
2065 1533 2104 1562 ¹⁹:

1265 1582 1373 1610 Videbit
1390 1581 1498 1619 faeiem
1519 1583 1582 1611 eins
1597 1583 1628 1611 in
1643 1582 1740 1611 iztbilo.
1757 1599 1795 1603 --
1810 1582 1994 1619 Speciositate
2016 1580 2106 1619 refal-

1257 1633 1368 1667 yentem
1378 1640 1386 1662 ,·
1398 1630 1480 1658 Isaiae
1493 1630 1634 1666 trigesimo
1650 1630 1730 1658 tertio
1739 1630 1777 1657 2⁰:
1793 1630 1893 1667 Reyem
1904 1629 2043 1658 indecore
2053 1637 2107 1657 sno

1260 1676 1404 1705 videbant.
1413 1693 1452 1697 —
1461 1677 1482 1704 Α
1489 1677 1642 1705 actoritate
1650 1676 1874 1713 praesidentem,
1886 1679 1917 1705 ut
1928 1676 2107 1705 monarcham

1261 1723 1326 1752 caeli
1343 1727 1370 1752 et
1385 1727 1475 1751 terrae
1490 1723 1669 1760 imperialiter
1685 1726 1862 1757 eoronatum;
1879 1723 1961 1752 Isaiae
1976 1726 2056 1751 sexto
2067 1723 2106 1751 ²¹:

1268 1770 1333 1798 Vidi
1346 1770 1503 1798 Dominam
1517 1770 1657 1798 sedentem
1672 1778 1761 1807 saper
1776 1770 1883 1798 sotium
1897 1770 2040 1799 excelsum
2055 1773 2106 1799 etc.

1261 1834 1299 1836 —
1320 1817 1348 1844 ln
1370 1817 1514 1854 aequitate
1535 1816 1723 1850 indicantem,
1745 1817 1823 1853 quasi
1846 1816 1970 1845 inimicos
2001 1816 2108 1845 demer-

1261 1867 1385 1900 gentem;
1409 1864 1531 1892 Psalmus
1546 1864 1585 1891 2²:
1607 1863 1778 1892 Laetabitar
1799 1863 1905 1897 iustus,
1920 1871 1986 1892 cam
2004 1863 2109 1892 viderit

1261 1910 1431 1944 vindictam,
1454 1919 1562 1939 manas
1582 1918 1655 1939 snas
1677 1910 1787 1939 lavabit
1814 1911 1846 1939 in
1873 1911 2019 1948 sanquine
2044 1919 2109 1948 pee-

1263 1957 1380 1986 catoris.
1403 1973 1439 1977 —
1457 1957 1482 1985 ln
1506 1957 1677 1986 liberalitate
1688 1958 1922 1995 praemiantem,·
1941 1958 2023 1987 Isaiae
2041 1966 2109 1995 qua-

1262 2004 1469 2041 dragesimoffi:
1494 2004 1676 2033 Revelabitar
1696 2005 1794 2041 gloria
1819 2005 1950 2039 Domini,
1966 2008 1991 2033 et
2005 2004 2110 2033 videbit

1263 2051 1357 2079 omnis
1378 2059 1449 2079 caro
1468 2051 1596 2087 pariter,
1618 2052 1695 2089 qaod
1716 2059 1747 2079 os
1770 2051 1888 2080 Domini
1908 2051 2035 2080 locatam
2060 2055 2108 2080 est.

1343 2098 1371 2125 ll.
1394 2097 1473 2126 Circa
1487 2098 1640 2126 seeundum
1664 2102 1743 2132 nota,
1765 2098 1839 2135 quod
1860 2099 1894 2127 ad
1909 2099 1980 2127 hanc
2001 2101 2057 2127 tam
2071 2098 2110 2127 fe-

1263 2145 1342 2174 licem
1363 2145 1496 2174 visionem
1518 2153 1572 2173 non
1595 2145 1736 2182 perveniet
1761 2146 1812 2174 nisi
1834 2154 1898 2175 earo
1926 2150 2031 2175 renata
2057 2146 2110 2175 Sa-

1263 2192 1438 2225 eramentis,·
1460 2192 1491 2220 ad
1515 2192 1645 2229 Ephesios
1667 2193 1764 2230 quinto
1779 2193 1818 2221 24;
1834 2193 1965 2222 Membra
1978 2192 2111 2230 corporis

1263 2239 1326 2267 eius
1347 2247 1462 2272 santus,
1477 2239 1511 2267 de
1524 2248 1614 2267 earne
1628 2239 1691 2268 eins
1705 2243 1731 2267 et
1745 2239 1778 2268 de
1793 2239 1906 2268 ossibus
1920 2239 1990 2268 eins.
2006 2257 2045 2260 —
2059 2240 2111 2269 Re-

1262 2286 1366 2323 yntata
1386 2286 1559 2323 praeceptis,
1582 2286 1734 2315 seeundum
1758 2287 1824 2315 illud
1846 2287 1951 2324 primae
1970 2287 2040 2316 Petri
2069 2295 2111 2316 se-

1264 2333 1355 2361 eundo
1371 2333 1410 2361 ²⁵:
1434 2333 1585 2361 Abstinere
1614 2342 1665 2362 vos
1696 2342 1716 2362 a
1737 2333 1910 2362 carnalibus
1941 2334 2110 2368 desideriis,

1263 2388 1338 2418 qaae
1359 2380 1488 2409 militant
1502 2380 1646 2409 adversas
1661 2381 1804 2409 animam.
1821 2397 1857 2402 —
1876 2381 2021 2418 Depatata
2035 2390 2113 2410 exer-

1264 2427 1341 2455 citiis
1361 2427 1488 2461 virtuti&
1510 2427 1543 2456 ad
1567 2427 1752 2464 Philippenses
1773 2428 1863 2465 primo
1878 2428 1917 2456 ²⁶:
1933 2428 2112 2457 Permanere

1264 2477 1362 2502 antem
1382 2473 1414 2502 in
1435 2482 1525 2502 carne
1545 2475 1744 2503 neeessariam
1765 2478 1884 2512 propter
1904 2483 1962 2503 vos.
1978 2491 2018 2496 —
2040 2475 2111 2504 Con—

1263 2519 1397 2557 fianata
1420 2520 1544 2559 [Christi]
1572 2521 1730 2560 martyriis
1737 2532 1747 2555 ,·
1769 2522 1802 2550 ad
1823 2521 1932 2551 Galatas
1960 2522 2058 2559 quinto
2070 2522 2110 2550 ²⁷:

1330 2710 1349 2722 ¹¹¹
1367 2710 1432 2733 Vers.
1450 2711 1471 2732 7.
1898 2709 1917 2723 ¹⁵
1935 2711 2017 2733 Psalm.
2036 2710 2072 2738 47,
2090 2711 2112 2733 6.

1330 2748 1350 2762 ¹⁶
1367 2750 1433 2772 Vers.
1453 2750 1490 2772 36.
1955 2748 1974 2762 ¹⁷
1993 2750 2057 2772 Vers.
2075 2750 2113 2772 26.

1330 2787 1349 2800 ¹⁸
1367 2788 1432 2810 Vers.
1450 2789 1471 2810 8.
1954 2787 1974 2801 ¹⁹
1992 2788 2058 2811 Vers.
2074 2789 2113 2811 26.

1330 2826 1350 2839 ²⁰
1367 2827 1434 2850 Vers.
1455 2828 1489 2850 17.
1969 2827 1988 2841 ²¹
2008 2828 2072 2851 Vers.
2092 2829 2112 2850 1.

1331 2866 1350 2881 ²²
1368 2868 1449 2889 Psalm.
1468 2867 1505 2895 57,
1527 2868 1559 2890 lsi.
1971 2866 1991 2880 ²³
2008 2868 2073 2890 Vers.
2091 2867 2112 2890 5.

1331 2905 1350 2918 ²⁴²
1367 2906 1433 2929 Vers.
1452 2907 1489 2929 30.
1951 2906 1971 2921 ⁴²⁶
1990 2907 2055 2929 Vers.
2073 2907 2110 2929 11.

1330 2943 1351 2957 ²⁶
1368 2945 1432 2967 Vers.
1452 2945 1489 2968 24.
1954 2944 1974 2958 ²⁷
1994 2946 2057 2968 Vers.
2074 2945 2112 2967 24.

2212 1218 2214 1239 1

2137 1259 2164 1279 oe
2175 1243 2221 1282 viui.

2119 1283 2207 1302 honorum
2212 1291 2222 1301 υ-

2119 1312 2160 1325 mm
2171 1312 2209 1326 sex.

2128 2105 2173 2124 Pars
2185 2104 2206 2123 11.

2126 2151 2233 2171 Conditione

2162 2180 2201 2194 sex.
