2243 3348
328 157 384 186 XVI

391 237 412 259 6.
431 237 537 260 Similiter
554 237 694 261 ittonasteru'
711 237 741 265 (in
760 237 895 265 westfalia),
913 236 1049 259 bibliotheca
1073 236 1172 263 Paulina,

327 284 378 306 cod.
397 283 450 306 5t7.
468 284 565 307 membr.
589 285 612 307 in
630 285 651 307 8.
678 290 738 307 saec.
763 285 831 311 le„
857 284 877 307 in
896 285 954 307 duas
976 287 1053 312 partes
1075 284 1171 310 divisus,

327 336 425 358 quarum
439 331 512 358 prima
525 331 626 354 continet
637 336 757 357 sermones
768 330 798 352 de
806 331 934 358 ‘remma-e,
947 330 982 353 101.
996 331 1001 352 i
1014 331 1056 353 :ln
1066 330 1172 353 Adventu

329 377 435 401 Domini:
452 377 529 401 Veniet
546 377 693 401 desideratus
715 377 805 401 cunctis
827 377 944 407 =(sentibus.
965 376 1040 407 AgJyei
1061 376 1172 400 secundo.

329 423 446 451 Quoniam
464 423 495 447 od
512 423 702 447 misericordiam
724 423 825 453 pertinet
844 427 887 447 etc.
909 423 982 446 Habet
1000 424 1028 446 lo
1046 430 1172 452 sermones,

327 471 367 500 qui
385 470 525 493 conveniunt
541 477 593 493 cum
613 474 688 493 nostra
706 471 812 493 editione.
826 471 922 493 Ultimus
939 473 983 492 cst:
1002 470 1095 500 Confidae¹
1111 469 1171 500 filio.

733 541 761 564 ΙΙ.

389 613 509 635 Multorum
522 618 664 639 sermonum,
677 612 812 640 praesertim
830 612 859 634 de
872 612 997 640 Tempore,
1010 615 1097 635 tantum
1109 612 1171 635 sclie-

326 661 389 682 mula
407 659 474 681 nobis
491 659 553 681 licuit
569 659 695 687 publicare.
712 659 773 682 Haec
790 659 917 682 sumsimus
934 660 1058 687 praecipue
1076 666 1102 682 ex
1115 660 1170 682 duo-

325 706 368 729 bus
390 706 521 735 codicibus,
545 712 646 735 quorum
672 707 762 734 primus
787 707 911 735 unicuique
936 707 1037 729 sermoni
1065 707 1170 735 praefigit

325 752 429 775 rubricas
447 753 534 775 ratione
553 753 660 775 historiae
678 759 722 775 non
741 753 816 781 exigui
841 753 957 775 momenti.
985 754 1016 775 De
1039 754 1081 775 hoe
1104 754 1169 781 plura

323 799 420 822 dicenda
438 803 497 822 sunt.

385 847 408 869 7.
425 846 559 874 Mediolani,
577 846 713 870 bibliotheca
726 847 886 875 Aunbrosiaua,
904 848 955 870 eod.
972 848 998 869 A.
1021 848 1054 869 11.
1071 847 1170 870 membr.

323 899 383 917 sace.
401 894 455 916 Xlll.
475 894 511 916 vet
529 894 587 916 ΚΝ.
601 894 685 916 ineunt.
704 894 774 916 soliar.
798 895 847 916 156.
865 894 962 917 Litterae
983 894 1078 917 initiales
1095 895 1170 922 pictae

323 942 375 961 sunt
392 938 508 962 coloribus
524 939 650 962 alternatim
669 939 746 962 rubris
763 943 786 962 et
809 940 928 962 caeruleis.
943 952 974 956 —
992 940 1036 963 Fol.
1061 940 1068 961 «l
1090 946 1109 963 r.
1137 940 1169 963 sic

323 985 427 1009 absolute
445 986 535 1014 incipit:
553 986 637 1010 Sermo
654 986 739 1016 fratris
754 987 918 1010 Bonoccnture
930 992 1012 1010 coram
1024 993 1079 1016 reae
1092 987 1168 1010 Fran-

322 1033 372 1057 σίας
389 1033 411 1056 in
427 1033 518 1063 palutio
536 1036 606 1057 earn-(t
618 1034 727 1057 Parisius
738 1034 804 1063 apud
815 1040 898 1057 nemus
917 1034 940 1057 ln
952 1034 1032 1064 primo
1045 1034 1168 1058 Dominica

322 1080 349 1104 de
366 1081 474 1104 Adventu
490 1083 544 1104 onte
562 1081 654 1105 Nalote.
673 1081 731 1105 Ecce
748 1081 806 1105 octor
824 1081 880 1105 Filii
895 1081 942 1105 mei
958 1085 999 1105 etc.
1021 1094 1050 1098 —
1068 1081 1166 1104 Desinit:

324 1128 460 1158 Empliciunt
476 1134 597 1152 sermones
613 1129 699 1158 fratris
722 1129 886 1152 Bounomeia-e
906 1128 934 1152 de
957 1129 1047 1152 cunctis
1069 1129 1166 1152 domim*-

321 1175 411 1199 colibus
429 1176 500 1199 totius
517 1176 581 1199 anni.

383 1223 416 1245 De
433 1224 476 1245 hoc
493 1223 577 1251 insigni
593 1223 673 1246 codice
691 1222 773 1245 diffuse
790 1224 890 1251 loquitur
914 1224 935 1245 Ρ.
952 1223 1035 1245 Fidelis
1057 1229 1069 1245 a
1091 1223 1166 1245 Fanna

320 1269 387 1293 Ratio
406 1276 479 1293 novae.
502 1270 645 1293 collectionis
667 1273 710 1293 etc.
735 1276 789 1298 pag.
815 1270 897 1292 90-lsil
928 1270 1065 1299 probatque,
1088 1271 1164 1298 ipsum

320 1323 370 1339 esse
387 1317 432 1339 fide
450 1317 619 1345 dignissimum.
637 1317 733 1339 Omissis
746 1317 888 1345 argumentis
900 1316 931 1339 ibi
944 1318 1023 1345 allatis,
1036 1317 1071 1339 hic
1082 1318 1166 1340 solum-

303 1381 306 1383 ,
320 1364 390 1387 modo
407 1364 574 1391 observamus,
591 1371 633 1387 nos
650 1370 693 1387 non
712 1370 764 1386 raro
777 1364 886 1387 dinusiori
900 1364 1008 1392 sermoni,
1021 1364 1060 1393 qui
1073 1364 1165 1386 aliunde

319 1416 343 1434 ut
361 1412 575 1434 Reuerentia-ianus
592 1412 743 1439 dignoscitur,
761 1411 887 1433 subiecisse
898 1411 992 1434 schema
1010 1411 1123 1434 sermonis
1139 1418 1165 1433 ex

319 1460 363 1481 hoc
380 1459 460 1481 codice
477 1461 592 1487 sumtum,
610 1458 673 1487 quod
691 1458 819 1480 secundum
831 1457 983 1480 substantiam
1002 1458 1030 1480 ita
1049 1458 1165 1485 convenit,

318 1509 342 1528 ut
360 1506 389 1528 de
407 1506 524 1528 identitate
541 1506 653 1528 sermonis
671 1508 769 1534 nequeat
786 1505 894 1533 dubitari,
913 1511 955 1527 nec
972 1505 1001 1528 de
1019 1505 1076 1532 fide,
1094 1511 1163 1534 quam

318 1555 436 1575 merentur
452 1553 568 1574 schemata
587 1552 655 1574 huius
673 1552 767 1574 codicis.

381 1601 422 1622 lste
439 1599 511 1622 codex
528 1603 562 1621 est
579 1599 741 1626 collectaneus,
759 1599 780 1621 id
799 1602 833 1621 cst
850 1599 968 1622 variorum
987 1602 1107 1622 auctorum
1120 1605 1165 1621 ser-

318 1652 399 1669 mones
420 1647 543 1675 continens,
570 1646 610 1675 qui
636 1646 731 1675 quidem
754 1649 861 1669 auctores
885 1647 1061 1669 Bonaventurae
1083 1646 1163 1669 coaevi

316 1696 369 1716 sunt
385 1699 474 1720 omues,
491 1696 513 1715 et
529 1699 611 1716 eorum
628 1699 713 1715 nomen
731 1695 836 1715 retertur.
848 1693 917 1721 Patet,
930 1694 972 1715 bos
990 1699 1111 1716 sermones
1126 1694 1166 1715 ha-

316 1741 376 1763 bitos
392 1742 416 1764 in
433 1742 488 1764 locis
506 1744 551 1763 tam
571 1741 656 1763 dissitis
672 1747 699 1763 ex
716 1747 756 1763 ore
774 1741 949 1763 Bonarenturae
961 1740 1115 1768 praedicantis
1127 1746 1166 1762 ex-

315 1789 392 1816 cipere
409 1789 523 1811 neminem
542 1789 652 1816 potuisse,
670 1788 710 1810 nisi
729 1791 788 1810 essct
808 1788 894 1815 sociuS,
913 1788 952 1817 qui
965 1788 1040 1816 ipsum
1059 1788 1166 1810 itineran-

315 1839 361 1858 tem
378 1836 445 1858 tuerit
461 1835 589 1858 comitatus.

379 1884 516 1906 Referuntur
534 1882 579 1905 342
591 1883 707 1905 schemata
722 1888 865 1909 sermonum,
877 1888 977 1911 quorum
991 1882 1089 1905 maxima
1103 1888 1163 1910 pars,

316 1931 339 1954 id
365 1934 399 1953 est
424 1931 469 1953 279
495 1936 622 1958 sermones,
647 1932 681 1952 est
706 1930 730 1952 S.
757 1930 944 1956 Bonaventurae5
969 1929 1066 1951 aliorum
1087 1931 1163 1952 aucto-

315 1984 366 2000 rum
385 1980 438 2000 sunt
455 1980 542 2000 tantum
560 1977 598 1999 26.
615 1977 641 1999 Hi
654 1979 759 1999 auctores
771 1979 824 1999 suut
835 1977 870 1998 Fr.
884 1977 1018 1999 Eustachius
1035 1976 1089 1999 Ord.
1103 1976 1163 2003 Min„

315 2025 354 2055 qui
372 2028 433 2047 certe
450 2031 495 2047 non
513 2028 547 2047 est
568 2025 742 2051 Bonaventura‚
761 2024 811 2047 licet
829 2023 865 2046 hie
890 2030 902 2046 a
928 2024 1020 2046 Graecis
1037 2024 1107 2046 etiam
1125 2030 1163 2046 vo-

314 2075 405 2094 caretur
422 2072 558 2100 Eutychius;
576 2071 617 2093 sed
634 2077 679 2093 non
697 2070 844 2098 Eustachius‚
872 2071 902 2093 uti
925 2076 971 2093 non
989 2071 1057 2098 pauci
1074 2070 1162 2100 antiqui

315 2123 336 2142 et
354 2123 456 2142 recentes
482 2125 578 2141 erronee
603 2121 757 2141 asseruerunt.
774 2119 810 2140 Fr.
834 2118 967 2140 Guillelmus
992 2118 1109 2146 magister,
1126 2118 1162 2140 Fr.

313 2167 447 2189 Gnillelmus
464 2167 493 2189 de
514 2167 618 2193 Lamara,
637 2166 671 2188 Fr.
689 2166 823 2188 Guillelmus
839 2165 868 2188 de
886 2165 1002 2193 Ligulaeo,
1019 2165 1053 2187 Fr.
1072 2165 1162 2187 Guillel-

314 2221 366 2237 mus
383 2214 412 2237 de
424 2214 522 2242 Vaglon,
534 2214 569 2235 Fr.
588 2212 729 2236 Humbertus
740 2212 795 2235 Ord.
809 2212 896 2240 I‘raed.⁷
914 2213 949 2234 Fr.
966 2212 1060 2235 loannes
1077 2212 1106 2235 de
1123 2212 1162 2235 Ce-

314 2262 374 2289 lano,
390 2262 426 2283 Fr.
451 2262 545 2284 loannes
570 2261 599 2283 de
624 2261 747 2287 Pechamo,
771 2260 807 2282 Fr.
835 2261 930 2282 loannes
955 2260 984 2282 de
1005 2260 1107 2288 Rupella,
1126 2260 1162 2282 Fr.

315 2309 393 2332 Petrus
411 2309 440 2331 de
457 2308 590 2331 Tarantasia
609 2308 684 2336 (cuius
701 2308 714 2329 5
736 2313 856 2330 sermones
878 2307 1025 2335 reseruntur),
1048 2307 1084 2329 Fr.
1104 2308 1162 2334 Ray-

314 2356 416 2378 muudus
432 2355 486 2378 Ord.
506 2355 593 2382 Praed.,
610 2355 645 2377 Fr.
662 2354 777 2377 Robertus
797 2354 826 2376 de
845 2354 947 2381 Villiaco,
959 2354 994 2376 Fr.
1013 2354 1114 2376 Thomas
1132 2353 1161 2376 de

314 2403 411 2432 Aquino,
429 2403 468 2431 qui
486 2402 555 2425 habet
572 2402 585 2424 3
603 2408 729 2424 sermones.

377 2451 400 2472 ln
417 2449 525 2478 praefixis
542 2449 640 2471 rubricis
657 2451 805 2471 recensentur
823 2448 916 2476 plurimi
933 2448 975 2470 loci
993 2448 1076 2470 Galliac
1089 2451 1111 2470 et
1122 2449 1161 2470 lta-

314 2497 364 2524 liae,
381 2496 420 2519 nbi
439 2496 460 2518 111
478 2502 596 2518 sermones
613 2495 751 2523 pronuntiati
763 2496 819 2523 siut;
836 2497 858 2517 et
875 2499 992 2522 praeterea
1014 2494 1160 2517 nominantur

314 2544 382 2567 etiam
409 2543 501 2566 Colonia
527 2546 549 2565 ct
569 2543 686 2571 provincia
713 2542 859 2565 Alemanniae
876 2542 1001 2569 superioris
1023 2544 1093 2570 atque
1109 2542 1161 2563 Bar-

313 2591 403 2613 cinona.
420 2590 508 2613 Diversi
526 2595 644 2612 sermones
656 2589 728 2611 habiti
739 2591 792 2611 sunt
803 2595 880 2611 coram
898 2588 996 2610 summis
1013 2587 1160 2610 Pontificibus

313 2637 429 2660 Clemente
447 2637 491 2664 IV„
514 2636 606 2659 Urbano
623 2636 667 2663 lV.,
690 2636 801 2663 Gregorio
818 2636 846 2657 X.
864 2639 886 2657 et
902 2634 1064 2663 cardinalibus,
1081 2640 1159 2657 eoram

314 2685 420 2712 praelatis
431 2684 455 2706 in
472 2684 569 2711 synodo,
581 2689 659 2706 coram
671 2682 767 2711 regibus
778 2683 868 2709 Galliae,
880 2683 995 2705 Navarrae
1007 2685 1118 2704 eteorum
1132 2683 1160 2704 10-

313 2732 388 2759 miliis,
402 2731 465 2754 multi
482 2737 560 2754 coram
579 2731 732 2753 Universitate
744 2730 871 2757 Parisiensi,
889 2736 966 2752 coram
985 2729 1085 2757 plurium
1103 2729 1160 2751 Reli-

314 2780 410 2808 gionum
422 2779 528 2807 0101111115,
546 2784 625 2800 coram
642 2777 783 2800 monialibus
795 2780 817 2799 et
832 2777 901 2799 etiam
919 2783 997 2799 coram
1016 2777 1110 2804 populo.
1128 2788 1159 2793 -

314 2828 422 2855 signatur
439 2827 465 2848 Α.

375 2875 397 2896 8.
414 2873 522 2900 Parisiis,
535 2872 672 2895 bibliotheca
686 2871 815 2898 Nationalis‚
828 2871 880 2893 cod.
894 2870 974 2892 14595.
986 2870 1008 2892 in
1029 2870 1048 2892 -1,
1061 2869 1160 2892 membr.

315 2928 374 2944 saec.
393 2921 452 2943 XlY.
471 2920 569 2943 ineuntis
586 2919 655 2942 habet
672 2920 742 2941 multa
760 2918 864 2941 eiusdem
882 2919 904 2940 S.
922 2918 1097 2940 Bonaventurae
1114 2922 1159 2938 ser-

1031 157 1270 187 PROLEGOMENA
1293 159 1320 187 C.
1343 159 1371 187 ll.

1229 242 1326 260 monum
1342 238 1467 265 schemata,
1485 238 1554 261 modo
1571 245 1645 268 aeque
1662 244 1784 270 contracta,
1803 242 1872 264 modo
1889 241 2007 269 paululum
2028 241 2073 263 ion-

1229 284 1293 312 giora
1311 290 1338 307 ac
1356 285 1377 306 S.
1395 284 1571 308 Bonavcuturae
1589 286 1680 309 tributa.
1697 287 1770 310 Habet
1786 291 1862 310 tamen
1881 291 1968 311 tantum
1986 293 2073 310 sermo-

1228 337 1268 353 nes
1286 331 1307 353 in
1325 331 1395 353 Gallia
1413 332 1567 359 praedicatos.

1290 377 1336 400 Fol.
1355 377 1363 399 1
1385 377 1418 400 sic
1436 377 1526 405 incipit:
1549 378 1593 400 «111
1616 378 1659 401 isto
1676 379 1793 402 volumine
1815 381 1959 403 continentur
1985 380 2071 403 mixtim

1227 424 1328 453 quedam
1347 425 1479 455 memoralia
1498 425 1533 447 Fr.
1549 425 1710 448 Bouaventure
1726 426 1841 449 Generalis
1865 427 1958 450 Ministri
1982 427 2073 450 Ordinis

1227 472 1340 494 Minorum
1359 474 1381 494 et
1405 472 1502 494 aliorum
1528 472 1683 495 Ministrorum
1709 475 1731 495 et
1753 473 1924 501 predicatorum
1950 474 2072 503 compilata

1194 552 1195 556 Ἰ
1227 525 1268 547 per
1286 520 1346 541 solas
1364 519 1520 542 distinctiones
1536 519 1625 548 absque
1642 519 1822 548 expositionibus
1844 523 1866 543 et
1886 521 2072 550 adaptationibus

1227 569 1249 589 et
1265 565 1435 589 dilatationibus
1452 569 1474 588 et
1491 565 1744 594 exemplificatiouibus.
1762 567 1815 589 ideo
1833 567 1852 589 si
1868 567 1921 596 quis
1938 567 1969 590 ibi
1986 568 2070 597 aliquid

1228 613 1303 635 minus
1328 613 1426 636 solidum
1453 613 1566 641 inveniat,
1592 613 1652 635 tedio
1675 616 1697 635 et
1724 613 1854 641 ignorantie
1878 614 1996 642 scriptoris
2023 614 2073 637 sive

1226 661 1382 688 compilatoris
1400 660 1508 683 attribuat
1524 663 1547 683 et.
1563 666 1655 688 semper
1673 660 1695 683 id
1712 661 1774 689 quod
1793 661 1844 684 hine
1861 661 1977 690 decerpet,
1999 661 2073 684 disen-

1227 708 1266 730 tiat
1283 711 1303 730 et
1321 710 1402 730 caveat
1418 708 1476 730 sicut
1496 708 1597 735 prudens
1623 710 1645 730 et
1669 708 1729 736 pius,
1755 708 1855 730 maxIme
1878 714 1930 731 cum
1957 711 2072 736 ponantur

1227 755 1367 784 quandoque
1379 754 1408 777 ibi
1422 755 1523 783 quedam
1535 754 1662 782 impropria
1674 757 1697 777 et
1714 754 1788 782 magis
1800 754 1898 777 verbosa
1913 761 1983 784 quam
2001 755 2071 778 realia

1226 802 1275 824 sive
1294 801 1352 824 utilia
1372 804 1466 829 propter
1483 801 1620 824 brevitatem
1638 805 1659 823 et
1676 801 1831 824 curiositatem
1850 801 2012 829 compilatoris,
2029 801 2069 830 qui

1227 848 1312 871 dimisit
1324 848 1474 877 quandoque,
1485 855 1545 877 quae
1562 848 1652 871 realiter
1664 850 1728 870 erant
1744 850 1766 870 et
1783 848 1865 870 melius
1877 848 1919 870 5011
1930 847 1973 870 sibi
1991 854 2072 871 eonsu-

1226 896 1274 918 lcns
1291 897 1313 918 et
1334 895 1384 918 vias
1400 895 1450 918 sive
1467 895 1599 918 occasiones
1616 895 1731 923 cogitandi
1750 895 1911 918 tantummodo
1933 901 2033 924 querens
2050 898 2072 918 et

1226 942 1330 965 discendi
1342 950 1363 964 n.
1381 942 1426 964 Foi.
1443 942 1447 963 1
1465 942 1487 964 in
1500 942 1605 970 margine
1619 942 1716 969 legitur:
1729 941 1813 965 Sermo
1827 942 1843 964 Ι.
1855 941 1979 965 Dominica
1990 941 2070 971 primo.

1225 988 1353 1012 Adventus.
1370 1001 1401 1005 —
1419 989 1499 1011 Sermo
1517 989 1607 1017 incipit:
1629 989 1706 1012 Veniet
1723 988 1869 1012 desideratus
1887 988 1995 1018 (lentibus
2013 991 2056 1011 etc.

1288 1036 1348 1058 llaec
1365 1037 1482 1058 schemata
1500 1038 1594 1064 excepta
1611 1039 1664 1058 sunt
1688 1036 1807 1058 manifeste
1830 1035 1860 1058 ab
1881 1035 1924 1058 0110
1946 1035 2071 1063 scriptore,

1224 1090 1295 1112 quam
1313 1084 1351 1112 qui
1370 1085 1486 1106 schemata
1504 1084 1590 1106 codicis
1608 1084 1625 1106 Α
1643 1083 1781 1111 composuit.
1799 1083 1861 1106 Ordo
1881 1089 1951 1111 saepe
1969 1085 2070 1106 mutatus

1225 1133 1266 1158 est,
1283 1130 1397 1153 interdum
1416 1131 1480 1158 plura
1499 1130 1590 1157 omittit,
1600 1130 1714 1153 interdum
1727 1130 1770 1152 0110
1782 1130 1854 1153 addit.
1866 1131 1916 1158 ipso
1930 1130 1963 1153 usi
1981 1136 2070 1157 sumus,

1224 1181 1248 1200 ut
1265 1178 1319 1200 vitia
1337 1178 1423 1200 codicis
1448 1178 1465 1200 Α
1482 1178 1653 1206 corrigeremus
1670 1181 1692 1200 et
1708 1178 1832 1205 interdum,
1847 1179 1872 1199 ut
1888 1177 1992 1200 eiusdem
2010 1177 2071 1199 lacu-

1223 1231 1264 1248 nas
1281 1226 1450 1253 suppleremus.
1468 1237 1499 1241 —
1516 1225 1625 1253 Signatur
1643 1225 1666 1247 Β.

1287 1271 1325 1294 1115
1342 1271 1435 1294 duobus
1452 1271 1571 1294 codicibus
1588 1271 1752 1299 subiungimus
1765 1271 1831 1300 duos,
1848 1271 1887 1300 qui
1904 1270 2007 1293 similiter
2024 1276 2070 1293 non

1224 1318 1308 1341 habent
1324 1318 1366 1340 nisi
1384 1324 1517 1341 sermonum
1535 1319 1666 1344 schemata„

1286 1366 1308 1388 9.
1325 1364 1445 1394 Zwt'clcau,
1462 1366 1484 1387 in
1503 1365 1594 1388 civitate
1606 1365 1723 1392 Saxoniae,
1741 1364 1877 1387 bibliotheca
1895 1364 2005 1391 Civitatis,
2018 1364 2070 1387 cod.

1224 1414 1238 1435 l.
1256 1413 1305 1435 XV.
1324 1413 1361 1435 lv.
1379 1412 1477 1435 membr.
1495 1412 1517 1434 in
1537 1413 1558 1434 8.
1575 1418 1634 1435 saec.
1658 1412 1719 1434 XIV.
1736 1418 1747 1434 a
1766 1412 1864 1434 diversis
1889 1411 1996 1434 manibus
2021 1417 2070 1434 exa-

1222 1462 1293 1482 ratus.
1305 1471 1335 1476 ·-
1352 1460 1398 1482 Fol.
1416 1459 1429 1481 3
1448 1465 1465 1481 r.
1484 1465 1495 1481 a
1509 1459 1583 1487 prima
1602 1465 1684 1482 manu:
1702 1458 1826 1482 Domilzz'ctt
1838 1459 1855 1480 Ι.
1869 1458 1893 1481 in
1905 1457 2012 1482 Adventu
2025 1458 2068 1482 Do-

1223 1506 1289 1529 mini.
1301 1506 1390 1529 Deinde
1407 1513 1418 1529 a
1433 1506 1552 1534 posteriori
1574 1512 1655 1528 manu:
1675 1506 1838 1529 Bonaventure
1853 1505 1997 1529 collationes.
2008 1505 2068 1529 Ecce

1223 1553 1297 1577 veniel
1313 1553 1460 1576 desideratus
1477 1553 1568 1576 cunctis
1586 1552 1700 1582 centibus,
1714 1552 1938 1582 Aqqei11.Sanctos
1948 1553 2029 1582 patres
2046 1554 2068 1575 et

1222 1600 1385 1624 Potriarcltos.
1402 1613 1433 1617 —
1450 1600 1558 1628 Signatur
1576 1600 1602 1622 Ο.
1619 1612 1648 1616 -
1665 1599 1724 1623 Cum
1737 1600 1786 1628 ipso
1802 1599 1890 1622 ibidem
1902 1599 2026 1622 convenire
2037 1599 2069 1621 vi-

1222 1648 1289 1671 detur
1306 1648 1358 1671 eod.
1377 1648 1391 1670 l.
1411 1648 1461 1670 XV.
1482 1648 1496 1670 1.
1514 1647 1613 1670 membr.
1630 1653 1689 1670 saec.
1708 1647 1767 1675 xlv,
1784 1647 1825 1676 qui
1847 1648 1901 1675 post
1925 1646 1987 1669 aliud
2013 1652 2068 1675 optt-

1221 1696 1311 1718 sculum
1330 1695 1367 1717 t'ol.
1384 1695 1413 1717 26
1431 1701 1448 1717 r.
1468 1695 1488 1717 in
1507 1694 1569 1717 initio
1587 1694 1669 1717 hahet:
1684 1694 1803 1724 Incipiunt
1826 1693 1963 1717 collationes
1983 1694 2004 1716 et
2019 1699 2066 1716 ser-

1221 1748 1302 1765 mones
1320 1742 1481 1765 Boneuenture
1496 1748 1539 1771 per
1558 1742 1633 1765 totum
1655 1747 1757 1764 [utrium.
1775 1753 1806 1757 —
1823 1741 1889 1769 Ecce,
1910 1739 1986 1763 veniet
2009 1739 2069 1763 clesi-

1221 1789 1318 1813 (leratus
1337 1788 1451 1819 (sentibus.
1470 1789 1528 1817 Agg.
1545 1789 1568 1811 11.
1587 1789 1617 1811 El
1633 1787 1711 1811 sancti
1727 1788 1810 1811 Patres
1828 1790 1871 1810 ete.

1285 1837 1405 1858 Schemata
1423 1836 1491 1864 primi
1510 1835 1568 1857 111105
1585 1834 1671 1857 codicis
1683 1834 1821 1863 plerumque
1832 1834 1960 1856 admodum
1978 1836 2067 1857 contra-

1221 1887 1254 1906 cta
1274 1885 1332 1910 sunt,
1350 1885 1372 1904 et
1389 1883 1454 1910 plura
1473 1888 1553 1904 eorum
1573 1887 1618 1903 non
1630 1880 1771 1903 conveniunt
1782 1886 1835 1903 cum
1848 1879 1995 1903 sermonibus
2006 1880 2065 1903 notis

1221 1929 1404 1951 Bonaventurae.

1284 1976 1399 1999 interdum
1418 1976 1478 1998 hunc
1498 1975 1603 1997 codicem
1630 1974 1686 1996 intra
1708 1974 1838 2000 citavimus,
1863 1973 1912 1996 scil.
1936 1979 1989 2002 pag.
2013 1973 2066 2001 289,

1220 2027 1272 2046 nota
1291 2025 1317 2051 ‘23
1335 2029 1387 2051 pag.
1406 2023 1459 2051 ⁴293,
1477 2025 1529 2045 nota
1548 2023 1589 2049 11;
1607 2028 1661 2050 pag.
1679 2022 1731 2050 306,
1748 2024 1799 2044 nota
1814 2022 1834 2049 l;
1847 2027 1902 2049 pag.
1914 2022 1967 2048 309,
1979 2024 2031 2043 nota
2043 2020 2065 2043 5.

1287 2072 1320 2093 10.
1329 2071 1376 2093 Alia
1389 2072 1506 2093 schemata
1515 2070 1628 2093 habentur
1639 2068 1764 2097 Monachz't,
1777 2068 1915 2092 bibliotheca
1925 2069 2004 2097 Regia,
2014 2069 2065 2092 cod.

1219 2120 1274 2142 Lat..
1293 2119 1361 2141 8739.
1380 2117 1443 2147 (olim
1460 2117 1604 2140 Franciscan.
1622 2117 1708 2139 Monac.
1728 2117 1775 2145 39.)
1806 2115 1904 2139 membr.
1927 2122 1986 2139 saec.
2005 2116 2065 2139 XlV.

1218 2156 1249 2181 -'
1265 2165 1313 2187 Fol.
1331 2165 1373 2187 118
1392 2171 1414 2186 v.
1432 2164 1474 2187 col.
1493 2165 1529 2186 ll.:
1547 2162 1767 2193 Eyredieturvirya
1783 2166 1827 2185 etc.
1838 2162 1915 2186 Sacro
1932 2161 2064 2192 z‘mpiratus

1219 2212 1323 2241 flamine,
1341 2211 1416 2234 lsoz'cts
1434 2210 1537 2240 amplicat
1553 2209 1620 2233 nobis
1637 2209 1768 2239 multifarie
1794 2209 1967 2233 incarnationis
1983 2211 2066 2239 myste-

1218 2259 1283 2282 rium
1300 2260 1321 2282 et
1337 2257 1448 2281 describit
1464 2257 1596 2287 tripliciter,
1614 2257 1701 2280 scilicet
1723 2258 1840 2286 quantum
1862 2256 1895 2279 ad
1919 2255 2064 2280 nobilitatem

1222 2305 1326 2335 Virqiuis
1344 2304 1501 2334 concipientis,
1522 2303 1567 2327 ibi:
1586 2303 1741 2333 Eoi-edietum·
1759 2305 1877 2333 quantum
1893 2302 1925 2326 ad
1935 2302 2064 2333 puritatem

1218 2352 1351 2382 stimularis
1368 2351 1532 2381 conceptionis,
1546 2351 1591 2375 ibi:
1609 2352 1631 2374 et
1641 2351 1685 2380 flos
1697 2350 1724 2374 de
1734 2350 1815 2374 radice
1821 2359 1831 2380 ,·
1844 2346 1961 2380 quantum
1970 2349 2002 2373 od
2012 2349 2064 2373 sub-

1220 2399 1342 2423 limitatem
1359 2400 1466 2428 concepte
1480 2398 1571 2428 prolis,
1589 2397 1633 2421 ibi:
1652 2398 1681 2421 Ec
1698 2397 1827 2428 requiescet
1842 2403 1914 2427 snper
1930 2403 1985 2420 eccm
2002 2399 2044 2419 etc.

1282 2446 1394 2469 Similium
1412 2447 1556 2468 schematum
1573 2445 1596 2468 in
1614 2448 1660 2468 toto
1682 2448 1735 2468 sunt
1755 2446 1794 2467 28.
1813 2445 1883 2467 Maior
1908 2445 1990 2467 horum
2013 2449 2066 2472 pars

1218 2494 1326 2517 exhibent
1343 2493 1457 2521 legitimos
1474 2493 1649 2515 Bonaventurae
1665 2498 1796 2520 sermones,
1822 2498 1875 2515 cum
1897 2497 1978 2514 eorum
1996 2496 2065 2519 expo-

1218 2541 1269 2563 sitio
1286 2540 1376 2568 longior
1394 2540 1522 2562 iuveniatur
1540 2539 1592 2561 alibi
1610 2544 1632 2562 et
1649 2540 1671 2562 S.
1690 2539 1793 2562 Doctoris
1810 2544 1861 2561 esse
1878 2537 1995 2566 probetur.

1622 2609 1663 2632 111.

1280 2681 1340 2704 Alias
1357 2680 1501 2703 collectiones
1517 2686 1651 2702 sermonum
1669 2680 1719 2702 sive
1741 2679 1866 2707 impressas
1888 2678 1937 2701 sive
1958 2678 2063 2706 scriptas,

1217 2733 1277 2756 quae
1289 2733 1333 2749 non
1347 2727 1388 2749 nisi
1401 2726 1516 2756 quitimos
1529 2727 1703 2749 Bonaventurae
1715 2731 1834 2748 sermones
1849 2724 1985 2751 contineant,
1999 2724 2064 2746 inve-

1216 2774 1293 2797 nimus
1310 2774 1388 2796 nullas.
1406 2774 1464 2796 Sunt
1480 2773 1575 2802 quidem
1593 2773 1723 2800 nonnullae,
1741 2773 1914 2795 Bonaventurae
1939 2771 2062 2799 inscriptae

1216 2820 1369 2847 collectiones,
1386 2820 1425 2842 sed
1445 2820 1480 2842 vel
1497 2822 1550 2842 sunt
1567 2820 1692 2847 permixtae
1709 2825 1762 2841 cum
1788 2819 1884 2840 aliorum
1908 2817 2061 2846 sermonibus,

1216 2868 1252 2890 vel
1271 2867 1292 2890 ni
1310 2870 1363 2889 sunt
1380 2867 1409 2889 ita
1428 2867 1591 2894 transformati,
1609 2870 1634 2889 ut
1650 2873 1694 2889 non
1712 2865 1833 2889 exhibeant
1855 2871 1937 2888 verum
1954 2864 2059 2887 eiusdem

1216 2915 1321 2943 spiritum
1340 2918 1361 2936 et
1379 2914 1487 2937 indolem.
1505 2914 1580 2937 Coacti
1605 2915 1673 2942 igitur
1696 2919 1784 2940 sumus,
1803 2919 1829 2936 ex
1852 2913 1929 2935 multis
1945 2912 2062 2941 variisque
