2243 3348
16 1618 21 1623 '¹
28 1616 103 1635 Divisio.

15 2090 40 2104 ιη
52 2085 65 2104 1.
79 2085 105 2104 De

5 2108 66 2132 ”ginis
77 2114 110 2133 pu-

16 2132 100 2151 icatioue.

568 172 611 200 DE
634 170 879 200 PURIFICATIONE
900 169 927 197 B.
952 168 1092 197 VIRGlNlS
1114 168 1241 197 MARIAE.
1264 167 1373 196 SERMO
1396 168 1424 196 11.
1814 168 1865 196 (ilii

121 251 300 289 purificandis
321 254 347 280 et
369 250 550 287 perficiendis.
574 250 643 286 Quia
666 253 694 278 tu
716 257 745 278 es
765 248 847 276 stella
862 248 967 281 maris,

121 306 169 326 ora
190 305 241 334 pro
262 297 341 326 nobis
369 296 572 329 illuminandis;
598 296 679 332 qnia,
700 303 784 323 inare
808 302 966 327 amarum,

121 345 193 382 quod
217 344 320 372 nullam
336 344 510 380 putredinem
526 343 652 376 sustinet,
668 350 717 370 ora
733 350 782 378 pro
797 342 875 370 nobis
890 341 967 378 puri-

120 391 249 425 ficandis3
271 391 336 427 quia
352 395 379 418 tu
396 398 425 419 es
442 389 578 423 Domina,
593 398 642 417 ora
664 397 713 426 pro
728 389 805 417 nobis
824 388 967 424 perficien-

120 438 170 466 dis.
193 437 237 465 His
261 437 349 465 tribus
370 437 525 473 indigemus
545 436 579 464 ad
602 436 667 469 1100,
688 435 760 472 quod
781 435 816 463 sit
838 435 863 463 in
889 435 968 463 nobis

121 483 241 513 efficacia
262 483 397 511 sermonis
417 483 517 516 divini,
547 483 612 519 quia
641 490 732 511 sermo
759 482 869 510 divinus
894 481 967 510 ordi-

121 533 203 559 natur
224 530 258 558 ad
278 530 489 558 illuminandum
512 538 562 557 nos
584 530 609 557 in
633 529 790 562 intellectu,
812 529 845 557 ad
870 529 967 565 purifi-

121 577 238 606 candum
261 577 286 604 in
309 576 425 610 affectu,
447 576 479 604 ad
503 576 700 612 perficiendum
716 576 742 604 in
762 583 846 612 opere
867 576 966 604 sivein

121 624 228 652 effectu.
253 623 283 651 Et
305 623 356 651 1100
379 631 431 651 0011
459 630 606 659 possumus
628 623 718 651 facere
746 623 804 651 sine
832 623 967 659 gloriosae

121 670 240 707 Virginis
263 670 435 702 interventu;
459 670 517 698 ideo
534 670 692 707 rogabimus
710 678 785 703 eam,
807 670 880 706 (luod
903 670 968 698 velit

121 725 171 754 pro
192 717 271 745 nobis
294 716 464 745 intercedere
486 720 513 745 et
540 716 656 753 gratiam
679 716 828 752 impetrare
849 716 881 744 ad
905 724 967 752 pro-

121 763 277 800 ponendum
294 763 410 792 verbum
433 763 574 797 divinum,
597 763 634 791 ita
655 763 728 799 quod
752 771 799 799 per
816 763 882 791 illud
906 763 966 791 illu-

122 810 269 844 minemur,
291 810 474 846 purificemur
496 813 522 838 et
545 809 730 846 perficiamur.

205 857 269 885 Una-
290 856 431 885 oblatione
451 860 502 885 etc.

200 904 254 932 Hoc
275 907 316 932 est
339 903 454 932 verbum
487 903 590 932 dictum
613 903 646 931 de
668 903 804 939 Sapientia
827 904 968 932 incarnata

121 952 148 978 et
168 953 258 986 potest
273 950 385 987 intelligi
401 950 435 978 de
450 950 561 986 Virgine
575 950 710 986 gloriosa,
729 950 842 978 Domina
856 953 966 984 nostra;

120 999 148 1024 et
168 997 320 1025 secundum
344 997 395 1025 1100
417 997 574 1033 explicatur
596 996 674 1025 nobis
703 996 787 1025 liuius
815 997 968 1033 praesentis

120 1043 299 1072 solemnitatis
330 1043 472 1076 materia,
501 1046 528 1072 et
555 1047 596 1072 est
625 1044 740 1072 materia
767 1044 887 1080 duplex:
912 1052 968 1072 una

120 1094 162 1119 est
182 1090 287 1119 oblatio
310 1091 423 1124 Protz's,
446 1091 497 1118 alia
513 1094 554 1119 est
573 1090 744 1127 purificatio
766 1091 886 1125 Matris,
902 1092 968 1128 quia

120 1141 297 1174 praeceptum
320 1141 380 1166 erat
401 1138 427 1166 in
459 1138 526 1174 Lege
543 1139 561 1171 ¹,
591 1138 663 1175 quod
686 1138 796 1172 mulier,
822 1142 965 1175 postquam

120 1184 271 1222 peperisset
293 1185 463 1218 masculum,
486 1184 616 1213 infantem
638 1185 754 1213 Domino
782 1184 911 1223 offerret,
940 1189 968 1214 et

120 1231 193 1269 quod
216 1232 274 1268 ipsa
296 1232 395 1260 mulier
411 1231 642 1268 parificai·ettir;
657 1235 684 1261 et
700 1233 782 1269 Virgo
796 1233 916 1269 gloriosa
930 1233 967 1261 Fi-

120 1278 187 1307 lium
210 1286 292 1307 suum
309 1278 335 1306 in
354 1278 454 1314 templo
472 1279 573 1307 obtulit
587 1282 613 1307 et
629 1279 745 1307 liostiam
761 1287 811 1316 pro
826 1287 876 1308 5113
890 1279 967 1316 puri-

120 1325 246 1354 ficatione
267 1324 369 1353 addidit
383 1325 403 1353 2.
428 1325 457 1353 Et
475 1334 529 1353 non
544 1326 605 1354 sine
621 1334 714 1354 causa
730 1326 817 1354 voluit
833 1325 967 1355 Christus

121 1371 222 1410 offerri
235 1375 262 1401 et
277 1372 360 1408 Virgo
375 1372 474 1400 Maria
486 1372 650 1409 purificari
663 1389 701 1392 —
716 1373 779 1401 licet
793 1381 846 1401 non
866 1374 900 1401 ad
915 1374 967 1402 hoc

120 1422 282 1448 tenerentur
293 1436 332 1439 ——
343 1422 369 1448 et
381 1420 442 1453 hoc,
455 1423 485 1447 ut
496 1420 653 1448 ostenderet
666 1419 810 1453 Christus,
823 1421 895 1457 quod
908 1424 968 1449 erat

120 1467 289 1495 oblationum
311 1467 439 1503 legalium
461 1467 539 1500 tinis;
561 1471 588 1496 et
617 1468 718 1504 t'z‘rqo,
744 1471 775 1496 ut
795 1468 967 1502 ostenderet,

120 1514 194 1551 quod
208 1514 267 1550 ipsa
278 1517 350 1542 esset
364 1514 611 1543 sanctificationum
627 1515 812 1551 spiritualium
825 1516 968 1552 exemplar

120 1564 147 1589 et
167 1560 264 1589 forma.
286 1561 315 1589 Et
338 1561 388 1589 boc
404 1561 507 1597 (modo)
523 1564 635 1590 notatur
656 1562 682 1590 in
706 1562 790 1590 verbo
812 1562 968 1599 proposito:

126 1607 190 1636 Una
211 1607 352 1636 oblatione
373 1611 440 1636 etc:
464 1608 566 1645 primo,
589 1608 694 1637 oblatio
718 1609 825 1643 Prolis.
841 1609 868 1637 in
891 1609 969 1637 obla-

121 1655 203 1683 tione.
220 1655 334 1683 Nomine
349 1663 415 1683 vero
429 1655 670 1691 sanctificationis
685 1656 863 1693 intelligimus
881 1657 968 1693 ipsam

120 1701 380 1738 sanctificationem
395 1706 420 1730 et
431 1702 680 1738 purificationem,
696 1711 778 1739 quani
799 1704 969 1740 concipimus

120 1757 157 1777 ex
179 1749 264 1777 Prolis
286 1749 423 1777 oblatione
443 1752 470 1777 et
488 1749 607 1786 Virginis
629 1749 829 1786 purificatione.
855 1750 884 1778 Et
905 1758 968 1778 cum

121 1795 237 1824 dicitur:
253 1796 483 1829 consummavit,
503 1796 665 1832 intelligitur
686 1796 763 1825 ratio
779 1797 934 1834 atrias-que
948 1797 967 1825 3.

121 1843 191 1879 Quia
218 1842 302 1879 igitur
329 1850 459 1879 praesens
485 1843 586 1871 festum
613 1843 807 1872 denominatur
832 1852 847 1872 a
872 1844 970 1880 purifi-

121 1890 227 1919 catione
245 1889 373 1926 Virginis,
388 1898 460 1926 quae
481 1893 522 1919 est
543 1891 686 1927 exemplar
709 1894 819 1919 nostrae
840 1891 970 1927 purifica-

121 1937 215 1971 tionis,
238 1937 297 1965 ideo
319 1937 411 1977 primo¹
429 1945 543 1973 agamus
564 1937 597 1965 de
619 1937 827 1974 purificatione
855 1941 882 1966 et
910 1941 971 1974 post

121 1984 154 2012 de
175 1983 324 2012 oblatione.

201 2031 219 2058 1.
243 2031 389 2067 Dionysius
403 2032 415 2047 4
436 2031 510 2065 dicit,
525 2031 599 2068 quod
619 2032 773 2060 «sanctitas
788 2035 829 2060 est
843 2032 878 2060 ab
896 2032 969 2060 omni

122 2078 277 2106 contamine
292 2078 394 2106 munda
415 2081 442 2107 et
463 2078 569 2107 sincera
584 2078 691 2107 bonitas
707 2089 739 2113 ›>;
762 2079 845 2116 igitur
861 2088 914 2108 non
930 2083 971 2108 est

122 2125 196 2153 aliud
218 2125 292 2162 loqui
314 2125 347 2153 de
368 2125 583 2154 sanctificatione
605 2133 688 2162 quain
707 2126 741 2154 de
762 2126 969 2162 purificatione;

122 2180 158 2200 ex
179 2180 235 2209 quo
255 2172 327 2200 enim
351 2172 417 2200 illud
440 2180 546 2206 verum,
565 2176 592 2201 et
614 2172 762 2209 reliquum.
778 2173 870 2201 Voluit
885 2173 970 2210 igitur

124 2216 206 2256 Virgo
227 2219 347 2256 g101‘10sa
368 2219 527 2255 purificari,
550 2228 603 2247 non
626 2220 691 2256 qnia
711 2223 783 2248 esset
812 2220 969 2254 immunda,

123 2274 176 2294 non
193 2266 258 2303 quia
279 2269 352 2295 esset
366 2274 415 2303 per
436 2267 534 2303 Legem
549 2267 678 2301 astricta,
701 2267 746 2295 sed
770 2270 801 2295 nt
822 2271 893 2296 esset
908 2276 970 2296 5311-

123 2313 294 2342 ctificationis
315 2317 341 2342 et
360 2313 581 2350 purificationis
602 2313 710 2351 forma.
733 2314 809 2350 Quod
830 2323 883 2343 non
899 2319 970 2343 esset

124 2360 279 2394 immunda,
302 2363 391 2397 patet,
413 2361 478 2397 quia
499 2369 554 2389 non
575 2364 739 2398 conceperat
767 2361 800 2390 de
828 2362 899 2390 virili
928 2370 970 2390 se-

123 2407 205 2441 mine,
227 2415 278 2436 nec
300 2415 348 2444 per
369 2408 429 2436 hoc.
450 2411 510 2436 erat
531 2408 592 2445 Legi
622 2409 742 2437 astricta.
764 2409 840 2437 Unde
865 2410 970 2445 Moyses

125 2454 202 2482 valde
223 2454 360 2490 sapienter
381 2433 455 2484 dedit
477 2455 563 2491 legem
586 2455 669 2489 1113111,
684 2455 792 2484 dicens:
808 2455 923 2489 Mulier,
944 2456 972 2484 si

124 2505 254 2537 suscepto
265 2501 382 2534 semine,
396 2501 539 2538 pepererit
553 2501 729 2535 masculum,
746 2502 901 2530 immunda
916 2502 970 2530 erit

125 2547 306 2585 quadraginta
327 2548 435 2576 diebus.
459 2548 514 2577 Non
539 2557 588 2584 pro
610 2549 695 2577 nihilo
717 2548 819 2577 addidit
839 2553 970 2585 suscepto

124 2595 246 2628 semine,
268 2603 331 2623 cum
354 2595 421 2623 nihil
443 2595 617 2632 superfluum
640 2596 675 2624 sit
697 2596 721 2624 in
742 2596 892 2633 Scriptura.
915 2596 969 2625 Nisi

1024 247 1096 275 enim
1113 247 1164 275 hoc
1179 246 1336 280 addidisset,
1352 246 1568 283 blasphemasset
1584 246 1696 274 Matrem
1713 246 1869 280 Salvatoris,

1025 293 1045 321 si
1068 293 1183 321 dixisset
1205 292 1381 329 simpliciter:
1397 292 1511 326 Mulier,
1528 300 1598 329 quae
1610 292 1754 329 pepererit
1768 292 1869 325 filium,

1024 339 1178 367 iiizinunrla
1200 340 1262 367 erit.
1285 338 1400 376 Oportet
1421 347 1495 376 ergo,
1519 339 1591 376 quod
1614 339 1680 367 illud
1702 340 1824 373 adderet,
1839 344 1871 368 ut

1024 395 1039 414 a
1062 386 1119 422 lege
1141 386 1186 414 illa
1210 387 1323 414 Matrem
1340 387 1446 414 Domini
1463 387 1614 423 exciperet,
1636 394 1670 415 ne
1685 387 1797 414 Matrem
1819 387 1871 415 Do-

1025 433 1089 461 mini
1107 433 1325 470 blasphemarem
1341 436 1367 461 et
1382 433 1420 461 sic
1436 441 1488 461 non
1504 437 1563 462 erat
1582 433 1723 461 immunda
1737 441 1786 462 nec
1810 434 1869 470 Legi

1024 480 1148 513 astricta;
1165 484 1263 514 tamen,
1276 480 1340 517 quia
1351 480 1452 514 decuit,
1464 484 1495 508 ut
1509 480 1587 508 daret
1598 479 1727 517 formam
1742 480 1871 516 sanetifi-

1024 527 1148 555 cationis
1164 530 1293 563 tanquam
1316 528 1476 555 Sanctarum
1499 528 1612 561 Sancta,
1634 529 1733 560 παναγὶα
1753 527 1870 561 Graece,

1024 574 1096 610 quod
1114 574 1184 602 idem
1208 577 1257 607 est,
1280 574 1318 602 sic
1333 574 1420 602 voluit
1442 574 1582 610 purificari
1599 579 1625 602 et
1647 574 1820 603 sanctificari.
1841 575 1871 603 Et

1025 620 1123 654 videte,
1145 621 1218 657 quod
1241 621 1373 657 quidquid
1394 621 1446 649 suit
1460 621 1485 649 in
1509 629 1549 654 03,
1565 621 1715 650 suitforma
1729 625 1756 650 et
1777 630 1871 650 exem-

1025 668 1084 704 piar
1106 667 1329 696 sanctificationis
1358 668 1383 695 in
1406 668 1474 696 aliis.
1498 668 1558 696 Fuit
1579 669 1650 696 enim
1682 669 1706 696 in
1730 677 1760 697 ea
1782 669 1871 697 omnis

1024 714 1246 742 sanctificationis
1260 715 1473 751 receptaculum
1490 715 1634 743 inundant
1656 723 1690 743 ex
1714 716 1817 752 gratiae
1832 716 1871 744 di-

1026 761 1103 788 vinae
1126 761 1310 796 plenitudine:
1334 761 1385 789 suit
1406 761 1495 789 omnis
1523 762 1745 790 sanctificationis
1772 771 1870 799 specu-

1025 807 1085 835 lam
1103 807 1296 843 praeclarum
1314 815 1350 835 ex
1370 808 1585 837 conversationis
1600 817 1666 837 suae
1687 810 1871 845 gratiositate,

1024 854 1076 882 suit
1097 857 1124 882 et
1146 854 1226 887 tertio
1241 855 1329 882 omnis
1345 855 1568 883 sanctificationis
1580 856 1761 892 principiani
1784 856 1871 894 diffu-

1024 901 1122 928 sivum
1143 909 1178 929 ex
1208 901 1263 928 Filii
1288 901 1333 929 Dei
1363 902 1556 937 conceptionem
1586 902 1637 930 fuit
1665 903 1746 931 etiam
1772 907 1872 940 quarto

1024 947 1113 975 omnis
1134 947 1358 976 sanctificationis
1384 948 1532 985 exemplar
1554 949 1731 977 imitandum
1760 958 1795 978 ex
1822 959 1871 987 pu*

1025 994 1184 1023 rificationis
1206 1002 1272 1023 51130
1293 995 1459 1024 celebritate.
1483 996 1514 1023 Et
1529 996 1549 1024 si
1573 996 1631 1032 ipsa
1652 997 1769 1025 habebat
1784 998 1871 1034 prima

1025 1041 1092 1074 tria,
1114 1041 1243 1075 decebat,
1265 1042 1339 1078 quod
1361 1045 1388 1070 et
1408 1046 1539 1078 quartum
1564 1043 1686 1071 liaberet.

1103 1088 1177 1122 Dico,
1193 1089 1267 1125 quod
1290 1088 1340 1117 fuit
1361 1090 1451 1118 omnis
1466 1089 1688 1119 sanctificationis
1707 1095 1871 1128 receptacu-

1024 1135 1085 1163 lum
1107 1135 1251 1164 munaum
1273 1143 1309 1164 ex
1332 1136 1510 1172 plenitudinis
1531 1137 1638 1165 divinae
1670 1138 1774 1174 gratiae
1797 1147 1870 1167 rece—

1025 1182 1126 1218 ptione,
1141 1191 1224 1219 quam
1248 1183 1350 1219 recepit
1365 1186 1427 1211 ante
1443 1191 1520 1211 suam
1537 1184 1714 1213 nativitatem.
1731 1186 1806 1214 Unde
1821 1186 1870 1214 sibi

1024 1229 1154 1265 competit
1169 1229 1240 1266 quod
1263 1230 1329 1258 dicit
1350 1230 1484 1258 Dominus
1505 1230 1538 1259 ad
1561 1231 1701 1260 Ieremiam
1717 1232 1743 1259 ⁵:
1768 1233 1872 1261 [01113-

1023 1284 1112 1314 quain
1136 1280 1160 1304 te
1180 1275 1343 1313 formarem.
1365 1277 1395 1304 in
1427 1281 1523 1311 utero,
1545 1278 1614 1305 noui
1642 1283 1680 1312 te,
1702 1287 1757 1307 non
1781 1280 1869 1308 solum

1023 1324 1177 1360 cognitione
1196 1324 1466 1360 praedestinationis,
1488 1324 1535 1353 sed
1558 1325 1716 1361 multiplicis
1732 1334 1870 1362 praenun—

1025 1371 1157 1401 tiationis:
1173 1370 1207 1399 ab
1222 1371 1298 1399 initio
1311 1371 1407 1406 (enim)
1422 1371 1516 1399 mundi
1531 1379 1619 1408 usque
1634 1372 1666 1400 ad
1682 1380 1764 1401 suum
1780 1376 1872 1401 ortum

1025 1417 1076 1446 suit
1098 1418 1290 1454 praenuntiata
1312 1426 1361 1454 per
1382 1418 1506 1455 quinque
1522 1419 1606 1447 millia
1624 1428 1776 1454 annorum,
1798 1424 1871 1449 ante-

1025 1473 1107 1501 quam
1124 1468 1294 1493 nasceretur.
1312 1466 1346 1493 Et
1362 1469 1516 1503 antequam
1534 1466 1628 1494 eoeircs
1643 1467 1677 1494 (le
1691 1467 1789 1500 vulva,
1804 1476 1873 1496 san-

1025 1512 1152 1548 ctificavi
1173 1516 1207 1546 te,
1222 1513 1288 1549 quia
1301 1512 1367 1541 dicit
1385 1512 1557 1541 Bernardus:
1578 1514 1664 1541 «Fuit
1680 1515 1774 1550 procul
1790 1515 1873 1543 dubio

1026 1560 1110 1587 Mater
1133 1559 1239 1588 Domini
1269 1563 1332 1588 ante
1360 1563 1453 1588 sancta
1475 1568 1557 1596 quam
1581 1564 1644 1589 nata
1658 1572 1685 1595 ”3
1708 1565 1734 1590 et
1759 1562 1872 1598 dignum

1025 1607 1077 1635 fuit
1098 1610 1125 1635 et
1146 1607 1260 1640 iustum,
1283 1607 1348 1643 quia
1369 1607 1427 1643 ipsa
1448 1607 1565 1636 debebat
1586 1616 1645 1636 esse
1667 1609 1871 1645 receptaculum

1026 1654 1110 1682 totius
1132 1654 1287 1687 Trinitatis,
1311 1654 1521 1682 tabernaculum
1538 1655 1593 1682 Filii
1612 1655 1667 1683 Dei.
1688 1655 1718 1683 Et
1737 1655 1796 1684 ideo
1817 1663 1873 1684 1110-

1026 1701 1080 1729 rito
1110 1700 1205 1729 debuit
1233 1700 1414 1734 sanctificari;
1442 1701 1580 1730 Psalmus:
1604 1702 1803 1738 Sanctificavit
1831 1706 1873 1730 ta-

1027 1747 1219 1776 bernaculam
1233 1756 1320 1775 suani
1340 1749 1360 1775 A
1368 1747 1528 1781 [tissimus;
1550 1752 1576 1777 et
1592 1749 1643 1777 suit
1664 1749 1832 1778 sanctificata
1847 1750 1872 1777 in

1027 1798 1107 1823 utero
1130 1795 1225 1823 matris
1246 1795 1337 1823 statim
1361 1799 1422 1831 post
1443 1796 1549 1824 animae
1574 1804 1640 1827 suae
1661 1796 1825 1825 infusionem
1848 1801 1874 1825 01

1027 1842 1156 1870 unionem
1178 1850 1241 1870 cum
1264 1850 1314 1871 suo
1336 1850 1467 1878 corpore,
1490 1846 1517 1871 et
1530 1843 1581 1871 hoc
1604 1843 1630 1871 in
1653 1843 1804 1879 (solatium)
1826 1851 1874 1871 no-

1027 1892 1126 1917 strum.
1140 1906 1176 1909 -
1188 1889 1336 1923 Carissimi,
1349 1897 1398 1918 nos
1412 1890 1484 1918 enim
1498 1893 1654 1926 peccatores
1669 1893 1696 1918 et
1710 1890 1812 1924 miseri,
1824 1898 1874 1918 nos

1028 1936 1143 1972 profani,
1165 1936 1212 1973 qui
1234 1944 1331 1965 sumus
1346 1937 1422 1973 egeni
1440 1940 1466 1965 et
1482 1937 1590 1971 miseri,
1605 1937 1738 1966 debemus
1753 1937 1784 1965 ad
1802 1937 1873 1965 illam

1028 1991 1176 2012 recurrere
1199 1992 1248 2020 pro
1270 1984 1357 2020 gratia
1380 1984 1570 2020 recuperanda
1591 1988 1617 2012 01
1640 1984 1773 2012 habenda.
1790 1984 1874 2013 Habe-

1028 2038 1091 2058 mus
1106 2030 1178 2059 enim
1195 2031 1282 2067 ipsam
1299 2031 1506 2067 receptaculum
1525 2031 1677 2059 sanctitatis
1699 2035 1725 2059 et
1739 2031 1771 2059 ad
1788 2032 1873 2068 ipsam

1027 2078 1164 2106 habemus
1186 2077 1332 2114 refugium.

1106 2124 1230 2153 Secundo
1251 2124 1327 2159 dico,
1349 2125 1422 2162 quod
1445 2125 1496 2153 fuit
1517 2126 1544 2153 111
1563 2133 1594 2154 03
1615 2126 1704 2154 01111115
1724 2126 1875 2154 sanctitatis

1026 2171 1176 2209 specula-in
1195 2171 1403 2208 praeclarum,
1427 2175 1498 2201 utet
1520 2172 1570 2208 ipsi
1593 2176 1729 2209 competat
1744 2173 1812 2201 illud
1828 2173 1874 2201 Ec-

1027 2219 1168 2248 clesiastici
1185 2220 1210 2247 G:
1237 2219 1345 2247 Gratia
1366 2228 1455 2256 super
1481 2220 1625 2256 ⁴qratiam,
1648 2220 1753 2248 mulier
1771 2224 1875 2248 sancta

1027 2270 1052 2295 et
1069 2267 1230 2304 pudorata.
1253 2266 1358 2295 Mulier
1378 2271 1484 2295 saneta
1504 2267 1557 2295 fuit
1582 2267 1659 2295 beata
1682 2268 1781 2304 Virgo,
1810 2268 1875 2304 quia

1027 2317 1120 2342 sancta
1142 2313 1194 2342 fuit
1216 2314 1333 2342 interius
1356 2314 1381 2342 in
1415 2317 1505 2342 niente
1534 2316 1561 2342 et
1582 2314 1708 2343 exterius
1730 2315 1755 2342 in
1778 2322 1873 2349 carne,

1027 2364 1054 2389 et
1075 2364 1150 2389 tanta
1171 2361 1326 2389 sanctitudo
1354 2365 1381 2389 et
1406 2361 1494 2397 gratia
1520 2361 1571 2389 suit
1592 2361 1618 2389 in
1651 2369 1699 2395 ea,
1721 2365 1752 2389 ut
1780 2370 1875 2390 omnes

1026 2408 1149 2437 alliceret
1170 2408 1203 2436 ad
1225 2408 1441 2445 pulcritudinem
1464 2408 1624 2437 sanctitatis.
1647 2408 1710 2436 Erat
1732 2409 1804 2437 enim
1834 2409 1874 2437 in—

1027 2454 1150 2483 credibili
1175 2454 1361 2491 pulcritudine
1383 2458 1410 2483 et
1430 2455 1553 2483 omnium
1577 2455 1665 2483 oculis
1686 2455 1821 2491 gratiosa,
1844 2459 1874 2484 ut

1028 2501 1077 2530 sibi
1100 2501 1198 2530 merito
1220 2505 1357 2538 competat
1379 2502 1444 2530 illud
1468 2502 1584 2530 verbum
1613 2502 1747 2538 Apostoli:
1771 2502 1875 2530 Mulier

1028 2549 1154 2586 innupta
1175 2553 1200 2577 ct
1221 2549 1305 2586 viryo
1320 2549 1437 2586 cogitat,
1453 2550 1596 2587 quomodo
1611 2550 1660 2578 soli
1679 2549 1796 2587 placeat
1820 2550 1874 2578 Deo

1029 2604 1077 2632 per
1099 2596 1341 2625 sanctificationem
1364 2604 1441 2624 suam
1457 2600 1484 2625 et
1499 2596 1670 2625 munditiam.
1687 2597 1792 2625 Mulier
1808 2597 1873 2625 11300

189 2735 196 2747 ¹
215 2736 343 2763 Respicitur
360 2736 430 2758 Exod.
451 2737 484 2763 13,
503 2737 542 2763 r153
560 2743 579 2759 c.
598 2737 635 2764 34,
654 2738 689 2759 NJ.
707 2741 729 2760 et
746 2738 800 2760 Lev.
819 2739 856 2765 ⁴2,
872 2739 894 2760 2.
906 2745 971 2767 seqq.

189 2772 197 2786 ²
216 2774 344 2801 Respicitur
361 2775 414 2796 Luc.
433 2776 455 2801 2,
472 2776 509 2797 22.
526 2781 590 2804 seqq.

190 2811 198 2824 ³
218 2814 239 2834 ln
257 2813 308 2835 cod.
327 2813 434 2835 Trecensi
457 2814 616 2841 praecedentia
642 2815 724 2837 clarius
747 2816 887 2838 indicantur:
909 2825 918 2836 a
931 2817 971 2838 Hic

127 2854 224 2879 possunt
241 2852 287 2874 duo
305 2852 386 2880 notari,
404 2853 488 2874 scilicet
505 2854 630 2880 praesentis
650 2854 697 2876 sesti
715 2854 829 2882 materia,
848 2855 886 2877 uhi
904 2855 970 2877 dicit:

129 2890 180 2912 Uiia
197 2889 326 2918 oblatione;
343 2894 365 2913 et
382 2891 455 2918 ipsius
472 2892 520 2913 sesti
539 2897 624 2919 causa,
637 2892 675 2914 ubi
688 2894 909 2916 consummationem
922 2900 972 2915 san-

128 2929 271 2952 ctificationis
288 2930 366 2957 tangit.
384 2930 474 2952 Materia
492 2933 568 2952 autem
586 2931 677 2959 duplex,
695 2931 779 2954 scilicet
796 2931 881 2955 oblatio
895 2932 971 2955 Prolis

128 2971 150 2990 et
165 2968 300 2998 purificatio
313 2968 413 2997 Matris;
425 2971 447 2991 et
461 2969 588 2992 secundum
603 2971 645 2992 lioc
662 2970 730 2992 etiam
743 2976 816 2994 causa
829 2971 921 2999 duplex,
932 2972 972 2994 sci-

222 3017 248 3037 5.
265 3016 357 3038 Bonae.
373 3028 402 3032 —-
416 3016 485 3037 Tom.
500 3017 538 3038 lx.

1028 2739 1079 2761 licet
1097 2742 1120 2761 ut
1137 2739 1160 2761 in
1177 2738 1291 2761 oblatione
1309 2739 1380 2760 Prolis
1397 2738 1531 2761 ostendatur
1548 2738 1603 2768 finis
1623 2738 1735 2768 sacrificii?
1751 2739 1837 2766 legalis
1852 2739 1873 2760 in

1029 2778 1187 2805 purificatione
1204 2778 1280 2800 Matris
1297 2778 1363 2799 detur
1380 2778 1459 2807 sci-iiia
1483 2777 1676 2807 sanctificationis
1689 2786 1710 2799 n.
1729 2777 1813 2799 Similia
1836 2779 1873 2799 lia-

1028 2816 1111 2838 bentur
1130 2817 1151 2838 in
1169 2823 1275 2838 sermone
1293 2817 1452 2844 praecedente.

1090 2855 1099 2866 ‘¹
1118 2855 1176 2877 Vide
1193 2861 1263 2883 supra
1282 2861 1334 2882 pag.
1348 2856 1400 2882 503,
1413 2858 1491 2877 uotam
1504 2855 1530 2882 7;
1543 2855 1647 2883 seqnitur
1660 2856 1712 2877 Lex.
1730 2856 1763 2882 12,
1776 2856 1797 2878 2.
1809 2862 1873 2884 seqq.

1092 2893 1100 2906 ⁵
1118 2893 1173 2921 Cap.
1193 2894 1212 2921 i,
1230 2894 1256 2921 53
1273 2897 1402 2921 sequuntur
1420 2893 1537 2920 nerum-d„
1556 2894 1625 2921 Epist.
1648 2894 1696 2915 171.
1720 2901 1742 2916 n.
1762 2895 1783 2916 5.
1801 2897 1822 2917 01
1839 2895 1874 2917 Ρ5.

1030 2933 1066 2959 45,
1084 2933 1104 2954 li.

1092 2970 1101 2982 ⁰
1118 2970 1173 2999 Cap.
1191 2971 1228 2999 26,
1247 2971 1288 3000 49;
1306 2971 1410 2999 sequitur
1428 2973 1442 2993 1.
1459 2971 1510 2993 Cor.
1529 2971 1551 2998 7,
1570 2971 1605 2994 3li.
1625 2972 1662 2994 32.

1751 3020 1775 3040 81

1889 673 2004 692 subdivisio.

1900 1096 1921 1113 B.
1936 1096 1994 1114 Mai-ia

1892 1119 1952 1142 primu
1966 1120 2001 1138 suit

1897 1143 2000 1161 sanetifica-

1898 1166 1953 1184 tionis
1966 1171 1994 1185 re-

1885 1190 2009 1213 cepiacnlum.

1892 1895 1984 1914 noriano.

1903 2131 1996 2158 Secuiido,

1897 2156 2002 2172 sanctitatis

1899 2178 2002 2201 speculum.
