2243 3348
16 963 56 981 ntra
69 962 102 980 im-

12 986 103 1005 tiontiam.

13 1525 107 1544 slll.Pas-

13 1554 18 1567 i
30 1551 58 1568 est
71 1554 105 1573 pro

0 1578 3 1595 ε
13 1572 106 1599 ὴίειρθῐῦ-

0 1595 64 1617 lindis.

14 1625 18 1638 i
29 1619 53 1638 de
65 1619 107 1638 imi-

12 1648 48 1685 on?¹
54 1643 107 1662 Chri·

0 1683 2 1689 ,
25 1671 33 1685 ε
43 1672 56 1685 1.

14 1906 22 1920 e
34 1901 100 1926 primo.

675 175 833 204 DOMlNlCA
855 176 883 204 ΙΙ.
907 176 988 205 POST
1010 177 1138 206 PASCHA.
1161 178 1270 207 SERMO
1292 180 1319 207 ll.

122 254 305 282 tentationem
336 253 398 282 idco
426 253 562 290 permisit
594 252 736 280 Dominus
765 253 877 281 evenire
906 253 966 287 illi,

121 304 155 329 ut
173 300 298 337 posteris
318 300 442 328 daretur
463 299 623 336 exemplum
646 298 821 335 patientiae,
843 299 919 327 sicat
943 302 968 327 et

120 347 217 376 sancti
231 346 279 375 Iob
288 357 298 380 ;
320 347 363 375 cui
379 347 461 375 etiam
483 346 509 374 in
527 346 577 374 hac
593 346 648 374 vita
662 345 769 373 reddita
783 349 852 374 sant
867 345 968 373 omnia

120 394 260 431 duplicia.
274 393 324 422 Sed
339 401 373 421 ne
385 393 485 429 aliquis
499 394 675 429 exspectaret
686 391 860 420 remunerari
875 391 902 419 in
916 392 967 420 hac

121 441 192 474 vita,
214 440 274 469 ideo
296 440 403 469 subdit:
426 443 451 467 et
470 438 556 476 finem
574 438 693 467 Domini
712 438 841 472 vidistis,
857 438 904 475 qui
920 446 967 467 us—

120 495 175 524 que
196 487 229 515 ad
251 489 367 515 mortem
390 485 536 523 pugnavit;
560 485 587 513 in
609 493 665 522 quo
686 484 760 513 dedit
774 484 853 513 nobis
875 492 967 513 exem-

120 534 196 571 plum
219 533 448 570 longanimitatis,
470 533 535 569 quia
557 532 700 561 moriendo
720 532 919 568 triumphavit;
940 535 967 560 et

119 584 267 618 propterea
281 580 339 616 ipse
353 579 419 608 dicit
435 580 540 607 loannis
554 579 660 607 decimo
675 581 755 607 sexto
768 580 775 595 ¹
788 589 793 606 :
807 579 841 606 In
856 578 966 607 mundo

116 635 291 664 pressuram
315 625 471 659 ltabebitis,·
491 626 542 654 sed
562 625 711 661 considite,
733 634 783 662 eqo
806 625 863 653 vici
880 633 966 653 mun-

119 674 199 703 dam.
222 673 315 702 Nolite
336 673 433 711 itaque
448 673 579 701 amittere
599 672 805 709 confidentiam
826 675 966 705 vestram,

119 729 194 759 quae
222 729 363 758 magynam
392 719 475 748 babet
502 719 783 752 remunerationem,
812 719 965 747 secundum

119 767 192 804 quod
214 767 316 796 dicitur
337 767 371 795 ad
392 767 529 795 Hebraeos
558 766 678 795 decimo:
709 765 859 794 Patientia
886 765 967 794 vobis

118 814 287 843 necessaria
308 817 364 847 est,
386 817 418 841 ut
439 813 615 841 voluntatem
639 813 689 841 Dei
707 811 847 850 facientes
867 821 968 849 repor-

120 861 182 889 tetis
200 861 434 898 promissionem.
461 860 624 894 Patientia,
647 860 752 897 inquit,
774 863 814 887 est
838 867 968 887 necessa-

119 908 183 942 ria,
205 911 232 937 et
253 908 374 936 maxime
396 908 423 936 in
446 911 569 944 tempore
591 907 761 936 necessitatis
782 907 825 935 vel
847 906 968 935 adversi-

119 955 191 984 tatis.
207 972 245 976 -
259 955 309 983 Sed
326 955 404 983 multi
420 955 447 983 in
462 954 645 991 prosperitate
667 954 796 982 videntur
817 953 968 990 patientes,

119 1003 165 1040 qui
188 1002 299 1031 omnino
320 1002 494 1038 impatientes
522 1001 682 1030 efficiuntur
711 1009 762 1037 pro
793 1001 912 1033 modico,
935 1000 969 1028 de

119 1057 240 1086 quorum
256 1049 379 1086 quolibet
394 1052 483 1086 potest
497 1049 550 1077 dici
572 1048 639 1077 illud
657 1048 701 1077 lob
715 1051 816 1085 quarto
831 1048 842 1064 2
852 1059 857 1075 :
882 1048 967 1081 Ecce,

119 1097 245 1125 docuisti
264 1096 370 1124 multos
391 1100 417 1124 et
438 1104 546 1124 manus
568 1095 664 1124 lassas
692 1095 856 1128 roborasti,
878 1094 977 1123 vacil-‚

119 1143 211 1171 lantes
232 1142 483 1179 confirmaverunt
503 1151 650 1171 sermones
672 1142 724 1175 tui,
748 1146 773 1170 et
793 1150 891 1179 gyenua
913 1145 968 1169 tre-

119 1191 228 1218 mentia
239 1189 415 1227 confortasti
421 1200 431 1223 ;
441 1198 520 1217 nunc
532 1193 628 1217 autem
642 1189 717 1217 venit
729 1197 819 1225 super
831 1192 855 1217 te
863 1188 967 1226 playa,

118 1240 143 1265 et
164 1235 294 1273 defecisti
313 1241 338 1265 et
359 1236 551 1265 conturbatus
573 1245 601 1264 cs
615 1239 666 1265 etc.
684 1237 715 1263 At
736 1244 790 1264 non
813 1236 879 1264 tales
895 1235 966 1264 servi

119 1283 237 1318 Christi,
258 1284 292 1312 de
307 1283 409 1320 quihus
424 1283 456 1311 ad
473 1284 607 1312 Romanos
628 1286 740 1311 octavo:
758 1283 830 1318 Quis
845 1290 967 1310 accusa-

119 1330 159 1359 bit
179 1331 323 1359 adversus
344 1330 442 1358 electos
459 1330 529 1358 Dei?
547 1330 639 1363 Dens,
655 1330 707 1367 qui
728 1329 886 1365 iustificat,
902 1329 968 1367 quis

117 1381 157 1406 est
172 1378 224 1416 qui
237 1377 423 1406 condemnet?
446 1385 550 1414 usque:
570 1385 589 1405 a
603 1377 727 1405 caritate
744 1376 810 1410 Dei,
832 1385 907 1414 quae
928 1380 967 1404 est

118 1423 150 1452 in
172 1423 285 1453 Christo
308 1425 390 1458 lesu,
415 1424 536 1452 Domino
558 1428 666 1452 nostro.

198 1472 236 1500 lll.
253 1471 278 1500 Si
294 1479 360 1508 ergo
372 1471 481 1508 purgati
498 1479 595 1500 sumus
606 1479 656 1507 per
667 1470 819 1499 dominicae
834 1470 968 1507 passionis

117 1519 237 1556 pretium
254 1522 281 1547 et
302 1519 448 1547 illuminati
464 1526 513 1555 per
535 1518 595 1547 eius
610 1518 787 1554 exemplum,
810 1518 877 1546 nihil
893 1517 967 1546 aliud

119 1569 217 1600 restat,
232 1566 284 1595 nisi
299 1569 331 1594 ut
344 1574 506 1604 sequamur
521 1565 643 1602 oestiyia
657 1565 734 1599 eius,
749 1565 913 1593 deducentia
934 1564 967 1593 ad

119 1613 314 1650 perfectionem
330 1620 418 1641 suam.
435 1612 485 1641 Sed
501 1612 698 1641 attendendum
717 1615 774 1645 est,
797 1612 871 1648 quod
886 1619 968 1649 quae—

118 1660 182 1689 dam
207 1660 319 1697 vestigia
340 1659 417 1697 sequi
440 1662 481 1688 est
499 1663 776 1696 praesumtuosum,
799 1659 870 1687 sicut
885 1659 967 1687 vesti—

118 1707 162 1744 gia
183 1707 360 1736 sublimitatis
381 1707 534 1743 potentiae,
556 1706 690 1743 quaedam
707 1706 785 1743 sequi
807 1709 848 1734 est
870 1706 967 1734 curio-

117 1763 201 1788 sum,
217 1754 289 1782 sicut
304 1754 418 1791 vestigia
433 1753 628 1790 profunditatis
649 1753 814 1790 sapientiae3
831 1753 965 1790 quaedam

118 1802 195 1839 sequi
218 1804 259 1830 est
286 1801 466 1838 yterio-sum,
495 1801 567 1831 sicut
588 1801 702 1838 vestigia
731 1800 899 1829 infirmitatis
924 1808 966 1829 as-

118 1850 233 1877 sumtae.
247 1847 322 1876 Unde
332 1840 390 1876 'non
406 1847 439 1876 de
454 1848 583 1876 omnibus
598 1847 681 1876 hahet
693 1847 860 1884 praecedens
875 1855 967 1876 sermo

118 1895 248 1932 intelligi,
270 1895 317 1924 sed
338 1895 372 1923 de
393 1895 515 1932 vestigiis
530 1895 671 1932 passionis.
695 1911 731 1915 —-
754 1895 879 1932 Vestiyia
899 1894 966 1923 sub-

119 1943 252 1972 limitatis
270 1942 414 1980 potentiae
436 1942 513 1979 sequi
539 1945 580 1971 est
599 1946 878 1979 praesumtuosum,
901 1942 967 1978 quia

118 1998 172 2019 non
202 1994 267 2019 sunt
288 1990 435 2023 imitanda,
458 1989 504 2018 sed
527 1989 701 2023 adoranda,
724 1989 876 2018 secundum
899 1989 965 2018 illud

119 2037 202 2066 Isaiae
224 2037 396 2074 sexagesimo
411 2037 438 2065 ³:
463 2038 497 2065 Et
518 2037 688 2065 adorabunt
708 2036 831 2073 oestiyia
858 2036 966 2073 pedum

119 2088 239 2113 tuorum
253 2093 359 2118 omnes,
375 2084 428 2122 qui
440 2083 630 2113 detrahebant
645 2083 705 2118 tibi,
722 2084 747 2111 id
763 2087 813 2117 est,
825 2084 872 2120 qui
889 2083 967 2120 prius

118 2131 304 2169 despiciebant
319 2134 345 2160 te
360 2132 387 2160 in
403 2135 476 2160 statu
488 2131 623 2168 passionis
638 2134 664 2159 et
680 2131 848 2159 Infirmitatis
863 2139 968 2159 assum-

118 2182 162 2208 tae
180 2179 349 2208 adorabunt
370 2183 410 2213 te,
433 2179 459 2207 in
481 2182 555 2208 statu
571 2178 783 2207 resurrectionis
801 2181 828 2207 et
847 2178 966 2215 gloriae,

118 2227 270 2256 secundum
286 2226 360 2263 quod
375 2227 440 2255 dicit
454 2226 599 2263 Apostolus
614 2226 647 2254 ad
662 2225 851 2262 Philippenses
869 2233 967 2255 secun-

118 2273 168 2302 do:
193 2274 317 2310 Propter
338 2274 415 2312 quod
440 2278 464 2302 et
488 2274 564 2301 Deus
588 2272 729 2301 exaltavit
756 2272 839 2301 illum
865 2276 890 2301 et
917 2273 966 2301 do-

118 2320 202 2348 navit
222 2320 266 2348 illi
282 2329 401 2354 nomen,
416 2321 493 2358 quod
514 2323 657 2356 estsuper
672 2327 754 2347 omne
769 2327 880 2347 nomen.
898 2319 966 2348 Haec

120 2367 234 2403 vestigia
256 2375 309 2395 non
336 2370 376 2395 est
404 2369 493 2395 tutum
521 2366 636 2399 imitari,
662 2366 709 2394 sed
731 2366 872 2399 venerari,
901 2366 967 2402 quia

119 2413 253 2450 scriptum
275 2416 332 2441 est:
351 2413 507 2441 Dominum
529 2413 619 2441 Deum
641 2412 782 2441 adorabis
804 2416 828 2440 et
850 2412 893 2440 illi
913 2412 968 2440 soli

118 2460 233 2488 servies.
256 2460 307 2489 Sed
329 2460 549 2497 praesumtuosi,
572 2460 618 2497 qui
643 2460 738 2488 volunt
766 2460 800 2487 ab
822 2459 882 2488 aliis
902 2459 966 2488 ado-

120 2506 192 2540 rari,
216 2507 311 2535 volunt
340 2507 407 2535 haec
428 2507 544 2543 vestigia
572 2507 687 2540 imitari,
714 2506 786 2535 sicut
810 2506 911 2540 Antan,
933 2506 967 2535 de

119 2561 175 2590 quo
198 2554 295 2582 Esther
317 2554 398 2582 tertio
412 2555 439 2581 4:
464 2554 568 2582 Cuncti
588 2554 667 2582 servi
687 2553 781 2590 rcyis,
802 2554 854 2592 qui
874 2554 905 2582 in
927 2553 967 2590 fo-

119 2600 203 2629 ribus
222 2600 331 2637 palatii
345 2601 550 2634 versabantur,
567 2600 717 2637 flectebant
732 2609 830 2638 genua
851 2604 877 2629 et
897 2601 966 2629 ado-

119 2647 229 2676 rabant
247 2649 354 2676 Aman.
378 2648 462 2676 Solus
484 2651 575 2677 autem
593 2647 806 2677 tlsardochaeus
821 2657 879 2676 non
901 2649 968 2677 ado-

1805 189 1860 216 ⁶299

1024 254 1113 282 rabat
1132 263 1206 283 enm.
1230 256 1261 284 Et
1276 257 1409 285 rationem
1425 258 1509 287 huius
1530 259 1587 295 ipse
1605 260 1693 288 reddit
1714 261 1798 290 infra:
1820 264 1862 291 Tu

1022 300 1095 334 scis,
1118 301 1244 334 Domine,
1266 302 1338 339 qnia
1351 311 1410 331 non
1425 312 1481 339 pro
1495 305 1634 341 superbia
1654 310 1678 334 ct
1692 309 1864 337 contumelia

1023 345 1076 374 ltoc
1096 346 1232 383 fecerim,
1255 352 1286 375 ut
1307 357 1365 376 non
1393 350 1549 378 adorarem
1574 353 1671 380 Aman
1691 354 1863 389 superbissi-

1023 400 1102 420 mum
1110 403 1120 426 ,·
1136 393 1252 422 libenter
1267 395 1343 423 enim
1354 403 1411 431 pro
1425 396 1519 424 salute
1533 398 1627 426 Israel
1643 399 1729 427 etiam
1743 401 1865 437 vestigyia

1020 439 1129 475 pedum
1150 440 1213 468 eins
1234 441 1400 470 deosculari
1417 448 1546 479 paratus
1567 453 1664 473 essem.
1687 446 1717 473 Et
1739 447 1864 483 sequitur

1023 489 1097 522 post,
1119 487 1192 523 quod
1214 487 1412 517 Mardochaeus
1433 490 1499 518 vicit
1519 494 1546 519 et
1566 492 1704 521 exaltatus
1718 496 1767 526 est,
1783 494 1865 521 Aman

1023 540 1089 561 vero
1111 533 1327 569 superbissimus
1347 535 1469 565 deiectus
1497 539 1524 565 et
1549 546 1708 575 suspensus
1733 540 1764 568 in
1788 540 1865 577 pati-

1023 579 1097 607 bulo.

1111 626 1234 663 Vestiyia
1246 627 1463 664 profunditatis
1476 631 1636 667 sapientiae
1657 633 1733 670 sequi
1755 637 1796 662 est
1816 642 1865 662 cu-

1023 680 1148 706 riosam,
1164 681 1229 709 quia
1244 681 1298 701 non
1313 677 1379 702 sunt
1392 675 1592 713 investiganda,
1608 679 1653 707 sed
1669 680 1864 715 admiranda,

1023 719 1176 747 secundum
1199 720 1272 756 quod
1294 720 1395 749 dicitur
1422 722 1448 749 in
1479 723 1582 752 Psalmo
1597 725 1623 752 ⁵:
1647 726 1680 753 ln
1709 727 1789 755 mari
1815 728 1865 756 ‘oia

1024 769 1077 793 tna
1098 768 1123 793 et
1143 766 1263 794 semitae
1285 770 1352 795 tuae
1377 768 1408 796 in
1435 769 1522 806 aquis
1550 771 1666 804 multis,
1694 775 1718 800 et
1745 774 1866 810 vestiyia

1024 816 1076 840 tua
1097 821 1156 840 non
1177 817 1393 850 cognosce-ntur.
1417 815 1470 843 Hoc
1497 816 1598 845 dicitur
1620 821 1732 854 propter
1754 820 1866 856 prosun-

1024 859 1136 888 ditatem
1158 859 1266 888 divinae
1294 861 1458 897 sapientiae,
1488 863 1567 891 cuius
1588 864 1647 893 viae
1672 869 1737 893 sunt
1757 866 1867 894 investi-

1024 905 1143 942 gabiles,
1166 906 1319 934 secundum
1342 907 1415 943 quod
1437 907 1538 936 dicitur
1567 909 1599 937 ad
1622 910 1755 939 Romanos
1782 912 1867 940 unde-

1025 952 1111 981 cimo.-
1137 952 1159 980 0
1181 952 1305 981 altitudo
1320 953 1493 982 divitiarum
1509 955 1670 992 sapientiae
1691 961 1716 984 et
1733 958 1868 986 scientiae

1027 1000 1094 1028 Dei!
1116 1008 1204 1038 quam
1227 1000 1530 1037 incomprehensibilia
1544 1007 1614 1030 sant
1635 1003 1747 1032 iudicia
1768 1005 1830 1032 eius
1844 1009 1869 1033 et

1025 1046 1238 1083 investigyabiles
1259 1046 1324 1075 viae
1351 1047 1431 1075 eius!
1460 1048 1491 1076 Et
1517 1052 1629 1085 propter
1651 1050 1702 1078 hoc
1727 1050 1868 1079 deridetur

1026 1094 1067 1122 vir
1082 1094 1226 1127 curiosus,
1248 1094 1295 1131 qui
1312 1094 1372 1122 vult
1386 1094 1494 1123 divinae
1509 1096 1658 1132 sapientiae
1679 1098 1793 1134 vestigia
1807 1106 1869 1135 per-

1025 1141 1160 1175 scrutari,
1184 1141 1229 1169 lob
1250 1141 1412 1169 undecimo:
1437 1142 1591 1176 Forsitan,
1621 1143 1725 1180 inquit,
1748 1145 1869 1182 vestigia

1027 1187 1078 1215 Dei
1109 1186 1330 1224 comprehendes
1359 1191 1383 1215 et
1405 1196 1496 1226 usque
1521 1189 1560 1217 ad
1584 1189 1746 1226 perfectum
1771 1191 1868 1219 Omni-

1023 1238 1162 1271 potentem
1185 1234 1331 1271 reperies?
1353 1235 1430 1271 quasi
1453 1235 1537 1263 dicat:
1562 1237 1638 1265 nullo
1660 1237 1754 1272 modo;
1775 1247 1810 1266 ne
1828 1238 1869 1266 la-

1025 1281 1140 1315 boretis,
1156 1290 1215 1309 non
1230 1282 1306 1309 enim
1321 1281 1566 1318 comprehendetis
1577 1284 1596 1311 ⁶.
1612 1284 1663 1320 Qui
1679 1285 1752 1312 enim
1767 1285 1870 1322 aliquid

1024 1328 1057 1357 de
1080 1328 1218 1365 mysteriis
1239 1328 1339 1357 divinis
1360 1329 1420 1357 vult
1440 1330 1649 1366 apprehendere
1669 1331 1750 1360 debet
1764 1331 1869 1366 facere,

1025 1376 1177 1405 secundnm
1193 1376 1266 1413 quod
1289 1376 1435 1405 erudimur
1457 1377 1482 1405 in
1501 1378 1572 1405 Ruth
1594 1378 1714 1407 secundo
1730 1379 1749 1412 ⁷,
1772 1379 1817 1407 uhi
1833 1379 1870 1407 di-

1024 1423 1112 1452 citur:
1130 1424 1263 1460 Rogavit,
1278 1427 1312 1451 ut
1325 1416 1423 1460 spicas
1439 1424 1581 1461 colliyeret
1592 1429 1783 1460 remanentes,
1799 1434 1869 1461 ecce,

1024 1470 1157 1499 orationis
1171 1470 1302 1504 aviditas;
1324 1479 1444 1508 sequens
1458 1480 1620 1500 messorum
1637 1473 1773 1510 cestigjia,
1790 1474 1814 1502 id
1830 1477 1871 1502 est

1024 1517 1169 1546 doctorum
1192 1521 1367 1552 sanctorum,
1390 1518 1589 1555 Prophetarum
1616 1523 1642 1548 et
1663 1520 1869 1557 Apostolorum,

1024 1573 1102 1598 ecce,
1125 1565 1312 1602 inquisitionis
1333 1566 1490 1600 humilitas,
1513 1570 1537 1594 et
1565 1575 1600 1595 ne
1627 1568 1667 1595 ad
1694 1572 1869 1597 momentum

1024 1612 1141 1650 quidem
1161 1613 1281 1640 domum
1301 1621 1420 1641 reversa
1435 1617 1490 1647 est,
1506 1621 1583 1648 ecce,
1606 1614 1688 1643 studii
1709 1615 1869 1650 assiduitas,

1024 1658 1090 1695 quia
1111 1659 1187 1687 nulla
1207 1659 1278 1693 otia,
1300 1667 1372 1696 qnae
1393 1659 1600 1688 intervenerant
1614 1660 1634 1694 3,
1656 1660 1789 1689 discerno.

1109 1706 1235 1743 Vestiyia
1264 1709 1374 1735 nostrae
1402 1706 1587 1743 infirmitatis
1615 1712 1763 1736 assumtae
1791 1709 1867 1745 sequi

1024 1756 1064 1781 est
1084 1753 1265 1790 9loriosum;
1288 1754 1355 1782 haec
1376 1753 1448 1782 enim
1471 1762 1524 1782 non
1541 1757 1606 1783 sunt
1626 1755 1799 1789 declaranda,
1822 1756 1868 1784 sed

1023 1800 1185 1833 imitanda;
1207 1809 1319 1838 magna
1333 1801 1405 1829 enim
1420 1801 1519 1838 yloria
1533 1805 1573 1829 est
1586 1802 1668 1839 sequi
1683 1802 1837 1830 Dominum
1849 1802 1868 1830 ⁹.

1022 1847 1098 1876 Unde
1121 1847 1166 1876 loh
1188 1847 1320 1884 vigesimo
1342 1848 1441 1877 tertio:
1470 1849 1596 1886 Vestigyia
1617 1849 1679 1877 eius
1700 1852 1815 1877 secutas
1829 1853 1868 1877 est

1020 1902 1071 1931 pes
1092 1903 1184 1928 meas,
1205 1894 1286 1923 viam
1307 1895 1370 1923 eius
1391 1895 1536 1924 custodivi
1556 1899 1580 1924 et
1600 1904 1658 1924 non
1679 1895 1822 1924 declinavi
1835 1905 1869 1924 eac

1023 1950 1065 1969 ea.
1089 1941 1120 1970 Et
1142 1944 1290 1978 propterea
1308 1942 1405 1971 beatus
1428 1943 1473 1971 lob
1488 1943 1696 1972 commendatur
1717 1951 1733 1971 a
1754 1943 1869 1971 Domino

1023 1992 1154 2025 tanquam
1176 1989 1299 2026 simplex
1321 1993 1347 2018 et
1367 1993 1463 2018 rectus
1485 1999 1520 2018 ac
1542 1990 1645 2018 timens
1668 1990 1756 2018 Deum
1779 1994 1804 2018 et
1825 1999 1868 2018 re-

1023 2036 1123 2064 cedens
1144 2045 1163 2064 a
1185 2036 1281 2070 malo;
1302 2040 1329 2065 et
1351 2041 1427 2073 post:
1450 2036 1555 2065 Adbuc
1584 2038 1709 2066 retinens
1737 2038 1869 2065 innocen-

1024 2083 1104 2111 tiam.
1135 2083 1172 2112 Ab
1201 2083 1244 2112 his
1273 2084 1394 2121 vestigiis
1422 2084 1580 2113 nullatenus
1608 2084 1745 2113 declinare
1770 2084 1869 2113 dehent

1024 2130 1075 2158 viri
1098 2131 1200 2165 sancti,
1224 2131 1301 2160 losue
1316 2131 1449 2168 vigesimo
1464 2131 1584 2160 secundo
1600 2132 1636 2159 ¹⁰:
1659 2131 1740 2159 Absit
1755 2140 1774 2159 a
1788 2131 1870 2159 nobis

1023 2176 1075 2205 ltoc
1093 2177 1203 2211 scelus,
1226 2181 1258 2206 ut
1279 2178 1451 2207 recedamus
1473 2187 1491 2206 a
1516 2179 1637 2206 Domino
1659 2182 1683 2206 et
1704 2178 1765 2206 cius
1787 2178 1868 2206 oesti-

1021 2224 1074 2262 9ia
1095 2224 1307 2262 relinquamus.
1331 2225 1356 2253 Si
1379 2233 1445 2262 ergo
1466 2225 1595 2254 volumus
1616 2225 1638 2253 ei
1668 2225 1818 2253 adhaerere
1842 2228 1869 2253 et

1023 2272 1056 2300 ad
1072 2280 1135 2301 eum
1151 2272 1312 2309 pervenire,
1328 2280 1439 2301 necesse
1454 2273 1589 2301 hahemus
1610 2280 1658 2309 per
1676 2273 1735 2301 eius
1757 2272 1869 2308 vestigia

1023 2319 1180 2353 ambulare,
1202 2322 1229 2348 et
1249 2319 1270 2348 si
1294 2320 1357 2353 hoc,
1380 2320 1566 2348 necessarium
1589 2322 1630 2348 est
1658 2319 1735 2347 nobis
1758 2319 1801 2346 illa
1824 2326 1868 2347 ve-

1024 2367 1104 2403 stigia
1125 2374 1213 2395 nosse.

1104 2413 1249 2442 Sciendum
1273 2413 1374 2450 igitur,
1396 2414 1470 2450 quod
1493 2413 1605 2450 vestigia
1631 2413 1763 2449 passionis
1783 2413 1870 2441 domi-

1024 2461 1113 2494 nicae,
1136 2468 1207 2497 quae
1229 2460 1362 2489 Dominus
1384 2460 1522 2497 impressit
1551 2460 1577 2488 in
1599 2460 1642 2488 via
1664 2460 1744 2488 eundi
1767 2459 1799 2487 ad
1822 2467 1868 2495 pa-

1024 2507 1122 2541 triam,
1155 2510 1220 2535 sunt
1252 2507 1305 2535 tria
1336 2507 1489 2536 secundum
1523 2507 1657 2543 triplicem
1690 2506 1867 2535 consiliorum

1024 2554 1174 2583 scientiam.
1191 2570 1228 2574 —
1245 2554 1366 2582 Primum
1384 2554 1529 2590 vestigium
1551 2557 1592 2582 est
1614 2553 1759 2582 abdicatio
1782 2557 1868 2581 terre-

1023 2601 1126 2629 nitatis
1147 2601 1227 2629 iuxta
1248 2604 1343 2629 votum
1362 2601 1551 2638 paupertatis
1572 2600 1756 2634 voluntariae,
1778 2609 1793 2628 a
1815 2608 1869 2637 quo

1024 2648 1152 2685 quisquis
1166 2648 1257 2676 deviat
1277 2656 1331 2676 nou
1354 2651 1443 2684 potest
1458 2656 1521 2676 eum
1544 2648 1620 2685 sequi
1645 2647 1770 2684 perfecte.
1787 2648 1868 2681 Nam,

183 2818 191 2830 ¹
210 2818 275 2841 Vers.
293 2819 335 2845 333
352 2819 456 2847 sequitur
473 2819 543 2841 Hebr.
565 2820 603 2847 10,
622 2820 658 2842 33.
676 2823 698 2842 et
716 2821 752 2842 36.

183 2856 192 2869 2
210 2857 275 2879 Vers.
294 2857 346 2885 3-53
363 2858 467 2886 sequitur
484 2859 549 2880 Rom.
569 2859 594 2886 8,
612 2859 691 2881 33-39,

183 2895 192 2908 ³
210 2897 275 2918 Vers.
295 2896 335 2923 Ἰ154
353 2900 482 2926 sequnntur
499 2898 554 2920 Phil.
573 2899 600 2925 2,
618 2899 639 2921 9.
658 2901 680 2920 et
696 2899 773 2921 Manli.
791 2899 816 2925 t,
835 2900 871 2921 1³0.

183 2935 192 2947 4
210 2935 276 2958 Vers.

121 2976 142 2996 et
159 2980 179 2996 c.
196 2973 222 3002 7,
243 2974 275 2996 10.

294 2936 314 2957 2.
333 2939 354 2958 et
371 2936 423 2958 (lein
441 2943 461 2959 0.
479 2937 515 2963 13,
538 2938 571 2959 12.
588 2940 610 2959 et
627 2937 748 2965 respicitur
766 2944 784 2960 c.
804 2938 828 2966 6,
848 2938 884 2960 10.
902 2944 966 2966 seqq.

1087 2819 1095 2831 5
1114 2820 1194 2841 Psalm.
1214 2819 1251 2845 76,
1269 2819 1310 2846 203
1327 2821 1455 2847 sequnntur
1473 2819 1539 2840 Rom.
1561 2818 1594 2845 11,
1612 2818 1649 2840 33.
1667 2822 1688 2840 et
1707 2817 1744 2840 lob
1765 2819 1798 2844 ll,
1816 2818 1836 2839 7.

1087 2857 1095 2869 ’ἲ
1114 2858 1179 2879 Eccli.
1193 2857 1230 2886 43,
1242 2857 1280 2879 34.
1292 2869 1322 2873 —
1334 2858 1398 2885 Quae
1416 2859 1543 2885 sequuntur
1561 2857 1643 2879 desunt
1656 2857 1676 2878 in
1689 2857 1739 2879 cod.
1754 2857 1867 2879 Trecensi.

1087 2896 1095 2909 ⁷
1116 2897 1180 2919 Vere.
1197 2897 1217 2918 7.
1392 2894 1401 2907 ²³
1420 2896 1480 2917 Haec
1498 2896 1562 2917 lectio
1579 2898 1613 2917 est
1630 2896 1773 2924 aliquatenus
1790 2895 1868 2917 dubia.

1087 2935 1096 2948 ⁰
1114 2936 1178 2958 Eccli.
1197 2936 1233 2963 23,
1252 2936 1293 2963 383
1312 2938 1439 2963 sequnntur
1458 2934 1496 2956 lob
1508 2935 1545 2962 23,
1559 2935 1595 2956 ·11.
1608 2938 1629 2956 et
1642 2941 1660 2956 c.
1678 2935 1695 2960 1,
1711 2935 1728 2955 1.
1742 2937 1763 2956 ct
1781 2940 1799 2956 c.
1813 2936 1833 2960 2,
1847 2935 1867 2955 13.

1087 2974 1106 2986 ¹⁰
1124 2975 1188 2996 Vors.
1206 2975 1244 2996 29.

1881 639 1909 659 De
1921 640 2009 659 seeundo.

1887 1713 1913 1732 De
1926 1714 1988 1732 tertio.

1882 2416 1925 2435 Tria
1936 2415 2005 2434 christi

1902 2439 1987 2463 vestigia.

1894 2556 1997 2583 Vestigium

1902 2585 1989 2604 primum.
