2243 3348
19 1283 109 1306 “enuntia

27 1307 82 1326 atiam
94 1307 122 1326 of-

4 1347 5 1350 ,
22 1330 104 1350 ferendo.

0 2531 1 2534 Ἴ
10 2493 67 2528 lertio,
78 2504 120 2543 ga-

11 2526 118 2589 1311ἐὲ6·

663 172 706 201 DE
728 172 853 201 SANCTO
875 173 996 202 MATHIA
1017 172 1197 202 APOSTOLO.
1220 174 1329 202 SERMO
1352 175 1369 202 Ι.

144 249 331 278 immaculati
351 250 382 278 in
396 253 547 286 conspectu
562 250 625 278 eius
639 250 670 278 in
684 251 815 279 caritate.
833 251 891 286 Qui
903 259 989 287 prae-

143 296 298 325 destinavit
318 304 370 324 nos
391 296 423 325 in.
451 297 634 333 adoptionem
661 296 791 333 filiorum
817 306 871 334 per
891 298 986 326 Iesum

144 342 292 372 Christum
314 343 345 371 in
366 343 464 380 ipsum
484 344 643 372 secundum
655 344 841 381 propositum
854 344 988 373 volunta-

143 390 179 419 tis
199 398 287 423 suae,
310 390 340 417 in
363 389 479 418 taudem
498 390 612 426 ploriae
631 391 749 427 gratiae
776 399 856 419 suae.
885 391 914 419 ln
936 391 988 420 hoc

142 437 213 466 enim
235 436 356 465 maxime
377 436 483 465 relucet
504 437 551 465 Dei
567 437 664 473 gratia,
679 437 753 473 quod
768 440 831 466 ante
845 437 897 466 fuit
912 445 988 474 prae-

141 486 238 520 parata
258 483 352 516 nobis,
375 490 458 519 quam
480 490 604 511 essemus
625 483 697 516 nati3
719 491 755 511 ex
781 491 836 519 quo
864 486 986 518 constat,

141 530 215 567 quod
235 529 287 558 fuit
308 529 430 557 maxima
450 529 548 565 gratia,
569 537 640 565 quae
662 529 811 565 praecessit
824 530 917 558 omnia
931 538 988 559 me-

141 577 208 610 rita3
230 584 313 613 quam
336 575 488 609 insinuans,
500 575 607 603 dicebat
621 575 745 603 Salvator
761 576 867 604 loannis
881 576 987 604 decimo

140 623 251 660 quinto:
276 622 339 650 Non
359 630 410 650 ‘uos
430 630 474 649 me
495 621 634 658 elegistis,
655 622 705 649 sed
725 630 775 659 eqo
797 622 866 659 eleyi
891 631 942 651 vos
962 627 987 651 et

137 669 226 706 posui
246 677 312 702 vos,
334 671 368 696 ut
387 667 460 696 eatis
481 670 545 701 etc,
568 675 639 704 quae
660 667 771 704 quidem
801 668 964 704 praeelectio
977 669 985 684 ¹

140 719 181 745 est
201 716 229 744 in
251 715 391 752 proposito
409 714 518 742 divinae
532 714 798 750 praedestinationis,
813 722 868 751 qua
883 715 986 743 electus

139 763 191 792 fuit
211 762 246 791 ab
267 765 379 791 aeterno
400 761 523 795 Mathias‚
546 764 577 789 ut
597 761 724 789 introiret
746 761 772 789 in
789 761 878 789 locun]
896 761 984 790 [udae.

139 809 214 838 Unde
243 809 349 837 loannis
369 808 474 836 decimo
505 808 600 841 tertio,
622 815 684 836 cun]
708 807 870 844 loqueretur
891 807 925 835 ad
946 807 986 836 di-

139 856 268 893 scipulos,
290 855 343 884 ait:
366 854 430 883 Non
451 855 485 883 de
506 854 640 883 omnibus
655 854 735 882 vobis
749 854 824 888 dico,
846 862 896 891 eqo
910 855 984 889 scio,

139 911 210 941 quos
231 903 380 940 eleyertm;
402 902 478 936 ideo,
499 902 532 930 ad
554 902 689 930 Romanos
710 909 797 930 nono:
821 901 892 930 Cum
915 910 985 930 non-

139 950 210 978 dum
230 950 296 978 nati
315 948 459 986 fuissent,
481 952 536 977 aut
556 948 670 986 aliquid
692 948 759 976 boni
783 949 906 985 epissent
934 951 986 977 aut

138 997 221 1031 mali,
243 1000 276 1025 ut
295 996 456 1025 secundum
477 996 636 1024 eleccionem
658 995 841 1032 propositum
859 995 909 1023 Dei
921 1004 985 1024 ma-

138 1048 226 1077 neret,
247 1051 305 1071 non
327 1051 361 1071 ex
382 1042 527 1079 operimur,
548 1042 599 1070 sed
619 1050 654 1070 ex
675 1045 793 1070 vocante
813 1041 922 1070 dictum
945 1046 987 1070 est

138 1091 165 1119 ei
172 1100 180 1119 .-
204 1090 281 1126 Quia
301 1089 399 1118 maior
420 1089 524 1117 serviet
544 1089 655 1118 minori
663 1099 673 1122 ,·
694 1089 759 1126 quia
781 1089 860 1117 Iudas
888 1089 985 1117 cecidit

138 1137 171 1166 de
192 1137 381 1174 magnitudine
402 1136 579 1173 apostolatus,
601 1136 652 1165 iste
666 1136 788 1165 ascendit
801 1136 835 1165 de
850 1136 985 1173 parvitate

138 1184 329 1221 discipulatus.

218 1231 302 1268 Elegit
323 1230 403 1259 etiam
427 1230 547 1259 secundo
571 1231 687 1267 gratiam
716 1229 859 1268 offerendo
888 1230 915 1259 in
938 1239 984 1259 vo-

138 1278 253 1313 catione,
265 1278 417 1307 secundum
434 1277 500 1306 illud
516 1277 622 1314 primae
636 1277 668 1306 ad
684 1277 840 1306 Corinthios
855 1278 945 1314 primo
957 1278 983 1306 2:

144 1325 236 1354 Videte
256 1325 433 1353 vocationem
451 1328 588 1358 vestram,
603 1323 724 1361 fratres,
740 1325 811 1362 quia
826 1333 884 1352 non
898 1324 986 1353 multi

138 1372 283 1409 sapientes
304 1372 465 1400 secundum
487 1380 623 1405 carnem,
645 1380 704 1399 non
731 1371 818 1399 multi
841 1374 982 1408 potentes,

136 1428 193 1448 non
213 1419 300 1448 multi
320 1419 440 1453 nobiles,
461 1419 510 1447 sed
531 1427 605 1457 quae
626 1418 716 1447 stulta
730 1422 798 1447 sunt
813 1419 919 1447 manca·
932 1419 984 1447 ele-

133 1466 177 1504 git
200 1466 285 1500 Deus,
302 1469 334 1494 ut
348 1464 511 1502 confundat
525 1465 669 1502 sapientes
677 1476 687 1498 ;
702 1469 727 1493 et
741 1465 863 1502 infirma
877 1466 984 1494 mundi

134 1513 217 1550 eleyit
238 1513 323 1547 Deus,
340 1516 373 1541 ut
386 1511 549 1549 confandat
563 1511 666 1549 fortia,
682 1516 708 1540 et
722 1512 862 1549 iynobilia
877 1513 984 1541 mundi

135 1563 159 1588 et
180 1559 406 1597 contemptibilia
427 1559 509 1597 eleyit
532 1560 607 1587 Deus
624 1563 653 1587 et
673 1567 708 1587 ea
728 1567 803 1597 quae
823 1568 882 1587 non
902 1563 981 1594 sunt,

137 1610 169 1635 ut
189 1615 223 1635 ea
244 1615 319 1644 quae
332 1610 411 1640 sunt,
427 1606 594 1639 destrueret,
611 1610 643 1634 ut
656 1615 714 1634 non
728 1606 871 1643 ylorielur
887 1606 982 1635 omnis

134 1662 205 1682 caro
227 1654 258 1682 in
280 1656 431 1690 conspecta
454 1653 524 1681 eius.
548 1653 601 1681 Hoc
622 1657 715 1681 autem
736 1653 802 1681 dicit
822 1654 980 1690 Apostolus,

134 1700 199 1738 quia
220 1700 390 1737 pauperibus
411 1703 438 1729 et
466 1700 619 1728 humilibus
647 1700 721 1728 Deus
751 1700 832 1728 offert
863 1701 980 1737 gratiam

134 1750 161 1776 et
182 1747 242 1776 illos
264 1747 412 1783 praecipue
432 1747 507 1783 eligit
528 1750 555 1775 et
576 1749 663 1780 vocat,
686 1750 717 1775 ut
738 1747 869 1775 excludat
883 1747 981 1784 gloria-

136 1794 235 1823 tionem
257 1794 421 1828 humanam3
443 1796 470 1822 et
488 1793 549 1822 ideo
564 1794 631 1822 tales
646 1794 727 1830 elegit
741 1794 815 1830 ipsos
830 1794 980 1831 Apostolos,

134 1843 165 1869 ut
186 1841 304 1870 calcaret
325 1848 374 1877 per
395 1841 515 1869 humiles
537 1841 661 1869 homines
683 1841 833 1877 superbos3
864 1841 915 1870 hoc
940 1845 982 1870 est

133 1888 207 1925 quod
228 1888 328 1916 dicitur
351 1887 437 1916 lacohi
453 1887 589 1916 secundo:
605 1887 706 1915 Nonne
722 1888 798 1916 Deus
812 1888 893 1925 clepit
903 1896 981 1924 pau-

130 1943 214 1972 peres
235 1935 267 1963 in
288 1933 339 1963 lzoc
360 1935 480 1969 nittntlo,
502 1934 605 1963 divites
626 1935 657 1962 in
677 1934 733 1971 side
754 1939 779 1963 et
799 1933 915 1963 heredes
937 1944 980 1963 re-

133 1981 195 2019 yni,
217 1982 294 2019 quod
315 1981 483 2018 repromisit
505 1982 581 2009 Deus
604 1981 789 2018 diliycntibus
810 1981 860 2010 se?
875 1982 913 2010 Ab
930 1982 981 2011 hoc

134 2028 235 2065 incepit
256 2028 383 2057 Christus
404 2036 482 2057 suam
507 2028 753 2065 praedicationem,
782 2037 845 2057 cum
873 2029 981 2058 dicebat

134 2075 260 2104 Matthaei
283 2075 395 2112 quinto:
410 2075 501 2108 Beati,
520 2083 667 2112 pauperes
687 2075 814 2112 spiritu,
840 2076 980 2113 quoniam

135 2122 266 2159 ipsorum
288 2125 328 2150 est
349 2130 471 2159 regnum
500 2122 648 2150 caelorum
656 2132 666 2155 ;
698 2125 725 2150 et
756 2122 843 2151 Lucae
874 2122 980 2151 decimo

134 2169 272 2206 quarto³z
296 2169 352 2197 Exi
372 2169 427 2197 cito
450 2169 480 2197 in
499 2168 613 2205 plateas
633 2172 659 2197 et
688 2169 767 2197 ‘uicos
797 2169 925 2198 ciuitatis
956 2173 981 2197 et

131 2223 277 2252 pauperes
298 2224 333 2244 ac
354 2215 459 2244 debiles
480 2219 504 2243 et
526 2223 625 2244 caecos
646 2219 670 2243 et
695 2216 815 2244 claudos
844 2216 980 2244 introduc

134 2261 191 2290 nuc
211 2265 262 2291 etc.
285 2262 329 2291 His
351 2262 398 2299 qui
420 2262 488 2290 tales
509 2265 583 2296 sunt,
606 2262 723 2291 libenter
737 2263 818 2291 oss'ert
832 2263 907 2291 Deus
920 2271 981 2300 gra-

136 2308 209 2342 tiam,
230 2316 312 2345 quarn
336 2308 433 2337 divites
454 2308 609 2343 fastidiunt,
631 2310 784 2338 secundum
806 2310 874 2338 illud
896 2310 980 2338 Isaiae

133 2355 342 2392 quadragesimo
363 2358 474 2384 octavo:
499 2356 577 2393 Eleyi
599 2360 622 2384 te
644 2356 675 2384 in
690 2356 806 2384 camino
819 2360 979 2393 pauperta-

134 2402 186 2436 tis,
208 2402 274 2438 quia
293 2402 326 2431 de
348 2403 393 2430 illo
414 2406 441 2431 et
462 2403 495 2431 ad
517 2403 594 2431 illum
617 2407 702 2432 vocat.

212 2449 297 2486 Elegit
318 2449 400 2478 etiam
421 2450 502 2478 tertio
523 2450 639 2486 gratiam
662 2449 843 2487 infundendo
858 2450 885 2478 in
901 2450 979 2478 iusti-

135 2496 272 2530 ficatione,
294 2497 445 2525 secundum
461 2496 529 2525 illud
545 2497 697 2533 Sapientiae
713 2500 813 2533 quarto
825 2498 851 2524 4:
872 2496 979 2525 Gratia

136 2543 188 2571 Dei
206 2546 232 2571 et
253 2543 458 2572 misericordia
479 2547 520 2572 est
541 2544 571 2571 in
592 2546 708 2572 sanctos
729 2543 808 2577 eius,
834 2547 858 2571 et
885 2551 980 2580 respe-

133 2594 196 2618 ctus
218 2590 248 2618 in
269 2590 366 2619 electos
389 2590 476 2619 illius.
500 2590 608 2627 Optime
630 2590 719 2626 iungit
741 2591 807 2619 haec
829 2590 896 2618 tria:
911 2599 980 2627 yra-

134 2637 216 2670 tiam,
237 2637 474 2665 misericordiam
489 2640 516 2665 et
533 2637 737 2673 respectionem
752 2644 815 2665 cum
831 2637 978 2671 electione;

1833 179 1888 206 515

1045 251 1110 288 quia
1131 252 1225 280 nullus
1246 252 1357 289 eligitur
1378 253 1411 281 ad
1434 253 1675 282 sanctificationem
1691 254 1748 283 sive
1763 254 1889 284 iustifica-

1046 297 1157 332 tionem,
1178 298 1230 327 nisi
1252 299 1295 327 cui
1318 299 1401 327 datur
1423 300 1524 336 gratia,
1545 304 1572 329 et
1587 301 1639 329 hoc
1652 309 1706 330 non
1722 310 1758 330 ex
1774 302 1887 336 meritis,

1045 344 1091 373 sed
1113 352 1149 373 ex
1170 345 1262 374 divina
1284 346 1480 381 misericordia,
1503 348 1582 376 iuxta
1604 348 1670 376 illud
1692 348 1766 385 quod
1787 349 1888 378 dicitur

1044 391 1078 420 ad
1099 392 1233 421 Romanos
1254 393 1415 422 undecimo:
1438 394 1587 432 Reliquiae
1607 396 1768 424 secundum
1782 396 1888 424 electio-

1043 447 1107 466 nem
1126 439 1244 475 pratiae
1264 439 1364 468 saluae
1383 439 1481 477 factae
1501 445 1578 470 sunt.
1602 442 1635 470 Si
1655 445 1751 471 autem
1770 443 1887 480 qratia,

1044 485 1104 513 iarn
1126 494 1184 514 non
1204 494 1239 514 ex
1260 486 1396 523 operibus
1403 497 1413 520 ;
1434 487 1565 525 alioquin
1583 489 1685 525 qratia
1700 489 1761 517 iam
1775 493 1888 518 nonest

1042 532 1154 568 pratia.
1176 533 1246 561 Haec
1267 536 1359 562 autem
1387 534 1484 563 electio
1514 536 1736 565 sanctificationis
1766 537 1799 565 ad
1827 537 1888 565 illos

1043 579 1115 607 solos
1137 587 1165 608 se
1187 580 1326 614 extendit,
1348 581 1396 617 qui
1419 581 1444 609 in
1467 582 1607 610 Christum
1635 583 1752 612 credunt
1779 587 1806 612 et
1826 584 1887 612 dili—

1043 628 1127 661 gunt,
1159 626 1310 654 secundum
1343 627 1410 656 illud
1432 628 1584 664 Sapientiae
1605 629 1702 658 tertio:
1725 630 1834 658 Fideles
1855 630 1886 659 in

1043 671 1191 700 dilectione
1208 673 1390 710 acquiescent
1411 674 1469 708 illi,
1490 676 1629 712 quoniam
1650 676 1759 705 donum
1780 680 1805 705 et
1821 685 1885 714 pax

1043 722 1082 746 est
1103 719 1195 747 electis
1219 720 1277 747 Dei.
1293 720 1371 749 'sales
1392 724 1457 749 sunt
1471 722 1522 749 viri
1539 723 1689 757 christiani,
1705 724 1752 760 qui
1767 724 1886 753 induunt

1043 765 1193 799 Christum,
1216 765 1296 794 iuxta
1316 767 1389 802 quod
1411 767 1512 795 dicitur
1534 768 1567 796 ad
1582 768 1754 798 Colossenses
1769 770 1884 798 terti0⁵:

1044 811 1158 839 Induite
1178 820 1228 839 vos
1249 812 1323 840 sicut
1335 812 1414 841 electi
1429 813 1489 846 Dei,
1504 815 1601 842 sancti
1614 819 1639 843 et
1653 816 1757 850 dilecti,
1773 817 1886 845 viscera

1042 857 1278 892 misericordiae,
1309 858 1528 896 beniynitatem,
1557 860 1764 896 humilitatem,
1792 863 1887 891 mode-

1041 904 1140 938 stiam,
1159 905 1344 941 patientiam,
1366 910 1570 942 supportantes
1591 908 1712 936 inuicem
1734 912 1757 937 et
1779 909 1887 938 donan-

1043 954 1087 990 tes
1102 950 1313 988 vobismetipsis
1334 955 1398 985 etc,
1429 953 1581 981 secundum
1609 954 1675 983 illud
1708 955 1887 984 Ecclesiastici

1042 997 1253 1034 quadragesimo
1274 998 1386 1035 quinto:
1408 999 1443 1027 In
1463 999 1519 1036 fide
1539 1004 1564 1028 et
1584 1000 1697 1029 lenitate
1711 1002 1806 1038 ipsius
1819 1010 1888 1031 san-

1042 1048 1120 1073 ctum
1142 1043 1209 1081 fecit
1230 1044 1313 1072 illum
1335 1048 1360 1072 et
1380 1045 1462 1082 clepit
1482 1054 1548 1074 eum
1569 1056 1603 1075 ea·
1624 1048 1704 1076 omni
1724 1057 1821 1077 carne.

1121 1091 1206 1128 Elegit
1227 1091 1308 1120 etiam
1331 1096 1431 1128 quarto
1452 1093 1567 1129 gratiam
1590 1096 1830 1129 consummando,
1846 1104 1887 1124 se·
1902 1101 1977 1127 Quem,
1991 1107 2032 1125 era-

1042 1138 1163 1166 cundum
1185 1138 1252 1166 illud
1275 1138 1372 1167 Psalmi
1385 1139 1412 1166 ⁶:
1435 1139 1526 1167 Beata
1540 1148 1619 1176 pens,
1635 1141 1720 1169 euius
1734 1145 1775 1170 est
1791 1142 1887 1170 Doini-
1904 1126 2020 1167 εῗιίἶῗεῗιῗῗᾶ.

1041 1193 1098 1212 nas
1120 1184 1196 1212 Deus
1217 1184 1297 1218 eius,
1316 1185 1461 1222 populus,
1483 1194 1566 1223 quem
1588 1187 1669 1223 eleyit
1689 1188 1720 1215 in
1745 1187 1888 1217 heredita-

1042 1235 1096 1259 tem
1116 1231 1180 1259 sibi.
1202 1248 1241 1252 ——
1262 1232 1332 1260 Haec
1351 1240 1422 1268 pens
1443 1235 1484 1260 est
1506 1232 1551 1260 illa
1572 1241 1642 1270 quae
1658 1242 1706 1270 per
1721 1236 1885 1264 exercitium

1042 1278 1176 1306 virtutum
1200 1279 1326 1315 pervenit
1355 1278 1387 1306 ad
1416 1280 1658 1315 contemplandum
1684 1281 1786 1315 Deum,
1808 1282 1888 1310 iuxta

1041 1325 1114 1362 quod
1131 1333 1230 1354 rursus
1245 1325 1363 1354 dicitur:
1387 1326 1534 1361 Quoniam
1555 1327 1641 1355 Iacob
1662 1327 1743 1364 clepit
1763 1328 1820 1356 sibi
1833 1329 1888 1356 Do-

1040 1372 1150 1406 minus,
1173 1372 1267 1400 Israel
1293 1372 1323 1400 in
1341 1373 1549 1409 possessionem
1572 1373 1645 1407 sibi,
1671 1374 1744 1410 quod
1768 1383 1823 1403 non
1848 1375 1887 1403 in-

1040 1419 1173 1456 telligitur
1193 1419 1227 1447 de
1249 1418 1347 1447 Israele
1369 1418 1520 1447 secundum
1536 1427 1656 1453 carnem,
1672 1420 1719 1449 sed
1734 1421 1885 1449 secundum

1040 1466 1186 1503 spiritum,
1219 1466 1373 1494 secuudum
1405 1465 1472 1494 illud
1503 1466 1535 1494 ad
1559 1467 1692 1495 Romanos
1713 1475 1799 1496 nono:
1822 1467 1886 1496 Non

1039 1521 1154 1546 omnes,
1176 1513 1228 1550 qui
1248 1521 1282 1541 ea·
1305 1513 1398 1542 lsrael
1418 1517 1504 1547 sunt,
1525 1513 1548 1541 if
1567 1517 1637 1541 sant
1658 1513 1818 1548 Israelitae,
1839 1522 1886 1542 ne-

1039 1568 1092 1597 que
1114 1559 1165 1597 qui
1184 1568 1279 1588 semen
1300 1564 1369 1588 sunt
1392 1560 1546 1594 Abrahae,
1569 1569 1666 1589 omnes
1686 1560 1757 1597 ftttz‘,
1784 1562 1834 1589 sed
1855 1561 1886 1589 in

1040 1607 1128 1634 Isaac
1149 1606 1302 1635 vocabitur
1324 1607 1376 1635 tibi
1394 1616 1507 1640 semem
1528 1607 1578 1635 sed
1598 1607 1650 1645 qui
1667 1607 1804 1643 filiisunt
1815 1616 1885 1644 pro-

1039 1654 1188 1682 missionis
1209 1654 1406 1683 aestimantur
1428 1655 1458 1683 in
1479 1655 1593 1683 semine.
1620 1655 1671 1691 Qui
1700 1658 1791 1683 autem
1820 1658 1885 1683 sunt

1039 1700 1105 1729 isti?
1127 1701 1181 1729 lam
1203 1701 1306 1730 scimus
1327 1702 1417 1738 quoad
1440 1702 1492 1730 iam
1515 1702 1623 1735 electos,
1646 1701 1693 1730 sed
1713 1709 1768 1729 non
1783 1701 1885 1730 scimus

1038 1748 1128 1784 quoad
1150 1748 1360 1782 beatificandos;
1384 1749 1435 1777 hoc
1457 1752 1548 1777 tamen
1569 1749 1686 1782 scimus,
1708 1748 1782 1785 quod
1810 1756 1884 1776 com-

1038 1794 1180 1831 paratione
1201 1795 1387 1824 multitudinis
1408 1796 1488 1832 pauci
1520 1798 1599 1829 sunt,
1631 1795 1783 1824 secundum
1816 1795 1883 1824 illud

1039 1842 1166 1870 Matthaei
1189 1842 1320 1878 vigesimo
1342 1842 1477 1871 secundo:
1494 1842 1578 1870 Multi
1590 1847 1658 1870 sunt
1673 1842 1777 1876 vocati,
1792 1842 1884 1879 pauci

1037 1897 1104 1916 vero
1125 1888 1211 1917 electi.
1234 1889 1310 1917 Multi
1332 1889 1404 1917 euim
1437 1890 1552 1917 veniunt
1582 1889 1615 1917 ad
1646 1889 1803 1923 Christum,
1835 1889 1882 1926 qui

1037 1935 1144 1963 abeunt
1163 1939 1325 1963 <retrorsum
1342 1935 1362 1969 ⁷,
1384 1936 1455 1964 sicut
1476 1936 1528 1964 suit
1550 1936 1628 1964 Iudas
1649 1939 1675 1964 et
1700 1943 1794 1964 omnes
1822 1935 1881 1963 falsi

1037 1982 1194 2016 Christiani,
1207 1982 1253 2019 qui
1269 1982 1409 2011 Christum
1426 1982 1563 2019 peccando
1574 1982 1703 2019 produnt.
1720 1999 1755 2003 —
1769 1983 1882 2019 Propter
1900 1988 1989 2007 Hortatio-

1038 2028 1111 2066 quod
1133 2029 1291 2057 laboremus
1313 2037 1372 2057 esse
1393 2029 1544 2058 imitatores
1564 2029 1689 2063 Mathiae,
1713 2038 1765 2057 non
1792 2030 1881 2062 Iudae,

1038 2076 1090 2104 hoc
1111 2078 1167 2109 est,
1190 2075 1211 2104 si
1234 2084 1287 2104 non
1310 2084 1450 2104 cessamus
1478 2076 1547 2104 hene
1574 2076 1699 2112 operari,
1728 2076 1879 2105 secundum

1038 2122 1104 2151 illud
1133 2122 1269 2151 secundae
1292 2123 1362 2151 Petri
1385 2123 1489 2159 primo:
1513 2123 1659 2160 sataque,
1682 2127 1712 2151 ut
1732 2131 1785 2159 per
1807 2123 1881 2151 bona

1037 2177 1127 2205 opera
1158 2172 1267 2196 certam
1297 2173 1425 2196 vestram
1457 2169 1632 2197 uocationem
1665 2173 1689 2197 et
1723 2169 1881 2197 electionem

1037 2214 1176 2251 faciatis;
1204 2214 1256 2243 ltoc
1283 2215 1359 2243 enim
1383 2214 1532 2252 facientes,
1560 2224 1618 2243 non
1642 2216 1799 2252 peccabitis
1827 2216 1880 2244 ali-

1037 2261 1163 2299 quando.

1116 2309 1144 2336 11.
1161 2309 1238 2337 Circa
1253 2309 1404 2337 secundum
1419 2309 1545 2345 gradum,
1561 2317 1616 2346 quo
1631 2309 1693 2346 quis
1707 2309 1782 2345 eligit
1796 2309 1879 2337 iusti-
1921 2314 1966 2333 Pars
1979 2315 2001 2333 11·

1901 2337 1974 2356 Gradus
1988 2344 2017 2357 se-

1037 2355 1119 2389 tiam,
1140 2355 1345 2389 attendendum,
1367 2355 1440 2392 quod
1462 2355 1495 2383 ad
1514 2355 1708 2391 perfectionem
1724 2356 1802 2384 istius
1817 2363 1879 2392 gra·
1896 2361 2021 2404 υἱιᾎιιᾷυεὶρίῐο-

1036 2402 1088 2430 (lus
1109 2410 1220 2430 necesse
1242 2402 1375 2430 hahemus
1396 2402 1497 2438 eligere
1511 2402 1614 2438 aliquid
1629 2410 1678 2438 per
1693 2403 1803 2431 moduni
1819 2411 1879 2431 mo-
1892 2390 1930 2432 cpfss
1941 2390 2025 2450 {311¹er

1037 2448 1089 2477 tivi
1095 2459 1105 2482 ;
1126 2448 1238 2485 aliquid,
1261 2457 1309 2485 per
1332 2449 1442 2477 modum
1465 2449 1615 2482 directiui;
1629 2449 1741 2486 aliquid,
1758 2458 1806 2486 per
1823 2458 1879 2478 mo-
1904 2436 1988 2474 quacenfff'
1998 2438 2012 2451 ¹'

1036 2495 1102 2524 (lum
1122 2496 1297 2532 promotioi;
1318 2496 1433 2532 aliquid,
1450 2504 1498 2533 per
1514 2496 1625 2524 niodum
1641 2497 1809 2533 completivi.
1825 2498 1880 2525 Mo-

1037 2543 1125 2571 tivum
1146 2546 1187 2571 est
1207 2542 1323 2571 caeleste
1341 2543 1541 2579 promissum,·
1556 2543 1721 2572 directivum
1735 2547 1776 2572 est
1792 2544 1879 2581 legyale

1035 2594 1219 2626 praeceptum
1230 2600 1240 2623 ,·
1259 2590 1443 2626 promotivuni
1459 2593 1500 2618 est
1514 2590 1669 2627 spirituale
1683 2591 1880 2624 consortium,-

1037 2637 1248 2672 completivum,
1272 2636 1426 2673 temporale
1447 2636 1602 2673 flayellam.

196 2807 204 2820 ¹
222 2808 300 2831 Codex
318 2809 458 2831 Florentinus
476 2808 544 2831 hahet
560 2809 664 2838 potentia
681 2812 703 2831 et
726 2810 866 2833 Tudertinus
882 2817 905 2832 n.
928 2811 975 2832 182.

131 2846 208 2876 prior.
227 2860 255 2862 —
274 2847 407 2876 Sequuntur
425 2849 483 2870 toan.
512 2848 552 2875 13,
579 2848 612 2870 18.
637 2851 659 2870 et
684 2849 749 2870 Rom.
774 2849 799 2876 9,
821 2849 853 2870 ll.
873 2850 908 2871 12.
927 2849 976 2878 (cfr.

134 2886 189 2908 Gen.
210 2886 250 2914 25,
268 2886 324 2914 25).

196 2924 204 2936 ²
223 2925 288 2947 Vei-s,
306 2925 342 2946 26.
360 2931 437 2954 seqq.;
455 2928 582 2954 sequuntur
600 2926 642 2948 lac.
660 2927 684 2953 ⁴2,

196 2961 204 2974 ³
223 2963 289 2985 Vers.
307 2963 349 2990 -21;
368 2963 471 2992 sequitur
490 2964 537 2986 lsai.
557 2963 593 2991 4-8,
612 2964 648 2986 10.

703 2926 724 2948 5.
742 2928 764 2948 ei
781 2927 857 2949 Manu.
875 2927 901 2954 5
919 2928 941 2949 3.

1096 2809 1105 2822 4
1124 2810 1189 2832 Vers.
1211 2809 1248 2836 153
1266 2812 1394 2838 sequuntur
1411 2810 1479 2831 Rom.
1501 2810 1533 2836 ΙΙ,
1551 2809 1573 2832 5.
1590 2816 1638 2838 seq.
1656 2812 1677 2832 et
1695 2810 1748 2837 Sap.
1769 2810 1794 2837 3,
1811 2810 1832 2831 9.

1096 2848 1105 2860 ⁵
1124 2849 1188 2870 Vers.
1210 2849 1248 2875 123
1265 2848 1368 2877 sequitur
1386 2848 1451 2870 Eculi.
1470 2848 1510 2875 45,
1529 2848 1550 2870 4.

1097 2886 1106 2899 ⁵
1124 2887 1205 2909 psalm.
1222 2887 1262 2915 32,
1284 2887 1318 2909 12.
1338 2890 1359 2909 et
1376 2887 1459 2909 deindo
1481 2887 1530 2914 134,
1549 2887 1574 2914 43
1592 2890 1719 2916 sequuntur
1737 2888 1804 2910 Rom.
1821 2888 1842 2914 9,
1859 2887 1879 2909 6.

1034 2927 1056 2948 7.
1075 2927 1096 2948 9.
1114 2929 1135 2948 et
1152 2927 1228 2948 Manu.
1246 2927 1289 2953 22,
1310 2926 1343 2948 14.
1557 2955 1560 2958 .

1096 2964 1105 2977 ⁷
1123 2965 1252 2994 Respicitur
1270 2967 1328 2988 toan.
1347 2966 1368 2993 6,
1387 2966 1428 2995 [373
1446 2969 1467 2988 et
1485 2966 1589 2995 sequitur
1606 2967 1628 2989 ll.
1647 2967 1705 2989 Petr.
1727 2967 1745 2993 t,
1763 2967 1799 2988 40.
