2243 3348
37 684 60 705 m·
67 664 126 702 dupli·-

43 703 97 721 exter.

14 592 134 744 &ffffit

24 1380 35 1399 3.
47 1379 125 1403 Stepha-

45 1408 88 1422 Bus-

38 1614 115 1637 iracula,

21 1643 59 1662 [uae
72 1638 123 1657 fecit.

6 1943 10 1970 ’1

6 2050 9 2067 Ι

40 1872 92 1892 latio.

0 1790 54 1942 {sius
67 1850 126 1868 trans-

649 172 691 199 DE
713 171 838 200 SANCTO
860 172 1028 200 STEPHANO
1050 171 1214 200 MARTYRE.
1237 171 1346 200 SERMO
1369 173 1385 200 1.

147 249 182 278 Ad
206 249 256 277 hoc
278 251 386 282 autem,
409 249 482 285 quod
511 249 593 277 homo
615 249 649 278 sit
670 249 769 286 dignus
794 249 990 284 admiratione,

146 298 269 332 oportet,
291 294 363 331 quod
393 295 428 323 sit
456 295 542 323 mirae
570 295 705 329 virtutis,
735 296 820 325 mirae
840 296 989 330 veritatis,

148 342 233 370 mirae
254 341 421 370 sanctitatis
442 344 469 370 et
490 342 551 369 miri
574 342 704 375 amoris,·
725 342 771 371 sed
798 343 850 371 ista
876 343 990 371 fuerunt

146 389 172 417 in
205 389 284 417 beato
316 388 469 424 Stephano:
491 396 557 424 ergo
588 388 641 416 fuit
667 389 767 425 dignus
794 390 988 423 admiratione:

146 435 219 472 quod
241 435 359 471 probant
373 442 457 471 opera
478 442 543 468 sua;
565 434 643 471 quia,
658 435 768 471 quando
789 443 873 471 opera
894 443 989 472 proce-

145 481 229 515 dunt,
251 481 403 510 secundum
426 480 499 517 quod
520 480 635 514 debent,
659 484 724 509 tunc
747 489 843 510 verum
869 483 989 525 testimo-

146 529 221 557 nium
243 528 308 556 dant
328 528 362 557 de
384 527 501 556 homine.

225 575 327 609 Primo,
348 574 425 608 dico,
446 574 544 602 heatus
565 574 721 611 Stephanus
742 575 794 603 fuit
814 575 909 604 mirae
933 576 990 604 oir-

146 622 223 650 mazze.
246 621 297 650 Sed
312 621 379 658 quid
393 624 434 650 est
448 628 507 649 esse
523 621 609 649 mirae
624 621 756 649 virtutis?
771 621 863 656 Certe,
879 623 989 659 quando

145 671 186 697 est
206 667 372 696 sublimitas
393 668 489 704 operis
509 670 536 695 et
557 666 708 695 humilitas
730 668 837 701 σονάίἱς,
860 669 911 697 hoc
932 672 988 703 est,

145 714 255 752 quando
278 715 358 743 homo
380 715 477 748 sentit,
499 714 572 750 quod
594 714 627 742 de
648 721 677 742 se
705 722 759 742 non
780 714 845 743 facit
865 723 897 743 ea
918 723 989 752 quae

144 761 224 795 facit,
245 761 292 790 sed
314 769 362 797 per
384 761 514 789 virtutem
536 760 669 789 divinitus
689 764 838 797 acceptam.
866 762 940 790 Unde
962 762 988 790 in

145 808 251 837 Ioannis
271 808 377 836 decimo
391 810 491 844 quarto
504 809 513 824 ¹
534 807 600 836 dicit
615 807 760 836 Dominus:
778 807 836 843 Qm·
849 809 940 836 eredit
958 808 989 836 iu

144 863 188 883 me
209 863 308 892 opera,
323 863 397 892 quae
417 863 466 891 eqo
485 853 575 891 factu,
590 857 615 882 ec
638 854 696 891 ipse
716 853 805 891 societ
825 858 851 883 et
871 855 989 883 maiora

145 901 251 930 horum
264 901 362 939 faciet,
378 902 449 940 quia
464 909 514 938 09⁰
529 901 569 929 ad
591 901 709 929 Patrem
731 901 806 929 oculo
828 904 878 930 etc.
902 901 990 939 Opor-

146 952 184 978 tet
204 949 288 986 igitur
311 949 468 982 humiliari,
490 949 571 985 quia,
593 948 621 976 si
639 947 715 985 sorte
735 948 920 985 superbirent
941 948 989 977 lto-

144 995 237 1024 mz'ues
258 999 282 1024 et
303 995 445 1023 dicerent:
468 995 574 1023 Manus
597 999 699 1023 nostra
720 994 790 1023 liaeo
810 994 915 1032 (fecit),
936 1004 988 1024 non

144 1042 265 1071 facerent
286 1050 358 1079 quae
378 1042 512 1071 fecerunt.
536 1042 567 1070 Et
595 1045 708 1078 propter
736 1042 788 1070 hoc
816 1042 881 1070 dicit
902 1043 990 1080 Augu-

144 1089 271 1118 stinus2:
298 1089 447 1117 «Miranda
468 1089 538 1117 actio
567 1096 629 1117 cum
658 1089 775 1117 elatione
803 1097 856 1117 non
885 1090 989 1123 elevat,

144 1136 191 1165 sed
212 1139 309 1173 gravat
322 1147 349 1170 »;
371 1139 398 1164 et
420 1136 553 1165 Dominus
567 1136 593 1163 in
611 1136 698 1164 Lucae
712 1136 818 1164 decimo
834 1136 951 1172 septimo
963 1137 989 1164 5:

146 1183 218 1211 Cum
239 1183 339 1211 omuz'a
353 1183 422 1212 bene
435 1182 573 1220 feceritis,
596 1182 696 1211 (liene.-
718 1183 797 1211 servz'
810 1183 926 1211 inutiles
940 1192 990 1212 su-

144 1239 225 1263 mu&
247 1230 314 1264 vult,
336 1230 408 1266 quod
432 1232 519 1258 totum
542 1229 658 1258 Domino
679 1230 866 1258 attribuamus
881 1233 907 1259 et
923 1230 990 1259 nihil

144 1277 230 1306 nohis.
247 1277 322 1305 Unde
344 1280 400 1305 tres
422 1276 523 1313 pueri4
546 1276 572 1304 in
594 1276 701 1305 camino
723 1276 793 1313 ignis
814 1277 991 1313 magnificen-

145 1323 208 1352 tiam
223 1326 250 1352 et
264 1324 378 1360 gloriam
393 1323 446 1351 Deo
461 1323 648 1351 attribuebant
659 1326 687 1351 et
701 1330 730 1351 se
740 1323 939 1359 deprimebant.
953 1339 989 1343 -

143 1371 215 1399 Talis
235 1371 316 1399 etiam
340 1370 391 1398 suit
414 1370 509 1399 beatus
531 1370 702 1406 Stephanus,
725 1370 790 1407 quia
810 1370 862 1399 fuit
878 1379 989 1407 magna-

143 1425 205 1446 rum
228 1418 418 1454 operationum
441 1421 467 1445 et
489 1417 564 1453 parvi
588 1424 702 1451 sensus:
718 1420 745 1445 et
759 1417 811 1446 hoc
825 1417 904 1446 docet
923 1418 990 1446 [ides

143 1464 300 1493 christiana.
324 1464 497 1500 Philosophi,
526 1472 589 1492 oum
618 1472 716 1501 magna
747 1468 876 1501 agerent,
901 1468 988 1493 tamen

142 1518 197 1538 non
218 1513 407 1547 pervenerunt
420 1510 453 1539 ad
469 1518 599 1547 magnum
624 1511 719 1545 Deum,
741 1511 806 1548 quia
821 1511 894 1540 Deus
909 1511 990 1548 elegit

143 1557 271 1592 humiles,
283 1560 315 1586 ut
327 1560 414 1586 totum
427 1558 482 1586 Deo
493 1558 685 1586 attribuerent.
698 1575 736 1579 —
747 1558 819 1587 Talis
831 1559 882 1587 fuit
893 1559 990 1587 beatus

143 1605 307 1641 Stephanus,
322 1608 349 1634 et
364 1605 424 1633 ideo
436 1612 533 1642 magna
548 1607 679 1641 operatus
693 1609 749 1639 est;
766 1605 839 1634 unde
854 1606 990 1642 significa-

142 1654 189 1680 tur
204 1652 230 1680 in
246 1652 425 1680 Ecclesiastici
440 1651 650 1688 quadragesimo
665 1656 761 1681 octavo
772 1653 783 1669 ⁵
799 1660 848 1689 per
860 1653 989 1687 Eliseum‚

142 1698 176 1727 de
197 1707 252 1736 quo
273 1699 390 1727 dicitur:
417 1699 452 1727 lu
479 1699 540 1727 vita
568 1707 626 1727 sua
650 1698 718 1736 fecit
746 1703 879 1728 monstra
906 1704 930 1728 et
958 1700 989 1728 iu

142 1750 234 1774 morte
256 1745 407 1774 mirabilia
436 1749 574 1782 operatus
602 1749 650 1774 est.
674 1746 709 1775 Ad
733 1747 892 1775 memoriam
917 1747 987 1775 beati

143 1793 272 1829 Stephani
287 1800 337 1821 sex
354 1793 454 1821 mortui
477 1797 542 1821 sunt
564 1793 735 1828 resuscitati,
752 1796 861 1830 praeter
877 1802 947 1831 quos
961 1794 988 1822 in

142 1839 198 1868 vita
211 1847 262 1868 sua
276 1839 445 1868 suscitavit⁶.
462 1857 500 1860 ——
512 1840 538 1868 ln
556 1840 732 1869 translatione
747 1848 797 1869 sua
812 1841 909 1869 ultima
924 1841 989 1878 legi-

142 1889 197 1920 tur,
210 1886 283 1923 quod
295 1886 464 1915 Theodosius
478 1887 628 1923 imperator
640 1888 778 1916 Romanus
793 1887 890 1916 habuit
904 1888 987 1916 filiam

142 1941 295 1970 possessam
309 1941 325 1961 a
339 1933 480 1968 daemone,
495 1934 542 1971 qui
559 1934 638 1969 dixit,
651 1934 723 1971 quod
740 1942 882 1971 nunquam
898 1935 989 1964 exiret

142 1980 192 2008 nisi
208 1988 257 2017 per
280 1980 390 2009 beatum
413 1981 597 2017 Stephanum,
620 1981 667 2017 qui
689 1981 741 2009 fuit
757 1981 783 2009 in
799 1982 909 2010 civitate
923 1982 989 2010 Con-

142 2027 332 2064 stantinopoli;
347 2031 374 2056 et
388 2028 522 2056 dixerunt
543 2028 595 2062 illi,
617 2028 690 2065 quod
712 2031 847 2065 ponerent
868 2029 988 2065 puellam

142 2075 168 2102 in
192 2074 262 2103 navi.
286 2075 317 2103 Et
338 2075 409 2103 dixit
429 2074 560 2103 daemon:
582 2075 701 2109 Faciam,
717 2076 864 2112 periclitari
881 2084 987 2105 navem.

141 2122 218 2150 Tunc
240 2121 293 2155 illi,
316 2122 442 2150 timentes
474 2122 643 2158 periculum,
665 2130 718 2150 non
741 2122 878 2151 audebant
900 2123 986 2159 ipsam

140 2176 243 2205 ponere
264 2169 290 2197 in
313 2169 391 2202 navi:
414 2172 440 2197 et
462 2172 527 2197 tunc
550 2169 623 2197 misit
644 2169 794 2206 imperator
815 2170 848 2197 ad
872 2170 988 2206 patriar-

140 2215 219 2243 cham
243 2215 589 2252 Constantinopohtanum,
612 2223 727 2252 rogans,
743 2219 774 2243 ut
794 2216 873 2244 daret
888 2216 910 2244 ei
927 2224 987 2244 cor-

140 2269 193 2298 pus
213 2262 283 2290 beati
307 2262 446 2298 Stephani.
468 2262 519 2298 Qui
547 2262 702 2298 respondit:
736 2262 876 2295 Libenter,
907 2263 988 2291 dum-

141 2308 221 2336 modo
243 2308 363 2337 reddatis
384 2308 463 2337 nobis
484 2316 586 2345 corpus
608 2308 678 2337 beati
701 2309 857 2342 Laurentii;
880 2312 906 2337 et
922 2312 987 2337 tunc

141 2354 299 2391 impetravit
320 2355 470 2391 imperator
491 2363 507 2383 a
529 2355 613 2391 Papa,
637 2359 667 2383 ut
699 2363 750 2391 pro
778 2363 894 2392 corpore
917 2355 986 2383 beati

141 2401 271 2438 Stephani
295 2401 441 2430 redderent
473 2410 575 2438 corpus
606 2402 676 2430 beati
701 2402 848 2430 Laurentii.
873 2402 903 2430 Et
924 2410 986 2430 cum

141 2451 317 2485 apportatum
349 2452 390 2477 est
422 2457 524 2485 corpus
556 2449 625 2478 beati
659 2449 804 2485 Stephani,
838 2449 987 2477 voluerunt

142 2495 230 2531 ipsum
253 2504 355 2532 ponere
378 2496 404 2524 in
432 2496 556 2524 tumbam
589 2496 659 2525 beati
694 2496 841 2524 Laurentii.
865 2496 895 2523 Et
916 2496 988 2523 dixit

204 2652 212 2664 ¹
231 2653 297 2675 Vers.
319 2654 356 2679 1⁴23
374 2653 477 2681 sequitur
497 2653 561 2675 Dent.
579 2653 615 2680 32,
634 2653 675 2679 273
695 2653 805 2680 Vulgata:
823 2653 857 2676 Ne
874 2653 934 2682 l'orle
950 2659 987 2675 su-

138 2690 261 2720 perta-ent
278 2691 353 2714 hostes
371 2698 454 2714 eorum
471 2693 492 2714 et
509 2691 625 2714 dicerent:
644 2691 730 2714 Munus
748 2693 830 2714 nostra
848 2691 950 2719 (avolsa,
968 2692 989 2713 el

142 2736 189 2753 uon
208 2730 335 2758 Dominus,
355 2730 409 2759 sivit·
424 2730 482 2753 staec
499 2730 586 2753 omniu.

205 2769 214 2782 2
233 2770 308 2792 Potius
326 2770 430 2797 Gregor„
449 2771 461 2791 l.
479 2770 561 2791 Honiil.
580 2769 601 2791 in
620 2770 707 2797 Evang.
726 2770 803 2791 homil.
821 2770 843 2792 7.
860 2776 882 2792 n.
903 2770 922 2791 1.

205 2808 214 2821 s
232 2809 298 2831 Vei-s.
320 2810 357 2835 1ος
376 2809 486 2836 Vulgata:
506 2808 566 2831 Cum
582 2807 683 2836 smel-llis*
700 2808 793 2836 omnia,
818 2814 986 2837 (Inceptum-1¹-

139 2849 183 2877 pta
199 2849 256 2870 suut
272 2846 350 2874 vobis,
368 2846 435 2869 ‹lit-ite
453 2849 495 2869 etc.

205 2885 214 2898 4
232 2886 360 2913 Respicitur
378 2886 433 2907 Dan.
452 2886 477 2912 3,
495 2885 530 2907 25.
549 2891 614 2913 seqq.
841 2885 849 2897 ⁵
868 2886 932 2907 Vers.
954 2885 988 2907 15.

205 2924 214 2937 ⁴⁵
232 2927 336 2952 August„
355 2924 424 2946 xxu.
442 2924 470 2946 de
488 2923 535 2946 Cir.
548 2924 601 2950 Dei,
617 2930 637 2945 n.
654 2924 988 2949 15-19.etsern1.32vi.(alias

144 2965 180 2987 23.
198 2965 227 2987 de
245 2964 364 2989 Diversis).

1833 175 1889 203 483

1049 250 1134 286 Papa,
1155 250 1229 287 quod
1249 259 1303 279 uon
1325 254 1439 287 poneret
1461 259 1571 280 manum
1593 251 1620 280 in
1643 252 1808 280 removendo
1829 260 1889 280 cor-

1047 304 1099 333 pus
1131 297 1200 325 beati
1233 297 1386 331 Laurentii,
1408 297 1454 326 sed
1486 298 1560 334 quod
1592 298 1641 334 ipsi
1670 298 1831 327 accederent
1863 302 1890 327 et

1047 347 1188 372 sumerent
1219 351 1329 380 corpus.
1362 344 1429 373 Cum
1466 344 1639 381 aperuissent
1670 345 1829 381 sepulcrum
1862 348 1889 374 et

1047 390 1147 418 vellent
1177 390 1302 427 accipere
1330 398 1431 427 corpus
1463 391 1533 420 beati
1566 391 1718 425 Laurentii,
1740 391 1801 420 sacti
1824 395 1889 420 sunt

1046 444 1141 465 omnes
1162 437 1242 465 caeci.
1266 438 1342 465 Tunc
1363 437 1489 466 fecerunt
1510 441 1604 466 votum
1629 438 1707 466 beato
1728 439 1888 472 Laurentio,

1046 482 1118 519 quod
1141 491 1242 519 corpus
1262 483 1322 512 eius
1337 491 1390 512 non
1413 488 1595 518 removerent,
1610 488 1637 514 et
1652 485 1776 514 redditus
1789 489 1831 514 est
1851 485 1890 514 eis

1047 529 1130 557 visus.
1152 529 1261 564 Postea,
1282 538 1345 558 cum
1368 531 1468 559 vellent
1489 539 1590 567 ponere
1611 539 1712 568 corpus
1740 532 1809 560 beati
1832 533 1890 560 Ste-

1046 576 1128 612 phani
1152 576 1239 609 intra,
1261 584 1362 613 corpus
1382 577 1452 605 beati
1476 578 1612 606 Laurentii
1639 579 1750 607 secessit
1769 582 1796 607 et
1816 579 1890 608 dedit

1046 622 1136 650 locum
1158 623 1237 651 beato
1258 624 1395 659 Stephano
1407 624 1425 651 ⁷.
1442 624 1502 652 Fuit
1516 625 1599 661 igitur
1616 626 1747 654 mirabilis
1770 626 1887 655 virtutis.

1125 670 1248 698 Secundo
1270 671 1321 698 fuit
1342 671 1488 699 intrabilis
1509 672 1648 701 vei-atatis.
1670 674 1713 701 lile
1734 678 1825 702 autem
1848 678 1888 703 est
1901 680 1980 704 Propter
1993 681 2026 700 mi·

1902 709 1942 722 ram
1954 705 2022 724 verita-

1046 716 1179 745 mirabilis
1200 717 1338 751 veritatis,
1359 718 1385 745 in
1408 718 1488 746 cuius
1509 726 1591 754 opere
1613 719 1695 748 simul
1717 724 1888 749 concurrunt
1909 728 2019 754 *eudomi-

1046 763 1169 791 claritas
1190 764 1312 800 exempli
1332 765 1480 793 exterioris
1507 769 1534 793 et
1553 766 1726 802 simplicitas
1748 768 1824 796 ocull
1848 768 1888 796 in-

1047 810 1164 838 terioris.
1179 812 1256 846 Opus
1270 811 1342 838 6111111
1358 811 1481 839 veritatis
1496 815 1536 839 est
1551 821 1623 849 opus
1638 813 1800 847 claritatis;
1817 815 1888 843 unde

1047 856 1152 884 loannis
1176 856 1293 884 tertio⁸:
1317 857 1374 891 Qm‘
1400 858 1475 885 mule
1500 858 1562 894 cepit
1589 859 1648 887 odic
1669 860 1777 893 laomim
1798 861 1889 897 sequi-

1048 905 1108 930 tur:
1132 903 1190 938 Qut*
1210 902 1276 931 bene
1297 903 1359 939 ayi't
1381 903 1455 931 uenit
1476 904 1516 932 ad
1537 904 1638 939 lucem,
1653 910 1685 933 ut
1707 906 1890 943 manifesten—

1047 953 1096 977 tur
1117 958 1206 986 opera
1237 950 1316 983 etus,
1338 951 1478 988 quomam
1507 951 1538 978 iu
1572 952 1626 979 Deo
1657 952 1740 989 facta
1761 960 1836 982 szmt.
1861 955 1891 983 Et

1047 1000 1160 1033 propter
1176 997 1227 1024 hoo
1242 996 1307 1024 dicit
1323 997 1455 1025 Dominus
1470 998 1602 1034 Apostolis
1617 999 1742 1028 Matthaei
1756 1001 1852 1036 quinto
1863 1002 1889 1029 ⁰:

1048 1043 1095 1071 Sz‘e
1117 1043 1211 1071 taceat
1232 1043 1283 1071 lux
1298 1047 1394 1071 vestru-
1409 1052 1509 1072 coram.
1525 1043 1706 1080 hominibus,
1729 1051 1759 1074 111
1775 1048 1890 1076 videant

1047 1098 1136 1126 opera
1157 1094 1255 1118 vestra
1276 1090 1351 1118 bona
1372 1094 1396 1118 et
1416 1091 1577 1127 glorificent
1598 1093 1717 1121 Putrem
1745 1097 1888 1128 vestrum,

1047 1137 1099 1174 qm*
1119 1137 1150 1164 111
1178 1137 1265 1165 caelis
1292 1141 1340 1165 est.
1363 1137 1539 1175 Hypocritae
1563 1142 1654 1167 autem
1680 1139 1782 1168 faciunt
1807 1149 1890 1177 opera

1048 1191 1106 1217 sua,
1121 1187 1153 1211 ut
1169 1183 1324 1212 videamur
1339 1183 1375 1212 ab
1391 1183 1569 1218 hominibus,
1586 1188 1613 1213 et
1632 1185 1693 1214 ideo
1714 1191 1888 1216 evanescunt.

1047 1246 1085 1250 —
1115 1230 1145 1258 Et
1173 1232 1286 1266 propter
1316 1231 1367 1259 hoc
1397 1238 1459 1259 cum
1492 1231 1615 1260 claritate
1645 1233 1736 1269 operis
1766 1237 1889 1270 oportet,

1047 1277 1119 1313 quod
1152 1277 1222 1305 adsit
1252 1277 1426 1314 simplicitas
1448 1278 1541 1311 oculzss
1562 1278 1622 1317 ideo
1647 1279 1712 1308 dicit
1742 1280 1889 1309 Dominus:

1048 1324 1206 1357 Attendite,
1229 1333 1263 1352 ne
1284 1324 1427 1352 utentium
1452 1328 1575 1353 vestram
1591 1325 1713 1362 faciatis
1727 1336 1827 1355 coram
1843 1327 1888 1356 ho-

1047 1371 1188 1405 minibus,
1214 1375 1243 1399 ut
1264 1371 1425 1399 videamini
1446 1371 1482 1399 ab
1504 1372 1552 1400 eis.
1576 1372 1663 1401 Debes
1684 1373 1772 1402 facere
1788 1374 1889 1402 bonum

1048 1418 1074 1446 in
1096 1419 1203 1446 occulto
1224 1421 1360 1455 quantum
1381 1418 1415 1446 ad
1438 1422 1478 1451 te,
1501 1419 1547 1447 sed
1569 1419 1595 1447 in
1622 1420 1732 1456 publico
1754 1424 1889 1457 quantum

1047 1465 1079 1494 ad
1101 1465 1316 1494 aedificationem
1339 1465 1468 1501 proximi.
1491 1465 1590 1494 Beatus
1604 1467 1760 1503 Stephanus
1776 1476 1889 1504 magnae

1046 1512 1099 1541 fuit
1119 1512 1258 1545 veritatis,
1280 1520 1345 1548 ergo
1367 1515 1393 1540 et
1415 1520 1528 1548 magnae
1550 1513 1668 1541 virtutis.
1691 1529 1728 1533 —
1750 1514 1888 1550 Quaedam

1046 1559 1098 1587 fuit
1121 1559 1218 1587 inuiier
1241 1559 1349 1587 nomine
1365 1559 1504 1591 Petronia,
1526 1567 1597 1595 quae
1618 1559 1665 1587 diu
1679 1559 1770 1588 fuerat
1790 1561 1890 1589 afflicta

1046 1605 1218 1643 aegritudine
1233 1609 1260 1634 et
1271 1605 1371 1639 omnia,
1383 1613 1454 1642 quae
1469 1605 1594 1639 habebat,
1607 1607 1776 1642 expenderat
1793 1607 1816 1635 111
1833 1616 1888 1636 me-

1046 1653 1151 1682 dicinis.
1169 1653 1199 1681 Et
1214 1656 1309 1681 narrat
1321 1653 1489 1689 Augustinus
1504 1652 1530 1680 in
1547 1653 1616 1681 libro
1631 1653 1663 1681 de
1675 1653 1787 1682 Civitate
1799 1654 1846 1682 Dei
1857 1655 1887 1689 ¹⁰,

1047 1700 1119 1737 quod
1141 1700 1245 1728 invenit
1266 1699 1403 1736 quendam
1427 1699 1556 1727 iudaeum
1580 1700 1689 1736 magicis
1710 1700 1816 1729 artibus
1838 1701 1887 1729 im-

1047 1747 1161 1780 butum,
1184 1747 1230 1783 qui
1253 1746 1391 1775 consuluit
1413 1746 1452 1779 ei,
1474 1746 1545 1782 quod
1568 1746 1668 1775 faceret
1689 1746 1828 1783 cingulum
1855 1747 1887 1775 de

1046 1794 1151 1830 capillis
1172 1794 1229 1823 suis
1250 1797 1276 1822 et
1298 1796 1412 1830 poneret
1435 1793 1548 1821 anulum
1571 1794 1707 1830 quendam
1731 1793 1757 1821 in
1779 1794 1887 1831 cingulo

1046 1844 1073 1868 et
1094 1844 1217 1877 portaret
1238 1840 1269 1868 ad
1293 1847 1388 1873 renes,
1410 1843 1437 1868 et
1458 1840 1496 1867 sic
1518 1843 1672 1868 curaretur.
1697 1841 1726 1868 Et
1748 1848 1811 1868 cum
1833 1848 1886 1868 non

1046 1890 1137 1924 posset
1158 1887 1264 1921 curari,
1286 1886 1405 1920 audivit,
1420 1885 1493 1923 quod
1516 1887 1611 1915 beatus
1625 1887 1779 1923 Stephanus
1801 1887 1887 1914 multa

1046 1934 1178 1962 miracula
1209 1934 1326 1967 faceret3
1349 1933 1466 1961 multum
1499 1933 1596 1961 devota
1627 1933 1754 1969 cogitavit
1783 1933 1823 1961 ire
1853 1932 1887 1961 ad

1047 1981 1179 2017 templum
1203 1980 1271 2008 beati
1295 1979 1433 2016 Stephani.
1464 1980 1495 2007 Et
1515 1987 1578 2008 cum
1600 1980 1651 2007 iret
1676 1979 1701 2007 in
1725 1980 1782 2012 via,
1805 1979 1885 2012 vidit,

1045 2027 1159 2056 anulum
1183 2027 1259 2055 illum
1282 2027 1371 2055 iacere
1402 2026 1427 2054 in
1462 2029 1548 2059 terra,
1570 2030 1597 2054 et
1627 2026 1717 2054 statim
1744 2025 1885 2061 cogitavit,

1045 2074 1117 2111 quod
1141 2077 1241 2110 ruptus
1272 2076 1343 2102 esset
1371 2073 1514 2109 cingulus,
1542 2076 1569 2101 et
1590 2073 1663 2109 quod
1691 2073 1791 2100 anulus
1816 2075 1887 2100 esset

1045 2122 1164 2154 fractus:
1197 2120 1320 2157 respexit
1351 2123 1378 2148 et
1408 2119 1475 2148 vidit
1506 2120 1619 2148 anulum
1655 2120 1800 2156 integrum.
1834 2120 1886 2147 Hoc

1045 2172 1136 2197 autem
1158 2168 1221 2196 fecit
1242 2167 1339 2196 beatus
1360 2167 1531 2203 Stephanus,
1554 2166 1600 2203 qui
1623 2166 1725 2199 voluit,
1740 2166 1813 2202 quod
1828 2166 1886 2194 sine

1044 2215 1116 2243 omui
1133 2214 1327 2251 superstitione
1343 2214 1458 2242 intraret
1475 2213 1614 2249 templum,
1630 2215 1656 2241 et
1673 2213 1722 2240 hoc
1738 2213 1825 2249 potuit
1841 2220 1886 2240 ve-

1046 2262 1111 2290 ritas
1133 2261 1203 2289 [idei.
1221 2277 1256 2281 -
1273 2261 1322 2289 Sed
1339 2260 1416 2288 multi
1440 2260 1466 2287 in
1488 2259 1683 2296 superstitione
1698 2267 1747 2287 sua
1762 2259 1885 2287 efficiun—

1046 2312 1090 2336 tur
1112 2308 1196 2336 stulti.
1220 2307 1314 2335 Audivi
1337 2307 1370 2335 de
1391 2306 1525 2343 quodam,
1548 2306 1595 2342 qui
1612 2305 1770 2333 voluitesse
1785 2313 1886 2341 exper-

1015 2354 1017 2387 ξ
1046 2358 1089 2383 tus
1111 2355 1137 2382 in
1159 2353 1310 2389 alchymia,
1333 2353 1421 2381 factus
1449 2356 1489 2381 est
1517 2353 1633 2385 stultus:
1657 2352 1728 2380 unde
1760 2352 1810 2380 ista
1838 2360 1886 2380 cu-

1044 2402 1116 2430 riosa
1137 2409 1190 2429 non
1213 2403 1278 2429 sunt
1299 2400 1412 2428 dicenda
1434 2400 1543 2436 pueris,
1565 2399 1630 2435 quia
1657 2399 1764 2427 animae
1786 2407 1885 2435 puero-

1044 2456 1106 2477 rum
1129 2448 1310 2480 seducuutur,
1333 2447 1403 2475 sirut
1425 2454 1494 2482 puer
1516 2445 1634 2473 efficitur
1656 2446 1757 2479 strabo,
1776 2446 1885 2482 quando

1045 2496 1156 2523 lucerna
1178 2498 1219 2522 cst
1239 2501 1274 2521 ex
1296 2493 1454 2521 adversoss.

1108 2651 1115 2663 ⁷
1133 2651 1178 2673 Ct'r.
1197 2652 1249 2672 Acta
1268 2650 1416 2674 Saurtoruni,
1435 2652 1489 2670 tom.
1511 2649 1532 2670 ll.
1551 2648 1645 2675 Augusti
1665 2654 1718 2675 pag.
1736 2648 1792 2675 52⁸,
1810 2654 1831 2669 n.
1852 2648 1886 2670 11.

1045 2697 1108 2719 seqq.
1126 2693 1148 2712 ct
1165 2696 1218 2717 pag.
1237 2689 1293 2714 530,
1311 2695 1332 2709 n.
1352 2688 1386 2709 115.

1106 2728 1115 2740 ⁵
1134 2729 1199 2750 Yers.
1220 2729 1256 2749 20.
1274 2733 1333 2755 5611.;
1353 2727 1462 2754 Vulgata:
1482 2725 1564 2749 Omnis
1587 2725 1661 2753 mim,
1679 2725 1721 2754 (1111
1745 2724 1807 2747 'uiola
1824 2725 1886 2754 (ruit,

1044 2767 1092 2790 odit
1109 2767 1182 2790 lucem
1202 2768 1222 2789 et
1240 2772 1285 2788 uon
1313 2765 1373 2788 reuit
1394 2765 1426 2787 (nl
1443 2765 1531 2792 lucem,
1551 2766 1575 2787 ιιι
1593 2770 1639 2787 non
1657 2766 1795 2793 nryuautur
1813 2770 1885 2793 opera

1044 2806 1100 2829 eius.
1120 2805 1166 2833 Oui
1181 2806 1258 2827 aulam
1277 2804 1334 2833 fucit
1359 2803 1479 2826 veritatem
1502 2803 1562 2826 veuit
1584 2803 1616 2825 ud
1637 2803 1725 2831 lucem,
1745 2804 1769 2825 ut
1792 2803 1887 2832 mousse-

1044 2846 1135 2867 slenlm·
1153 2850 1223 2873 opera
1241 2843 1303 2871 eius,
1322 2843 1376 2872 quia
1396 2842 1418 2864 111
1438 2843 1483 2865 Deo
1500 2843 1555 2864 sunt
1572 2842 1643 2871 lucto.

1106 2882 1116 2895 θ
1133 2883 1197 2904 Vei-s.
1221 2883 1256 2906 lss:
1275 2882 1379 2910 sequitur
1396 2888 1416 2903 c.
1434 2882 1459 2908 ti,
1477 2881 1499 2903 5.
1516 2884 1534 2903 ct
1554 2881 1637 2903 deiude
1656 2888 1676 2902 v.
1700 2882 1716 2902 1.

1108 2922 1127 2934 ¹⁰
1145 2922 1204 2944 Libr.
1223 2922 1292 2943 xxu.
1310 2929 1329 2943 ‹·.
1348 2922 1369 2942 «ἢ.
1387 2927 1409 2942 n.
1427 2922 1463 2942 21.

1108 2961 1125 2973 ¹¹
1146 2961 1203 2983 Vide
1221 2967 1290 2988 supra
1309 2966 1361 2988 pag.
1380 2960 1437 2986 200,
1456 2963 1532 2981 nolam
1552 2960 1572 2981 S.

1936 753 1989 770 ester.

1924 821 2002 840 Claritas

1919 845 2005 868 exempli.

1906 1240 2019 1264 Simplicitas

1937 1265 1993 1283 oculi.

1905 1521 2000 1545 Exempla.

1904 2266 1972 2285 Contra
1985 2272 2014 2285 su-

1913 2290 2006 2313 perstitio-

1935 2318 1985 2332 nem.
