2243 3348
232 1936 302 1957 Tertio,
313 1935 359 1954 Ver-

232 1960 276 1978 bum
287 1963 359 1978 conser-

232 1988 277 2001 vans
286 1984 307 2001 ut
315 1983 360 2000 vita.

254 2310 369 2329 Confirmanv

237 2335 267 2352 tur
276 2334 312 2352 tria
319 2334 368 2352 dicta

237 2362 271 2380 pei·
287 2357 369 2381 Scriptu-

236 2385 283 2398 ram.

360 170 416 198 316

361 252 385 276 et
406 248 483 285 quod
505 255 605 275 nomeu
624 245 694 274 Filii
707 244 786 276 eim,
802 243 829 270 si
841 241 938 270 nosti?
954 240 995 269 Ne
1009 240 1105 268 addas
1119 238 1203 276 qaid—

361 302 449 333 qaam
474 293 566 321 uerbis
588 292 667 320 illius
688 294 712 319 et
733 289 879 326 aryaarz's
896 286 1113 323 inveniarisque
1127 293 1204 312 men-

362 342 430 369 dax.
455 357 489 360 -
513 338 641 375 Proponit
662 336 849 373 quaestionem
879 334 987 362 dicens:
1009 333 1083 368 Quis
1105 339 1204 359 aseen-

362 388 403 416 da
425 390 509 424 alque
541 383 703 413 deseendit?
725 382 827 410 scilicet
855 381 958 408 virtute
980 378 1101 415 propria.
1133 377 1205 413 Quis

363 433 503 462 contiuua
523 431 663 467 spiritum
696 429 726 456 in
750 427 886 456 inanibus
906 426 992 454 suis?
1015 425 1039 453 id
1062 428 1119 458 est,
1142 424 1205 460 quis

363 484 403 509 est
424 479 553 507 Conditor
575 480 719 505 creaturae
740 473 892 511 spiritualis
914 476 940 501 et
966 470 1205 507 incorruptibilis?

363 530 389 555 et
411 526 470 554 ideo
491 523 662 560 spiritualem
684 524 840 550 creaturam
862 519 928 547 dicit
949 517 1205 553 incorruptibilem,

363 573 428 609 qnia
450 572 523 599 Deus
544 568 683 597 manibus
703 568 767 596 suis
789 571 876 599 leuet,
898 566 1001 594 scilicet
1023 564 1138 600 Angelos
1159 564 1206 591 bo-

363 627 427 651 nos;
449 618 514 655 quia
535 617 607 645 enim
631 624 665 644 ex
689 615 774 643 nihilo
796 617 875 647 sunt,
898 613 958 641 ideo
974 612 1000 639 in
1016 611 1132 639 nihilum
1150 614 1207 639 ten-

363 667 474 698 derent,
497 665 546 693 nisi
580 670 678 692 manus
711 661 756 690 Dei
780 664 886 689 teneret
907 668 969 693 eos;
991 662 1018 687 et
1049 658 1095 694 qui
1129 658 1208 685 aliter

364 712 504 748 intelligit,
528 712 571 739 ille
594 718 646 738 non
680 708 806 745 intelligit
833 707 1013 736 fundamenta
1042 705 1112 733 tidei.
1137 704 1209 740 Quis

364 759 506 788 continuit
520 758 659 794 spiritam
676 757 704 784 in
721 754 859 783 manibus
874 753 958 782 sais?
973 753 998 781 id
1014 756 1064 785 est,
1080 752 1209 788 spiritua-

366 807 417 835 lem
440 808 596 834 ereaturam
619 803 738 832 condidit
752 806 779 830 et
794 803 959 830 conservat?
980 800 1051 835 Qais
1065 798 1211 835 colliyaoic

365 861 460 891 aquas
492 851 579 889 quasi
609 851 639 878 in.
670 848 856 877 ‘uestimento'P
878 848 903 876 id
926 851 975 881 est,
997 847 1059 883 quis
1091 845 1211 874 condidit

366 902 521 929 creaturam
544 897 714 934 corporalem
736 899 763 924 et
784 894 1024 927 commutabilem,
1046 893 1078 921 ad
1103 896 1212 928 tempus

367 950 457 975 tamen
481 944 715 974 conservabilem?
732 943 790 971 ideo
811 941 877 970 dicit
898 941 929 969 iii
950 941 1123 969 vestimento.
1141 938 1212 975 Quis

368 993 521 1021 suscitavit
543 999 639 1019 omnes
668 989 805 1018 terminos
828 988 944 1017 terrae?
967 988 991 1015 id
1015 990 1070 1020 est,
1093 986 1156 1023 quis
1176 994 1212 1014 ex

369 1044 444 1069 terra
466 1039 598 1076 produxit
619 1040 791 1069 creaturam,
813 1043 884 1072 quae
906 1035 989 1063 habet
1010 1037 1137 1062 naturam
1153 1041 1214 1061 cor-

370 1087 490 1123 poralem
513 1088 539 1113 et
561 1084 747 1121 spiritualem,
769 1083 839 1111 sicut
861 1085 901 1110 est
923 1082 1025 1109 homo?
1041 1080 1066 1108 id
1082 1083 1136 1113 est,
1151 1079 1214 1116 quis

370 1136 411 1162 est
432 1133 544 1161 Creator
566 1131 715 1167 spirituum
737 1133 763 1158 et
785 1136 933 1164 corporum
956 1131 983 1156 et
1004 1127 1164 1159 bominum,
1188 1126 1213 1153 in

370 1188 425 1217 quo
440 1182 481 1208 est
495 1185 648 1207 concursus
666 1176 851 1213 spiritualium
868 1178 894 1203 et
909 1174 1115 1210 corporalium?
1132 1173 1214 1208 Quod

370 1234 473 1254 nomen
494 1229 533 1253 esi
555 1225 617 1252 elas
638 1228 662 1251 el
684 1223 760 1260 quod
781 1230 883 1250 ‘nomen
906 1220 976 1249 Filii
996 1219 1079 1248 eius?
1106 1219 1215 1247 Nomen

372 1272 442 1301 Filii
455 1272 517 1300 eius
532 1275 573 1299 est
588 1270 718 1298 Verbum,
736 1270 793 1305 lpse
808 1272 857 1301 est,
873 1268 919 1305 qui
935 1267 968 1295 de
984 1267 1058 1295 caelo
1073 1265 1215 1294 dewendil

371 1323 398 1348 et
410 1319 547 1351 aseendit,
561 1317 693 1345 Dominus
708 1316 912 1348 universorum,
924 1315 1004 1342 cuius
1018 1316 1059 1341 est
1074 1312 1216 1349 atlingyere

372 1376 391 1395 a·
405 1367 461 1402 line
476 1374 566 1403 nsque
582 1364 621 1392 ad
634 1364 719 1400 finem
734 1365 751 1390 ¹.
769 1362 809 1391 Ne
831 1362 927 1390 addas
942 1361 1101 1398 quidquam
1124 1358 1216 1387 uerbis

372 1414 464 1446 illius,
487 1416 511 1440 el
532 1411 677 1448 «waaris
700 1409 916 1446 inveniarisque
936 1408 1080 1439 mendane,-
1103 1407 1147 1435 ille
1169 1406 1214 1442 qui

372 1461 456 1497 ponit,
468 1459 570 1495 aliquid
584 1459 624 1486 vel
640 1465 699 1485 esse
711 1456 891 1493 cognoscibile
905 1455 946 1483 vel
961 1454 1089 1487 factibile,
1101 1453 1174 1490 quod
1191 1453 1215 1481 in

373 1507 462 1535 Verbo
483 1506 529 1534 Dei
554 1513 606 1533 non
629 1504 664 1533 sit
685 1504 757 1532 vela
772 1503 862 1531 Verbo
880 1502 938 1535 Dei,
959 1501 1084 1529 mendax
1100 1504 1148 1529 est.
1167 1501 1217 1528 lste

372 1555 418 1591 qui
441 1556 481 1582 est
503 1552 658 1581 universale
681 1550 862 1587 principium,
885 1552 998 1581 cuncta,
1014 1551 1128 1580 cuncta,
1151 1556 1217 1576 cun-

372 1605 415 1630 cta
435 1599 593 1629 fabricando
615 1597 763 1635 produxit,
780 1596 955 1633 superfertur
970 1596 1112 1628 omnibns,
1127 1594 1218 1622 onmia

372 1648 443 1676 fecit.
467 1647 497 1674 Et
525 1646 596 1674 sirut
621 1645 679 1673 sine
708 1643 859 1672 mutatione
891 1643 933 1670 sui
966 1642 1100 1669 mundum
1130 1641 1219 1669 facere

373 1694 477 1731 potuit,
504 1693 541 1721 ita
569 1696 695 1720 naturam
725 1691 875 1718 humanam
908 1696 1050 1717 assumere
1079 1688 1168 1724 potuit
1192 1690 1219 1715 et

374 1741 406 1769 ad
428 1743 503 1768 astra
523 1738 679 1768 ascendere.
703 1737 734 1765 Et
755 1744 898 1765 assumens
920 1738 1046 1763 naturam
1071 1735 1218 1762 humanam

375 1796 427 1815 non
451 1790 585 1819 imitatur,
607 1785 652 1813 sed
675 1786 828 1812 assumtum
845 1786 986 1815 mutatur,
1002 1781 1067 1818 quia
1087 1792 1099 1806 «
1115 1780 1220 1809 stabilis

375 1842 504 1867 manens,
526 1833 571 1861 dat.
592 1835 691 1860 cuncta
712 1831 816 1859 moveri
829 1830 839 1846 2
852 1841 877 1857 ».

454 1880 546 1908 Tertio
567 1879 655 1907 exibit
677 1886 695 1906 a
719 1878 808 1905 Patre
836 1876 908 1905 sicut
931 1876 1051 1904 Verbum
1080 1875 1221 1903 'universa

375 1934 568 1959 conservans,
590 1925 656 1962 quia
686 1926 728 1952 est
758 1923 937 1951 fontalissima
958 1922 1036 1955 vila;
1058 1921 1130 1950 unde
1153 1922 1221 1957 Apo-

377 1975 464 2003 stolus
479 1974 504 2001 3:
530 1973 604 2001 Olim
626 1972 742 2010 loquens
760 1971 834 1998 Deas
852 1969 992 1997 Patribus
1007 1969 1038 1997 in.
1054 1967 1221 2005 Prophetis,

377 2021 532 2049 nouissime
546 2023 643 2048 aulem
658 2018 758 2047 diebus
773 2017 836 2045 iscis
851 2017 964 2045 locatas
979 2019 1020 2044 est
1033 2015 1114 2044 nobis
1130 2015 1161 2043 in
1175 2015 1222 2042 Fi-

380 2068 433 2101 lio,
463 2076 547 2105 quem
576 2065 724 2094 constituit
751 2064 879 2092 heredem
905 2063 1130 2094 aaiversorum;
1156 2061 1222 2099 qai,

379 2123 445 2143 eam
466 2114 503 2142 sii
524 2113 659 2150 splendor
672 2112 784 2149 yloriae
799 2115 824 2138 et
837 2110 938 2147 βψω-α
959 2108 1141 2137 substantiae
1161 2108 1224 2136 eius

376 2165 556 2198 portansque
578 2159 677 2187 omnia
706 2157 790 2186 uerbo
818 2157 938 2185 virtutis
959 2164 1048 2189 suae,
1067 2155 1224 2192 pareatib-

379 2217 443 2236 neni
463 2211 646 2244 peccalorum
669 2204 798 2241 faciens,
820 2204 895 2232 sedet
923 2204 962 2232 ad
991 2203 1140 2231 dexteram
1163 2202 1224 2230 Ma-

381 2254 490 2283 iestatis
511 2254 540 2281 in
563 2252 688 2281 excelsis.
706 2268 741 2272 -—
762 2251 886 2287 Explicat
908 2250 1070 2287 mysterium
1094 2249 1172 2283 fidei,
1194 2252 1225 2277 ut

380 2302 461 2330 saciat
476 2302 566 2337 ipsum
583 2299 712 2328 credibile
727 2307 763 2327 ex
781 2298 860 2327 modo
883 2297 1061 2334 proponendi.
1086 2296 1165 2325 Sedet
1187 2295 1227 2324 ad

383 2349 548 2381 dexteram,
570 2351 602 2375 ut
634 2347 717 2383 quis?
739 2346 833 2379 Certe,
856 2345 902 2382 qui
925 2348 967 2373 est
998 2344 1129 2372 Verbum.
1151 2343 1227 2372 Unde

383 2395 461 2423 dicit:
486 2394 646 2423 Nouissime
668 2393 780 2421 locata-s
801 2397 840 2420 est
862 2391 944 2420 nobis
969 2391 1001 2419 iii
1024 2390 1115 2423 Filio,
1144 2398 1227 2427 quem

384 2442 531 2470 conslitail
553 2440 681 2469 heredem
704 2440 919 2468 uniuersorum.
943 2439 1000 2475 lpse
1025 2437 1156 2466 Dominus
1187 2440 1228 2465 est

384 2489 589 2521 universorum,
604 2487 727 2516 Verbum
744 2489 785 2515 est
799 2485 889 2514 omnia
904 2484 1060 2521 orz'yinans
1070 2507 1077 2517 ‚
1099 2483 1165 2520 quia
1179 2491 1228 2519 per

385 2535 475 2571 ipsum
504 2534 596 2562 omnia
624 2533 701 2567 secit3
723 2535 750 2561 et
771 2535 878 2569 quare?
906 2531 992 2559 Dicit:
1014 2531 1066 2568 qai
1093 2538 1159 2558 eam
1190 2530 1229 2558 sic

384 2581 519 2618 splendor
539 2580 660 2617 gloriae.
675 2596 714 2599 ——
728 2579 808 2613 ltem,
831 2581 872 2607 est
892 2577 1014 2606 Verbum
1037 2577 1128 2605 omnia
1141 2584 1229 2613 prae-

385 2628 547 2660 ordinans,-
562 2630 588 2655 et
603 2629 711 2663 quare?
727 2626 792 2663 quia
806 2629 847 2654 est
869 2624 971 2662 figura
985 2623 1176 2652 substantiae.
1191 2639 1230 2643 —

386 2676 468 2709 Item,
491 2678 532 2703 est
554 2674 676 2703 Verbum
698 2673 790 2701 onmia
811 2680 987 2701 conservaris
1019 2671 1091 2700 sicut
1111 2670 1230 2699 fontalis-

1022 161 1194 190 SERMONES
1214 160 1257 189 DE
1279 159 1442 188 TEMPORE.

1261 238 1328 265 sima
1351 236 1420 269 vita;
1443 235 1516 264 unde
1538 235 1618 263 dicit:
1644 235 1770 262 Portam
1792 234 1892 262 omnia
1913 233 1997 262 uerbo
2018 233 2106 262 uiriu-

1261 284 1297 311 tis
1318 291 1397 311 suae.
1416 283 1445 310 Et
1459 282 1536 310 sicat
1552 282 1641 309 Pater
1655 281 1746 309 eiiam
1769 280 1850 309 babel
1872 281 1900 309 ‘in
1923 280 2072 317 semetipso
2083 281 2105 314 4,

1262 330 1299 358 ita
1320 329 1403 357 vitam
1426 329 1509 356 habet
1529 328 1556 356 in
1579 327 1658 361 Filio;
1681 331 1708 355 et
1733 327 1804 355 sicut
1834 327 1917 355 vitam
1945 327 2026 355 liabet
2058 334 2106 363 per

1262 375 1423 408 essentiam,
1445 375 1482 403 ita
1503 377 1530 403 et
1551 374 1649 407 Filius,
1672 374 1737 410 quia
1768 382 1821 402 non
1856 373 1901 401 dat
1934 377 2038 410 partem
2065 381 2107 402 es-

1263 422 1366 451 sentiae
1394 422 1471 455 Filio,
1501 421 1546 449 sed
1571 424 1653 449 totam
1676 421 1830 449 essentiam.
1860 420 1911 449 Sed
1940 421 2005 457 quia
2036 420 2106 449 alius

1262 468 1367 496 modas
1387 471 1429 496 est
1459 467 1564 496 essendi
1599 467 1623 495 in
1658 467 1735 495 l'atre
1756 471 1784 495 et
1805 467 1830 495 in
1858 467 1938 500 Filio,
1962 467 2021 496 ideo
2043 470 2108 495 sunt

1264 522 1396 551 personae
1417 514 1568 542 distinctae.
1592 514 1662 542 Dicit
1683 514 1782 550 igitur:
1801 513 1880 542 Dixit
1898 513 2038 542 Dominus
2055 514 2108 542 Do-

1264 561 1343 590 mino
1364 570 1439 589 meo:
1456 561 1524 589 Sede
1540 569 1559 588 a
1574 561 1685 588 dextris
1707 560 1785 589 meis.
1813 561 1882 588 Dicit
1908 561 2005 597 igitur:
2024 560 2111 589 Exivi

1265 617 1284 637 a
1308 609 1397 636 Patre
1418 608 1489 637 sicut
1520 607 1642 636 Verbum
1674 607 1805 636 universa
1830 616 2023 641 conservans,
2045 607 2110 644 quia

1265 659 1306 684 est
1328 655 1505 683 fontalissima
1528 654 1597 688 vita;
1621 654 1693 682 uncle
1714 654 1778 682 dicit
1798 654 1823 682 in
1840 654 1952 682 loanne:
1970 653 2111 690 Clariliea

1266 711 1326 737 me,
1356 707 1386 730 cu
1410 702 1516 734 Pater,
1542 701 1675 729 claritate
1699 701 1782 737 apud
1803 701 1999 738 temetipsam,
2021 709 2111 739 qaam

1267 749 1374 783 babiti,
1394 749 1571 786 priusqaanz
1593 748 1723 776 amiradus
1743 751 1827 782 esset,
1849 749 1930 785 apud
1952 752 1982 776 le.

1346 797 1383 824 De
1405 796 1456 824 isto
1479 795 1578 831 triplici
1601 795 1679 823 exitu
1702 794 1782 823 Verbi
1806 803 1822 823 a.
1843 795 1930 828 Patre,
1945 795 2048 824 scilicet
2063 802 2112 832 per
2125 799 2222 826 florantii

1269 844 1379 872 modum
1402 843 1483 871 Verbi
1507 843 1637 871 universa
1658 842 1819 878 originantis
1840 845 1867 869 et
1888 841 2019 870 universa
2035 849 2113 878 prae-
2129 823 2226 867 {gflssffiss't

1268 890 1420 919 ordinantis
1441 893 1467 917 et
1489 889 1686 921 conservantis⁷
1709 888 1774 925 quia
1794 891 1835 917 est
1855 888 1904 916 lux
1920 888 2114 922 fontalissima,

1270 938 1325 966 vita
1355 937 1535 965 fontalissinia
1566 939 1593 964 et
1624 936 1714 963 virtus
1741 935 1937 968 fontalissima,
1958 934 2059 963 dicitur
2087 934 2114 962 in

1272 986 1368 1013 loanne
1380 985 1406 1012 ⁵:
1423 985 1455 1012 lu
1469 983 1617 1020 principio
1633 987 1696 1010 erat
1719 982 1855 1015 Verbum,
1870 985 1895 1009 et
1916 981 2037 1010 Verbum
2053 984 2116 1009 crat

1271 1032 1352 1068 apad
1377 1032 1483 1064 Deum,
1506 1035 1530 1058 et
1554 1030 1629 1058 Deus
1650 1033 1713 1057 erac
1742 1029 1872 1057 Verbum.
1904 1029 1963 1057 Hoc
1991 1031 2054 1056 erat
2085 1027 2117 1056 in

1268 1078 1417 1115 principio
1432 1077 1514 1115 apud
1528 1078 1626 1105 Deam.
1645 1076 1752 1104 Omnia
1764 1084 1818 1112 per
1829 1076 1928 1112 ipsum
1942 1074 2024 1112 faeta
2038 1078 2117 1108 sanc,

1271 1129 1295 1153 el
1316 1125 1378 1153 sine
1399 1125 1461 1161 ipso
1485 1123 1600 1161 filetum.
1621 1127 1660 1151 esi
1682 1122 1764 1152 nibil.
1788 1123 1870 1158 Quod
1891 1121 2004 1159 faciam
2026 1126 2066 1150 est
2087 1121 2118 1150 in

1273 1172 1334 1209 ipso
1356 1172 1417 1200 vita
1438 1172 1534 1204 eraiG,
1556 1174 1579 1198 el
1600 1171 1661 1198 vila
1683 1173 1746 1198 erui
1767 1170 1818 1198 law
1840 1169 2005 1203 bominum,
2021 1173 2047 1197 et
2066 1169 2118 1197 lux

1272 1219 1302 1247 in
1319 1218 1440 1246 tenebris
1455 1218 1536 1246 lueet.
1553 1218 1609 1246 Non
1632 1217 1729 1250 homo,
1752 1225 1804 1244 non
1828 1216 1958 1253 Angelus,
1974 1224 2027 1244 non
2049 1215 2120 1244 alius

1273 1265 1362 1301 potuit
1377 1265 1517 1301 explicare
1538 1264 1644 1292 exitum
1662 1262 1742 1291 Verbi
1759 1271 1775 1291 a
1790 1263 1868 1291 Patre
1883 1262 1933 1291 nisi
1949 1262 2040 1299 ipsum
2057 1262 2121 1291 Ver-

1274 1312 1349 1340 bum.
1363 1328 1399 1331 —
1415 1311 1483 1339 Dicit
1497 1311 1593 1347 igitur:
1609 1310 1694 1338 Exivi
1708 1318 1727 1337 a
1741 1310 1830 1337 Patre
1843 1313 1872 1337 ut
1884 1308 2005 1337 Verbum
2022 1310 2121 1337 cuncta

1271 1359 1501 1396 praeordinante,
1517 1358 1582 1394 quia
1605 1360 1635 1385 ut
1656 1357 1706 1385 lux
1728 1356 1922 1389 fontalissima3
1943 1355 2018 1384 unde
2039 1355 2118 1384 dicit:

1276 1407 1308 1434 ln
1319 1405 1467 1442 principio
1482 1407 1546 1432 erat
1564 1403 1695 1437 Verbum,
1708 1408 1732 1431 el
1746 1404 1820 1431 Deus
1835 1407 1900 1431 erat
1917 1402 2046 1431 Verbum.
2059 1403 2120 1431 Hoc

1274 1457 1338 1481 erat
1360 1453 1391 1480 in
1410 1451 1558 1488 principio
1580 1451 1662 1488 apud
1686 1451 1783 1479 Deam.
1807 1450 1849 1478 Sic
1870 1450 1956 1487 igitur
1970 1453 2034 1478 erat
2056 1450 2121 1478 Ver—

1276 1499 1344 1527 bum
1365 1499 1397 1527 iii
1411 1498 1570 1535 principio,
1586 1506 1639 1525 non
1656 1497 1727 1525 sicut
1741 1500 1870 1525 creatura
1885 1497 1912 1525 in
1928 1497 2057 1525 Creatore
2072 1504 2121 1533 per

1276 1546 1424 1583 potentiam
1443 1544 1611 1581 producendi
1631 1544 1734 1578 solum,
1756 1544 1802 1572 sed
1824 1547 1888 1572 erac
1910 1543 1991 1580 apud
2015 1543 2121 1577 Deam,

1276 1593 1302 1621 id
1331 1595 1372 1621 est
1400 1592 1489 1625 Deus,
1516 1592 1565 1619 lux
1594 1594 1721 1623 aeterna,
1743 1590 1917 1627 splendorem
1945 1593 2121 1619 coaeternum

1277 1639 1381 1668 babuit.
1407 1639 1527 1667 Verbum
1549 1637 1704 1674 originatur
1725 1646 1741 1665 a
1761 1637 1868 1666 dicente
1889 1637 1961 1666 sicut
1985 1645 2001 1665 a
2022 1637 2123 1674 princi-

1277 1686 1336 1723 pio,
1359 1686 1395 1714 ita
1416 1685 1499 1713 Filius
1521 1693 1535 1713 a
1559 1685 1636 1713 Patre
1657 1688 1684 1712 et
1705 1688 1746 1713 est
1768 1684 1849 1712 Deus.

1357 1733 1421 1760 Item
1443 1731 1531 1759 carluil
1553 1731 1635 1759 Filius
1656 1739 1676 1759 a
1697 1731 1788 1759 Patre
1816 1734 1847 1759 ut
1879 1730 2000 1759 Verbum
2033 1730 2124 1759 omnia
2136 1734 2239 1783 ltoulsffiffiii-

1275 1779 1476 1817 principiam,
1499 1779 1565 1815 quia
1585 1782 1626 1807 est
1643 1778 1732 1806 virtus
1746 1778 1940 1811 fontalissiina;
1956 1777 2029 1806 unde
2043 1777 2122 1806 dicit:

1280 1826 1387 1855 Omnia
1406 1834 1459 1862 pei·
1481 1825 1579 1861 ipsam
1600 1824 1683 1861 facia
1703 1828 1789 1858 sant,
1811 1828 1836 1852 el
1856 1824 1919 1852 siae
1933 1824 1996 1861 ipso
2010 1823 2123 1861 factum

1278 1877 1317 1902 esi
1337 1872 1419 1901 iiiliil.
1443 1873 1563 1901 lnculcat
1584 1872 1706 1909 primum
1729 1873 1756 1900 in
1778 1872 1914 1906 secundo;
1937 1871 1970 1900 ad
1985 1871 2126 1900 illustran-

1278 1921 1344 1949 dum
1361 1920 1454 1948 fideles
1468 1924 1496 1949 et
1510 1919 1732 1947 confundendum
1749 1919 1901 1947 haereticos
1915 1918 1994 1947 dicit:
2020 1917 2126 1946 Omnia

1276 1976 1330 2005 per
1352 1968 1450 2004 ipsum
1470 1966 1554 2004 faeta
1574 1970 1660 2000 sunl,
1683 1974 1736 1994 non
1758 1966 1848 1994 solum
1867 1973 1930 1994 vere
1945 1965 2027 1999 entia,
2043 1965 2126 1993 immo

1279 2022 1473 2051 quaecumque
1494 2014 1582 2047 entia,
1605 2013 1684 2041 aliter
1706 2021 1759 2041 non
1783 2015 1848 2041 sunt
1868 2012 1957 2046 entia,
1979 2012 2045 2049 quia
2065 2011 2127 2040 sine

1281 2062 1343 2098 ipso
1366 2061 1477 2097 saetam
1501 2064 1541 2088 est
1563 2059 1644 2088 nibil.

1359 2108 1451 2136 Tertio
1472 2107 1561 2136 exivit
1582 2115 1602 2135 a
1626 2107 1715 2135 Patre
1730 2107 1801 2135 sicut
1816 2106 1939 2135 Verbum
1954 2106 2046 2135 omnia
2061 2114 2127 2134 eon-

1280 2163 1419 2188 seruaas,
1435 2155 1500 2191 quia
1522 2158 1563 2183 est
1577 2154 1758 2182 fontalissima
1773 2153 1843 2187 vita;
1860 2153 1933 2182 unde
1947 2153 2028 2182 dicit:
2045 2152 2128 2188 Quod

1281 2202 1392 2240 factam
1416 2206 1455 2230 esi
1478 2202 1507 2229 in
1529 2203 1591 2238 ipso
1613 2201 1675 2230 viia
1696 2205 1761 2229 erat
1769 2224 1777 2234 ,
1800 2204 1824 2229 ei
1845 2201 1907 2229 vila
1928 2204 1992 2228 erac
2013 2199 2064 2228 lux
2079 2198 2128 2227 lio—

1282 2250 1393 2278 minam
1411 2252 1461 2277 etc.
1478 2249 1647 2285 Augustinus
1661 2248 1670 2264 ⁷
1685 2248 1800 2284 exponit
1817 2251 1844 2276 et
1858 2247 1932 2281 dicit,
1947 2246 2019 2284 quod
2041 2258 2054 2271 «
2065 2253 2129 2274 arca

1284 2296 1350 2324 vivit
1371 2295 1397 2323 in
1420 2298 1510 2323 mente
1532 2295 1645 2323 artificis
1658 2305 1682 2322 n.
1699 2294 1795 2328 Omne,
1810 2294 1883 2331 quod
1905 2293 2008 2322 factum
2029 2295 2079 2325 est,
2101 2292 2128 2320 in

1284 2345 1374 2370 mente
1396 2342 1442 2370 Dei
1465 2342 1654 2378 exemplatum
1687 2344 1728 2370 est
1758 2344 1785 2370 et
1806 2341 1890 2369 habet
1915 2339 2074 2368 conservari
2095 2339 2129 2367 ab

1284 2397 1324 2418 eo.
1348 2389 1378 2417 Et
1400 2389 1494 2417 eadem
1516 2391 1557 2417 est
1579 2388 1648 2417 ratio
1669 2388 1761 2416 omnia
1778 2386 2017 2425 praeordinans,
2038 2385 2130 2414 omnia

1282 2435 1472 2472 principiam
1493 2438 1521 2464 et
1540 2436 1634 2463 omnia
1654 2443 1848 2466 conservans,
1870 2436 1897 2462 et
1919 2433 1976 2469 ipse
1997 2432 2044 2469 qui
2060 2435 2101 2461 est
2115 2440 2131 2460 a

1286 2483 1381 2515 Patre,
1403 2485 1444 2510 est
1466 2482 1515 2510 lux
1538 2485 1647 2515 nostra,
1670 2481 1759 2509 virtus
1780 2483 1875 2509 nostra
1899 2483 1926 2508 et
1951 2479 2006 2507 vita
2027 2480 2129 2507 nostra.

1287 2529 1384 2563 Adam,
1407 2533 1437 2557 ut
1459 2528 1526 2566 quid
1548 2528 1667 2557 cecidisti
1690 2528 1717 2556 in
1738 2530 1871 2561 mortem,
1894 2526 1920 2555 in
1942 2525 2131 2554 infirmitatem

1286 2579 1313 2604 et
1335 2576 1361 2604 in
1385 2575 1549 2612 caliginem?
1571 2575 1666 2609 Certe,
1688 2574 1754 2611 quia
1775 2573 1912 2602 recessisti
1927 2581 1944 2601 a
1964 2572 2038 2601 fonte
2053 2571 2131 2604 lucis,

1287 2631 1302 2651 a
1324 2623 1397 2651 fonte
1419 2622 1531 2651 virtutis
1552 2625 1579 2650 et
1599 2630 1615 2650 a
1636 2621 1710 2650 fonte
1732 2621 1811 2649 vitae.
1834 2620 1944 2648 Dictum
1959 2618 2011 2647 fuit
2025 2617 2131 2647 AdaeS:

1286 2670 1322 2697 In
1336 2678 1517 2707 qaoeanzqae
1538 2669 1583 2697 die
1604 2668 1761 2697 comederis
1777 2667 1810 2695 de
1825 2666 1903 2704 liquo
1917 2665 2053 2694 scientiae
2067 2664 2134 2692 boni

450 2840 457 2853 ¹
477 2842 530 2868 Sap.
549 2841 569 2867 8,
591 2841 607 2861 1.

450 2879 459 2891 ²
478 2879 597 2906 Boethius,
616 2879 647 2901 lll.
666 2879 695 2901 de
711 2878 838 2905 Consolat,
856 2881 929 2900 metro
947 2877 968 2899 9.

451 2917 459 2930 ³
476 2918 545 2940 Hebr.
565 2919 585 2945 l,
605 2919 651 2940 t-3.

450 2956 459 2969 ⁴
478 2959 536 2980 loen.
555 2957 575 2984 5,
594 2958 636 2984 263
654 2961 781 2986 sequuntur
799 2957 834 2978 ΡΞ,
855 2957 905 2983 109,
926 2957 944 2977 1.
961 2958 983 2978 et
1000 2957 1060 2978 loen.
1079 2955 1115 2983 l7,
1133 2955 1155 2977 5.

1352 2835 1360 2847 ⁵
1377 2835 1434 2863 Cap.
1456 2836 1473 2861 l,
1492 2835 1538 2857 1-5.

1352 2874 1362 2887 ⁶
1379 2874 1422 2897 Ctr.
1441 2878 1497 2897 tom.
1515 2875 1550 2896 Vl.
1567 2881 1621 2902 pag.
1640 2873 1693 2900 249,
1710 2880 1732 2895 n.
1755 2874 1789 2894 ll.

1353 2913 1362 2926 ⁷
1380 2914 1455 2936 Tract.
1475 2915 1494 2936 rl.
1513 2914 1534 2936 iu
1553 2915 1614 2936 loon.
1634 2914 1720 2940 Evang.
1738 2919 1759 2934 n.
1781 2912 1815 2934 17.

1354 2952 1363 2965 ⁸
1380 2954 1435 2976 Gen.
1453 2954 1480 2980 2,
1502 2953 1535 2975 17.

2153 1312 2228 1332 Vei-bun
2242 1307 2243 1310 ’

2148 1336 2231 1360 praem-d*
2242 1355 2243 1358 ,

2167 1365 2220 1379 naus.
2242 1374 2243 1378 .

2148 2111 2200 2133 Item,
2213 2114 2233 2128 ω

2161 2138 2235 2153 sei-vans
