2243 3348
3 250 49 304 (11113
62 277 112 301 gulo-

13 303 84 332 atatem.

11 503 15 515 Ι

10 517 15 546 l

12 553 15 593 1

14 605 51 624 Pars
62 604 93 623 iv.

14 627 101 652 §nstantia

13 654 15 669 1
28 656 102 676 perpes-

8 680 44 695 000
59 679 106 693 mai·-

13 707 15 712 v
25 698 74 722 tyrii.

14 725 15 735 l

12 850 16 905 1

13 923 16 1004 l

14 1044 16 1124 1

18 1212 103 1232 bdivisio.

14 1240 16 1256 1

14 1260 16 1279 l

9 1297 103 1333 inuampn-

5 1332 23 1350 11
37 1331 108 1355 patien-

14 1349 17 1383 }
25 1353 68 1373 tiae.

21 2384 101 2403 othonna.

708 191 751 219 DE
773 192 797 219 S.
821 191 1086 219 BARTHOLOMAEO
1107 186 1286 220 A'POSTOLO.

129 286 161 289 —
188 268 345 302 Gulositas,
367 276 475 297 omnem
509 269 607 297 mentis
629 269 760 298 virtutem
782 272 809 298 et
830 269 967 297 fortitudi-

123 323 201 349 nem,
224 315 296 343 unde
318 315 351 343 ad
372 315 508 343 Hebraeos
532 315 694 344 duodecimo
710 317 735 343 1:
759 315 798 344 Ne
819 316 885 353 quis
905 315 966 352 for-

122 362 237 390 nicator
258 365 311 389 aut
329 360 479 398 profanus
501 365 533 389 ul
550 362 640 395 Esau,
662 362 714 399 qui
733 358 851 399 propter
875 371 966 390 unam

122 416 217 437 eseam
238 408 367 436 vendidit
384 408 540 444 primitiva
565 416 630 436 sua.
654 408 756 437 Scitote
783 409 875 443 enim,
898 418 966 447 quo—

121 455 203 484 niam
224 459 250 483 et
267 458 384 491 postea,
407 454 525 490 cupiens
547 453 709 483 hereditare
730 455 965 489 benediccionem,

122 501 295 539 reprobatus
316 505 372 533 est,
395 501 499 529 scilicet
521 509 571 537 pro
593 509 643 529 sua
665 502 776 531 vilitate.

201 548 241 576 IV.
266 547 436 576 Constantia
457 548 487 575 in
500 548 683 584 perpessione
697 549 795 577 acerbi
809 550 951 587 martyrii
957 560 967 583 ;

122 594 194 632 quod
217 594 327 631 quidem
350 594 402 622 fuit
422 594 590 627 incendium,
612 594 638 622 10
661 603 717 631 quo
741 596 917 624 examinatus
940 601 967 625 et

121 641 290 679 approbatus
313 641 371 669 fuit.
394 640 468 669 Unde
490 640 540 669 sibi
564 644 637 669 recte
659 642 789 677 competit
807 642 873 670 illud
896 643 967 671 Psal-

121 689 156 717 mi
173 689 183 705 2
205 691 232 717 et
253 688 302 716 sibi
325 687 504 716 attribuitur:
529 687 668 716 Probasti
688 696 738 716 cor
758 697 854 717 meum
880 693 904 717 et
925 690 966 718 vi-

120 735 218 763 sitasti
236 738 334 767 noctc‚·
352 734 386 762 ad
410 735 526 763 litteram
549 737 633 763 totam
656 738 762 763 noctem
787 735 884 764 Decius
903 744 966 764 cru-

120 782 276 811 delissimus
307 781 439 818 expendit
470 781 495 809 in
525 781 585 809 eius
614 782 800 814 tormentis³;
830 782 895 819 iyne
922 792 967 811 me

121 828 309 862 examinasti,
331 828 395 865 quia
418 828 444 856 in
468 828 529 865 igne
550 836 602 856 nou
625 828 738 862 defecit,
761 829 807 857 sed
837 830 965 865 profecit;

121 879 147 903 et
166 869 232 903 non>
245 879 285 903 esl
307 875 423 903 inventa
444 875 476 903 in
496 883 541 903 me
561 874 714 912 iniquitas,
737 875 802 912 qula
823 884 875 903 non
893 884 967 904 mur-

122 922 257 955 muravit,
279 921 325 950 sed
348 921 449 958 gratias
471 921 533 958 egit.
561 933 574 946 n
589 921 705 955 Gratias,
721 922 821 958 inquit,
842 931 892 959 ago
909 923 965 956 tibi,

120 969 234 997 Domine
250 968 308 997 lesu
320 968 437 1002 Christe,
450 968 515 1005 quia
530 968 625 997 ianuas
640 973 702 997 tuas
718 968 820 1005 ingredi
839 970 964 998 merui».

120 1016 195 1045 Unde
209 1015 241 1044 ad
264 1015 462 1044 ostendendum
486 1015 700 1052 magnitudinem
718 1023 783 1044 suae
798 1017 966 1045 constantiae

119 1063 231 1092 induxit
251 1063 274 1091 ei
294 1063 426 1091 Dominus
449 1070 546 1099 magna
562 1062 701 1096 vincenda,
717 1063 868 1091 secundum
892 1064 965 1100 quod

119 1110 217 1139 beatus
231 1110 326 1138 Sixtus
345 1109 368 1138 ei
391 1110 564 1146 promiserat.
582 1110 607 1137 10
631 1110 682 1138 bac
703 1113 794 1138 autem
815 1111 966 1139 constantia

120 1157 273 1194 probantur
289 1161 315 1185 et
330 1157 520 1193 approbantur
542 1157 641 1186 milites
663 1157 779 1191 Cliristi;
800 1158 851 1186 hoc
873 1162 964 1187 autem

120 1204 151 1233 fit
171 1204 286 1240 triplicis
301 1204 477 1241 suffragantis
492 1204 603 1232 virtutis
617 1204 763 1238 adiutorio,
779 1205 881 1233 scilicet
901 1213 964 1242 per:

198 1251 435 1279 Fundamentum
456 1251 631 1287 patientiae‚·
652 1259 716 1279 nam
739 1252 829 1280 minor
848 1255 889 1280 est
911 1253 965 1280 vir-

120 1301 174 1332 tus,
195 1306 278 1335 quam
300 1306 354 1326 000
370 1298 500 1335 patientia
515 1298 630 1332 format3
655 1299 855 1335 propterquod
878 1300 964 1328 lacobi

121 1345 210 1382 primo
224 1345 251 1372 4:
277 1345 365 1373 Omne
384 1345 532 1382 yctzulium
559 1345 737 1379 existimate,
759 1345 871 1382 fratres
891 1347 964 1381 mei,

120 1401 187 1421 cum
218 1392 249 1420 in
283 1392 387 1420 varias
419 1392 587 1420 tentationes
618 1392 796 1426 incideritis,
828 1393 963 1427 seientes,

119 1439 196 1477 quod
204 1438 338 1476 probatio
350 1438 419 1475 fidei
432 1443 545 1467 vestrae
556 1439 729 1476 patientiam
746 1444 896 1476 operatur,
910 1449 964 1477 pu.-

120 1486 220 1514 tientia
242 1489 338 1514 antem
355 1494 428 1522 opus
442 1484 604 1523 perfeetum
626 1485 726 1519 haba,-
741 1495 803 1514 nam
829 1487 922 1515 virtus
933 1487 964 1515 in

119 1533 290 1570 infirmitate
309 1533 474 1570 perficitur,
497 1534 632 1562 secundae
653 1534 686 1562 ad
716 1534 872 1562 Corinthios
896 1534 964 1562 duo-

118 1581 231 1610 decimo.
255 1581 368 1617 Propter
389 1580 463 1617 quod
485 1581 604 1609 consulit
619 1581 839 1610 Ecclesiasticus:
861 1582 894 1609 ln
915 1582 964 1609 clo-

119 1627 178 1656 lore
198 1628 309 1656 sustine
330 1631 354 1656 et
376 1628 406 1656 in
428 1626 591 1656 bumilitate
612 1632 664 1656 tua
684 1628 857 1664 patientiam
876 1627 964 1661 lzabe;

118 1675 146 1703 in
171 1674 214 1703 his
235 1674 344 1703 duobus
365 1674 487 1703 maxime
508 1674 662 1703 necessaria
683 1677 724 1703 est
745 1674 891 1711 patientia,
913 1675 964 1703 sci-

118 1722 181 1750 licet
202 1721 228 1750 in
256 1721 403 1749 afflictione
430 1724 457 1749 et
486 1721 511 1749 in
533 1721 701 1750 confusione.
733 1722 759 1749 ln
792 1722 843 1750 boc
872 1725 965 1750 autem

118 1769 180 1806 igne
201 1768 263 1797 boni
287 1768 455 1805 probantur,
478 1771 505 1797 et
525 1768 588 1796 mali
614 1772 828 1796 consummaui*
856 1772 888 1796 ut
915 1769 964 1797 sti-

118 1815 190 1853 pula
204 1815 233 1849 ⁵,·
255 1815 328 1844 unde
350 1815 478 1844 leremiae
503 1818 598 1844 sexto:
622 1814 729 1852 Defecit
748 1815 964 1852 sufflatorium,

1814 194 1867 222 561.)

1025 269 1055 297 in
1077 269 1142 306 iyne
1163 273 1346 298 consumtum
1362 274 1402 298 est
1413 270 1577 307 plumbum,
1599 269 1718 307 frustra
1733 271 1869 307 conflauit

1024 316 1184 353 eonflator;
1214 316 1345 345 malitiae
1377 317 1452 345 enim
1484 326 1584 346 eorum
1612 326 1671 346 ‘non
1703 322 1772 345 sunt
1803 327 1868 346 con>

1024 367 1145 392 sumtae.

1104 409 1367 438 Sustentamentum
1391 411 1595 447 confidentiae,
1611 420 1681 449 quae
1703 420 1815 441 sursum
1832 413 1867 441 le-

1024 460 1069 485 vat
1090 460 1117 485 et
1137 459 1287 490 sustentat;
1310 458 1382 486 unde
1397 458 1429 486 ad
1447 459 1581 487 Romanos
1595 459 1692 495 quinto
1707 459 1733 487 ⁶:
1753 459 1864 488 Gloria-

1024 504 1136 531 marin
1152 504 1400 538 tribulalionibus,
1414 505 1543 539 seientes,
1559 506 1636 543 quocl
1650 506 1801 535 tribulatio
1813 516 1866 544 pa-

1025 550 1155 578 tientiam
1190 555 1340 587 operatur,
1360 552 1503 588 patientia
1531 556 1626 580 (tutem
1650 552 1867 589 probationem,

1021 597 1157 633 probatio
1171 606 1238 625 vero
1253 606 1342 634 spem,
1358 606 1421 634 spes
1436 602 1531 626 aulem
1547 608 1605 627 non
1618 599 1781 636 cons'amlil,
1796 601 1867 638 quia

1024 644 1137 672 caritas
1154 644 1204 671 Dei
1224 643 1334 681 diffusa
1355 648 1395 672 est
1410 645 1440 672 in
1462 645 1599 673 cordibus
1614 646 1722 674 nostris
1735 655 1788 683 per
1804 647 1867 684 Spi—

1025 690 1113 718 ritum
1143 695 1295 723 sanctum,
1317 692 1369 729 qui
1389 692 1477 719 (latus
1504 696 1545 720 est
1564 693 1654 721 nobis.
1678 694 1745 722 llaec
1775 699 1866 723 autem

1023 743 1085 772 spes
1116 744 1211 765 omncs
1242 737 1433 766 tribulationes
1464 738 1527 767 facit
1558 740 1675 767 tolerare
1697 743 1724 768 et
1749 741 1868 769 maxime

1024 782 1139 811 iniurias
1152 783 1216 819 (?)...
1233 784 1242 800 ⁷
1265 784 1290 811 10
1309 784 1484 813 tribulatione
1499 786 1701 821 certitudinem,
1716 787 1867 815 secundum

1024 830 1090 857 illud
1123 830 1222 858 Tobiae
1254 831 1349 858 tertio:
1376 831 1436 859 Hoc
1467 835 1562 860 autem
1593 841 1648 868 pro
1680 837 1754 861 certo
1786 833 1867 862 babel

1023 876 1135 909 omnis,
1158 877 1209 914 qui
1230 881 1254 904 te
1275 877 1356 911 colit,
1378 878 1454 915 quod
1482 878 1542 906 bila
1563 879 1642 912 eius,
1664 880 1691 907 si
1712 880 1742 908 in
1763 880 1867 916 proba—

1024 922 1098 950 tione
1118 921 1219 959 suerit,
1242 923 1450 957 coronabitur;
1471 924 1498 952 sl
1512 928 1609 952 autem
1631 925 1662 953 in
1684 926 1868 955 tribulatione

1022 968 1124 1005 suerit,
1147 969 1327 997 liberabitur.
1344 970 1499 999 Secundum
1515 974 1607 999 autem
1630 972 1702 1008 quod
1718 972 1782 1001 dic-it
1803 974 1868 1001 Gre-

1023 1016 1134 1052 gorius,
1156 1027 1169 1040 «
1184 1016 1348 1045 desideratio
1370 1018 1482 1053 praemii
1500 1018 1598 1046 minuit
1615 1019 1667 1046 vim
1685 1019 1782 1055 flagelli
1796 1032 1821 1047 ».
1839 1020 1867 1048 Et

1024 1063 1076 1091 boc
1097 1066 1138 1091 est
1152 1064 1224 1100 quod
1240 1063 1341 1092 dicitur
1364 1064 1468 1100 primae
1485 1065 1553 1093 Petri
1577 1066 1666 1102 primo
1681 1066 1707 1094 ⁵³:
1723 1067 1866 1095 Modicum

1023 1119 1111 1144 nunc,
1134 1111 1162 1138 si
1182 1115 1291 1148 oportet
1303 1112 1476 1140 contristari
1490 1112 1520 1140 in
1542 1113 1637 1141 vvariis
1652 1114 1866 1147 tentationilms,

1023 1162 1055 1185 ul
1074 1157 1208 1194 probatio
1225 1162 1336 1187 uestrae
1356 1158 1425 1194 ficlei
1439 1159 1527 1187 multo
1545 1160 1702 1196 pretiosior
1722 1160 1759 1188 su
1781 1169 1867 1195 auro,

1023 1205 1099 1242 quod
1119 1213 1171 1241 per
1193 1204 1286 1241 iynem
1306 1205 1453 1242 probatur
1473 1209 1523 1234 etc.

1105 1251 1342 1280 Perseverantiae
1362 1252 1609 1289 complementum,
1631 1261 1701 1289 quae
1727 1254 1783 1281 sola
1804 1262 1866 1282 con-

1023 1301 1158 1331 summat3
1180 1298 1214 1326 de
1234 1306 1290 1335 qua.
1311 1299 1463 1335 Sapientiae
1487 1300 1567 1328 tertio
1582 1300 1608 1327 9;
1638 1300 1791 1338 Tanquam
1813 1309 1867 1329 clit-

1024 1354 1091 1373 rum
1114 1346 1144 1373 in
1165 1345 1287 1382 fornace
1305 1345 1441 1382 probavit
1464 1346 1526 1375 illo-s·
1547 1351 1572 1375 et
1593 1348 1681 1385 quasi
1708 1346 1869 1376 boloeausti

1022 1392 1147 1421 bostiam
1163 1393 1272 1430 accepit
1292 1393 1372 1426 illos,·
1395 1401 1442 1430 per
1458 1393 1669 1428 holocaustum,
1691 1395 1764 1431 quod
1781 1397 1867 1422 totum

1021 1440 1208 1473 cremabatur,
1233 1440 1403 1477 significatur
1427 1440 1514 1469 virtus
1537 1441 1769 1477 perseverantiae,
1797 1449 1867 1477 quae

1021 1495 1074 1515 000
1097 1486 1188 1515 delicit
1210 1495 1298 1523 usque
1317 1487 1342 1515 in
1357 1487 1451 1521 finem,
1466 1496 1612 1524 quousque
1628 1488 1760 1524 perducat
1774 1489 1807 1516 ad
1823 1496 1867 1516 co-

1022 1541 1116 1562 ronam
1140 1534 1277 1567 iustitiae,
1299 1534 1451 1562 secuudum
1474 1534 1540 1562 illud
1565 1535 1701 1563 secundae
1722 1535 1754 1563 ad
1778 1536 1866 1564 Timo-

1022 1581 1116 1609 tbeum
1139 1584 1253 1618 quarto:
1277 1581 1391 1609 Bonum
1420 1585 1565 1609 certamen
1593 1582 1718 1616 certavi,
1744 1591 1865 1611 cursum

1022 1628 1234 1662 consummavi,
1255 1627 1340 1664 fidem
1361 1628 1492 1661 serbabi,
1508 1628 1539 1656 in
1553 1629 1663 1666 reliquo
1686 1629 1812 1665 reposita
1826 1633 1866 1657 est

1021 1674 1096 1703 milti
1115 1683 1224 1703 corona
1246 1675 1382 1703 z‘uslz'n‘ae.
1405 1675 1511 1709 Beatus,
1527 1675 1573 1711 qui
1596 1675 1630 1703 ad
1651 1683 1779 1703 coronam
1796 1676 1865 1704 banc

1022 1722 1120 1750 merito
1143 1722 1363 1758 perseverantiae
1378 1722 1556 1758 perducitur3
1573 1722 1658 1751 lacobi
1675 1723 1780 1759 primo:
1798 1723 1866 1750 Bea-

1022 1772 1068 1796 tus·
1089 1769 1146 1803 vir,
1169 1769 1220 1806 qai
1239 1768 1342 1805 suffert
1363 1769 1547 1797 tentationem
1568 1773 1618 1797 etc.
1640 1769 1677 1797 Ad
1700 1770 1769 1797 banc
1789 1777 1865 1798 coro-

1023 1823 1083 1843 nam
1106 1815 1203 1844 beatus
1224 1815 1389 1844 Laurentius
1410 1816 1549 1852 pervenit;
1571 1816 1604 1844 ad
1626 1824 1708 1852 quam
1730 1824 1779 1844 nos
1801 1819 1851 1844 etc.

557 1942 597 1970 DE
619 1943 644 1970 S.
668 1942 933 1971 BARTHOLOMAEO
954 1942 1125 1971 APOSTOLO
1148 1943 1195 1974 (24
1219 1943 1260 1971 vel
1283 1944 1319 1971 025
1343 1942 1429 1979 Aug).

469 2054 559 2082 500110
583 2053 613 2081 ¹⁰.

199 2147 342 2184 Diliyebat
361 2147 435 2175 enim
458 2145 598 2175 lonatltas
615 2146 711 2174 David
724 2147 813 2184 quasi
830 2147 963 2175 animam

118 2203 223 2227 suanm
244 2202 315 2222 nam
345 2193 517 2231 exspoliavit
545 2202 573 2221 se
594 2190 735 2221 Ionallias
764 2194 882 2227 tunica,
904 2202 962 2231 qua

118 2245 181 2270 erat
202 2241 334 2275 indutus,
356 2245 381 2269 et
401 2241 477 2269 dedu
499 2249 562 2269 eam
580 2241 684 2274 Daniel,
702 2241 782 2277 primi
800 2241 901 2277 Regum
918 2241 964 2269 de-

118 2288 188 2317 cimo
209 2292 305 2317 octavo
318 2289 349 2316 ¹¹.

196 2336 372 2372 (Protbema).
395 2335 536 2363 Laelabor
564 2344 613 2372 eqo
644 2343 734 2372 saper
758 2334 871 2372 eloquia
893 2338 962 2368 tua,

117 2383 193 2411 sieut
214 2383 266 2420 qui
286 2383 393 2410 invenit
414 2382 509 2419 spolia
530 2382 641 2416 multa,
664 2382 795 2411 Psalmus.

197 2430 224 2457 10
249 2429 339 2458 verbis
361 2429 458 2458 ultimo
487 2429 649 2466 propositis,
671 2429 771 2458 sumtis
799 2429 832 2457 de
859 2429 963 2457 Psalmo

118 2476 272 2505 ostenditur
295 2476 387 2510 nobis,
409 2477 528 2513 qualiter
560 2476 692 2505 debemus
723 2477 820 2505 audire
846 2476 961 2505 verbum

119 2523 181 2558 Dei,
197 2523 262 2560 quia
276 2531 339 2552 cum
362 2532 460 2560 magno
481 2523 596 2560 gaudi03
619 2527 646 2552 et
668 2524 779 2560 ponitur
801 2523 961 2560 exemplum

118 2570 151 2599 de
172 2578 309 2607 paupere,
331 2571 377 2607 qui
411 2571 529 2599 multum
563 2571 696 2604 laetatur,
718 2570 828 2607 quaudo
860 2570 964 2599 invenit

181 2715 188 2728 ¹
209 2716 273 2738 Vers.
294 2716 328 2737 16.
345 2722 393 2744 seq.

181 2753 190 2767 ²
208 2755 289 2777 esaim.
311 2755 345 2782 16,
363 2755 386 2777 3.

181 2793 190 2806 ³
208 2794 266 2816 Vide
278 2794 379 2822 Surium,
392 2794 435 2816 100.
444 2794 480 2816 cit.
493 2794 506 2822 ξ’»
518 2794 559 2822 23ς
572 2794 658 2816 ibidem
671 2797 693 2816 et
704 2794 822 2823 sequentia
834 2797 963 2817 narrantur.

180 2833 189 2845 ⁴
208 2833 272 2855 Vers.
290 2833 342 2859 2-4;
361 2835 489 2861 sequuntur
507 2833 531 2855 ΙΙ.
548 2832 600 2855 Cor.
618 2833 654 2861 12,
673 2833 693 2854 9.
712 2836 733 2855 et
750 2834 816 2856 Eccli.
834 2834 855 2862 2,
874 2834 894 2855 4.

181 2871 190 2883 ⁵
207 2872 336 2899 Respicitur
353 2872 442 2894 Nabum
464 2873 481 2900 l,
500 2872 539 2899 =l0;
557 2872 661 2900 sequitur
678 2872 720 2894 ler.
740 2872 760 2900 6,
778 2873 815 2894 29.

180 2909 190 2923 ⁰
208 2910 272 2932 Vers.
290 2911 337 2932 3-5.

181 2948 189 2961 ⁷
207 2950 229 2971 ln
247 2949 327 2971 codice
343 2949 409 2971 adest
425 2950 504 2971 lacuna
523 2949 590 2971 unius
607 2949 685 2978 verbi;
702 2950 805 2978 sequitur
818 2950 876 2972 Tob.
893 2951 913 2978 3,
926 2951 962 2972 21.

118 3001 148 3005 —-
166 2989 198 3010 De
215 2989 265 3010 1000
282 2988 387 3016 Gregorii
405 2989 444 3010 etr.
461 2994 530 3016 supra
549 2994 602 3016 pag.
621 2989 674 3015 51⁴2,
692 2992 744 3011 nota
762 2989 782 3011 8.

212 3035 240 3058 S.
256 3035 349 3057 Bonae.
363 3047 394 3051 —
406 3035 476 3057 Tom.
491 3035 529 3057 lxv

1022 2054 1116 2089 spolia.
1139 2053 1268 2082 Similiter
1302 2062 1351 2082 nos
1381 2053 1513 2082 debemus
1535 2054 1627 2082 laetari
1651 2061 1734 2090 super
1756 2055 1864 2091 eloquia

1023 2101 1137 2129 Domini.
1161 2101 1217 2129 Non
1249 2104 1290 2129 est
1320 2101 1420 2137 aliquis
1449 2101 1520 2129 inter
1542 2109 1606 2134 nos,
1629 2101 1650 2129 si
1673 2101 1730 2137 ipse
1751 2101 1864 2129 baberet

1021 2147 1139 2184 aliquem
1162 2147 1290 2181 amicum,
1313 2155 1395 2184 quem
1419 2147 1499 2175 vellet
1520 2147 1643 2183 diligere,
1667 2147 1691 2175 in
1709 2147 1864 2184 longinquis

1022 2194 1163 2231 partibus,
1185 2194 1256 2223 sicut
1278 2194 1304 2222 in
1326 2194 1452 2230 partibus
1474 2194 1681 2227 transmarinis,
1713 2194 1778 2230 quin
1801 2202 1862 2222 cum

1020 2241 1120 2278 gaudio
1141 2242 1269 2269 nuntium
1286 2241 1362 2269 illum
1384 2241 1534 2277 exciperet,
1549 2241 1596 2277 qui
1612 2241 1723 2269 afferret
1739 2249 1864 2269 rumores

1022 2288 1107 2316 bonos
1134 2288 1166 2316 de
1192 2288 1279 2316 amico
1302 2288 1355 2315 illo.
1378 2287 1498 2316 Verbum
1522 2287 1567 2315 Dei
1597 2290 1637 2315 est
1665 2287 1794 2320 nuntius,
1816 2287 1862 2324 qui

1020 2335 1100 2363 astert
1115 2342 1242 2363 rumores
1263 2335 1296 2363 de
1319 2334 1460 2363 verissimo
1481 2334 1568 2362 amico
1588 2337 1696 2367 nostro,
1714 2334 1771 2362 lesu
1786 2334 1865 2362 Chri-

1020 2385 1069 2410 sto.
1096 2382 1240 2418 Suscipere
1265 2390 1330 2419 ergo
1352 2382 1485 2410 debemus
1506 2381 1588 2409 istum
1613 2381 1739 2409 nuntium
1765 2382 1863 2409 laetan-

1021 2431 1071 2457 ter.
1093 2429 1258 2465 Rogabimus
1279 2432 1329 2457 etc.

1100 2474 1239 2504 lonatlzas
1260 2475 1395 2512 {liliyebat
1419 2475 1514 2503 David
1534 2478 1584 2503 etc.

1099 2523 1125 2550 lu
1148 2525 1250 2551 aestate
1272 2525 1313 2551 est
1328 2522 1507 2555 consuetudo,
1523 2522 1596 2558 quod
1613 2522 1738 2550 homines
1753 2525 1860 2550 exuunt

1022 2570 1182 2598 vestimenta
1214 2577 1263 2597 sua
1295 2572 1407 2605 propter
1440 2569 1553 2597 nimium
1587 2569 1721 2602 calorem;
1745 2569 1781 2596 ita
1803 2569 1864 2597 fecit

1083 2715 1092 2728 Β
1111 2717 1174 2738 Vers.
1193 2716 1214 2737 6.
1231 2722 1280 2743 seq.

1083 2754 1092 2767 ⁹
1110 2755 1175 2777 Vers.
1193 2755 1219 2781 G;
1236 2757 1366 2782 5011110111οΡ
1384 2755 1407 2775 ll.
1424 2754 1482 2775 Tim.
1502 2753 1522 2780 lt,
1540 2753 1561 2774 7.
1579 2759 1627 2780 seq.
1645 2756 1666 2774 (31
1684 2753 1726 2774 lae.
1748 2753 1765 2778 l,
1788 2752 1820 2773 12.

1084 2793 1103 2806 ¹⁰
1121 2788 1152 2815 Exv
1167 2794 1219 2815 cod.
1237 2793 1354 2815 parisiensi
1374 2793 1388 2814 S
1407 2793 1442 2814 sol.
1461 2792 1504 2814 240
1523 2798 1541 2813 r.
1558 2794 1580 2813 et
1602 2791 1653 2813 coil.
1678 2791 1784 2812 'srva-cusi
1807 2790 1859 2811 1.th

1022 2834 1057 2855 sol.
1075 2833 1105 2854 70
1123 2839 1146 2854 v.
1164 2832 1265 2854 {labetur
1286 2832 1354 2853 etiam
1377 2831 1399 2853 in
1423 2830 1526 2852 biblioth.
1550 2830 1646 2852 cixitutis
1668 2829 1863 2856 Carolopolitanac

1020 2871 1181 2899 (Ctnartevitle),
1198 2874 1220 2892 et
1236 2871 1330 2899 quidem
1349 2870 1370 2891 iu
1388 2870 1438 2892 cod.
1458 2870 1580 2891 miscellan.
1598 2875 1620 2890 n.
1638 2869 1675 2890 0-2.
1692 2875 1752 2890 saec.
1770 2869 1825 2890 Xlll.
1842 2872 1861 2890 01

1021 2911 1079 2938 XlV,
1098 2911 1119 2932 in
1137 2916 1183 2938 quo
1201 2913 1235 2931 est
1251 2915 1384 2931 sermonum
1402 2909 1514 2935 collectio,
1533 2914 1592 2936 quae
1611 2907 1687 2935 incipit
1705 2908 1740 2929 sol.
1757 2907 1806 2934 102,
1823 2907 1861 2929 ubi

1021 2950 1055 2971 ille
1072 2955 1148 2971 sermo
1166 2948 1298 2976 imperfecte
1315 2948 1450 2976 reportatus
1467 2949 1501 2969 est
1517 2947 1597 2969 ordine
1615 2946 1750 2973 vigesimus.

1084 2987 1101 2999 ¹¹
1122 2988 1185 3010 Veis.
1204 2987 1224 3009 3.
1243 2993 1290 3015 seq.
1308 3000 1337 3002 —
1356 2987 1474 3008 Prollicma
1494 2985 1590 3008 babetur
1609 2986 1642 3007 l‘s.
1665 2986 1713 3012 113,
1735 2985 1784 3007 162.

1738 3031 1767 3053 72

1898 418 1993 437 Sustenta-

1907 444 1990 460 mentum

1881 465 2013 484 confidentiae.

1884 1259 2013 1283 Complexnen·

1889 1284 1929 1300 tum
1943 1287 2005 1309 perse-

1898 1308 2000 1325 varannae.

1881 2521 1952 2540 Sermo.
