2243 3348
197 945 233 964 Sex
246 945 319 969 mystici

203 968 254 987 noris
267 974 320 992 prae-

203 992 304 1015 rogatis-ae.

241 2395 318 2414 Divisio.

344 162 394 189 1113

341 238 588 268 Ordinatissimus
602 237 756 266 sanctitate
771 236 935 265 universalis
951 236 1036 267 vitae:
1060 235 1182 264 Indicum

338 286 451 323 quinto:
474 285 575 314 Stellae
605 287 752 312 manentes
783 283 814 311 in
845 282 947 311 ordine
968 285 992 310 et
1013 290 1104 310 cursu
1129 290 1183 310 suo

338 333 481 361 aduersus
503 332 639 360 Sisaraon
652 334 870 368 paynarerunt.
890 347 929 350 —
946 328 1183 367 Officiosissimus

336 380 441 416 pietate
473 377 637 407 universalis
665 377 787 410 animae3
821 376 866 404 loh
898 375 1039 412 trigesimo
1070 377 1181 403 octavo:

339 425 480 463 Nunquid
501 424 675 460 eoniungyerc
696 422 803 451 valebis
832 422 971 450 micantes
1001 420 1098 449 stellas
1121 420 1183 448 Ple-

338 472 424 500 iadas
446 475 498 499 aut
517 478 627 508 ygsrum
651 469 775 497 :trctari
792 468 902 505 poteris
923 467 1091 504 dissipare?

661 555 752 583 Sanno
774 554 828 582 vill
842 555 860 581 ¹.

407 640 486 668 Item,
507 645 586 663 sermo
606 637 692 662 fratris
710 636 901 662 Bonaventurac
926 636 951 660 in
976 635 1118 660 Nativitate
1137 635 1183 660 Do-

336 684 395 708 mini
415 683 496 707 editus
515 681 631 712 Lugduni
650 688 731 705 coram
752 679 854 711 populo,
875 680 900 704 in
920 679 1022 704 ecclesia
1041 678 1121 703 sancti
1140 678 1182 703 Ni-

335 726 399 750 cetii.

416 800 475 836 Eyo
495 798 549 835 flos
571 797 670 834 campi
700 801 724 825 et
756 797 850 825 lilium.
878 796 1069 828 convallium,
1091 795 1182 823 Canti-

336 854 432 876 corum
455 845 575 875 secundo
587 845 606 872 2.

414 893 541 921 Christus
563 894 644 920 natus
664 891 698 920 de
719 899 785 928 agro
807 891 877 919 uteri
896 889 1050 927 virginalis,
1066 892 1097 917 ut
1111 892 1183 918 esset

336 941 389 978 flos
412 940 553 969 hominum
576 942 603 967 et
625 938 719 966 lilium
742 938 916 974 Angelorum,
932 937 959 965 in
975 944 1025 965 sua
1040 936 1182 964 nativitate

337 991 364 1016 et
386 996 433 1024 per
457 990 539 1015 totam
563 985 645 1014 vitam
667 985 797 1021 apparuit
819 985 845 1012 in
867 984 971 1012 mundo
992 987 1018 1012 et
1040 983 1092 1012 suit
1110 982 1182 1011 sicut

336 1035 387 1063 ssos
409 1032 640 1062 candidissimus
669 1032 789 1068 puritate
817 1030 983 1064 munditiae;
1005 1030 1181 1058 Canticornm

337 1080 491 1110 secundo-2³:
508 1079 607 1108 Flores
623 1081 829 1115 apparuerunt
844 1077 874 1105 in
890 1081 971 1105 terra
985 1080 1099 1110 nost-ra,
1114 1079 1182 1104 tem-

333 1136 392 1165 pus
411 1127 575 1164 pacationis
596 1125 713 1154 advenit
734 1128 784 1153 etc.
801 1140 835 1144 —-
864 1123 1112 1152 Vernantissinzus
1126 1122 1181 1151 sor-

336 1175 461 1203 mositate
482 1173 601 1210 gratiae;
619 1171 798 1201 Ecclesiastici
820 1170 1064 1208 quinquagesimo:
1089 1169 1183 1205 Quasi

335 1221 388 1258 flos
410 1229 549 1249 rosarum
572 1220 603 1248 in
624 1218 724 1247 [liebus
747 1218 843 1246 uernis
867 1221 893 1245 et
913 1217 1002 1255 quasi
1015 1217 1092 1250 lilia,
1107 1225 1182 1254 quae

335 1272 403 1296 sunt
425 1268 456 1296 in
478 1267 608 1296 transitu
630 1274 732 1304 aquae.
754 1281 792 1285 —
815 1264 1076 1301 Splendidissimus
1101 1263 1182 1291 clari-

336 1319 390 1344 tate
411 1315 575 1352 sapientiam
599 1313 681 1342 Isaiae
696 1312 857 1341 undecimo:
875 1311 941 1339 Flos
956 1311 990 1339 tle
1005 1311 1105 1339 radice
1119 1310 1182 1338 eius

336 1363 478 1395 ascendet,
500 1365 525 1390 et
545 1361 702 1399 requiescet
715 1368 804 1396 super
825 1367 890 1386 eum.
906 1358 1037 1395 Spiritus
1054 1357 1181 1390 Domini,

335 1409 459 1446 spiritus
480 1408 642 1445 sapientiae
662 1410 713 1435 etc.
734 1422 770 1427 —
793 1405 1069 1442 Frangantissimus
1090 1404 1182 1433 suavi-

336 1459 390 1484 tate
413 1456 495 1487 vitae;
520 1454 695 1482 Canticorum
725 1452 885 1481 secundo4:
917 1451 1020 1479 Vineae
1048 1450 1182 1487 florentes

334 1503 475 1531 dederunt
498 1502 613 1529 oaorem
642 1508 744 1533 suum,
772 1499 863 1527 anima
891 1498 994 1527 scilicet
1022 1501 1049 1526 et
1080 1505 1182 1534 corpus

335 1548 435 1576 Christi
452 1548 516 1576 nati.
533 1564 571 1567 -
589 1546 784 1575 Electissiinus
805 1545 975 1581 gratiositate
996 1544 1180 1577 innocentiae3

335 1595 426 1631 quarti
450 1594 549 1623 Esdrae
581 1596 697 1630 quarto:
722 1593 764 1620 Ep
786 1592 921 1620 omnibus
947 1591 1071 1627 floribus
1103 1590 1182 1619 orbis

334 1641 443 1679 eleyisti
472 1640 523 1669 tibi
551 1640 645 1669 lilium
668 1648 770 1668 unum.
793 1656 833 1659 —
858 1638 1079 1667 Saluberrimus
1108 1638 1182 1666 utili-

335 1692 390 1717 tate
411 1688 569 1717 salvationis
590 1690 734 1720 aeternae3
757 1686 932 1714 Canticorum
955 1685 1089 1714 secundo:
1113 1685 1182 1713 Ful-

335 1736 387 1764 cite
415 1744 458 1763 me
488 1734 612 1771 floribus
633 1737 694 1767 etc.,
718 1733 744 1762 id
766 1736 807 1762 est
828 1732 930 1761 Christi
956 1732 1011 1760 nati
1045 1732 1182 1761 fructibus

335 1782 471 1810 salvificis.

670 1882 761 1909 Samio
784 1880 815 1908 IX
827 1880 846 1908 ⁵.

406 1982 486 2011 Item,
506 1988 586 2005 sermo
606 1980 693 2005 fratris
712 1979 903 2004 Bonaventurae
922 1979 947 2003 in
976 1978 1117 2003 Nativitate
1136 1978 1183 2003 Do-

337 2024 397 2048 mini
416 2024 497 2048 edi'tus
516 2023 606 2047 Assisii
626 2030 708 2047 coram
729 2022 833 2053 populo,
853 2022 878 2046 in
898 2021 1000 2046 ecclesia
1018 2020 1137 2045 Fratrum
1151 2020 1182 2045 ad

335 2066 446 2091 Missam.

415 2156 493 2183 Fons
515 2154 686 2183 ascendebat
706 2163 720 2183 e
741 2158 838 2188 terra,
862 2154 997 2191 irrigans
1011 2153 1181 2181 universam

335 2201 519 2238 superficiem
542 2206 653 2235 terrae,
675 2201 787 2230 Genesis
808 2200 959 2229 secund0⁶.

414 2249 529 2284 Moyses,
545 2252 657 2277 sanctus
677 2248 737 2277 dux
759 2247 898 2276 Israelitici
920 2247 1024 2284 populi,
1046 2247 1072 2275 in
1094 2246 1183 2275 omni-

336 2296 388 2324 bus
410 2296 502 2325 verbis
523 2296 581 2324 suis
604 2295 783 2332 praecipuum
808 2295 912 2323 hahens
933 2295 1044 2323 oculum
1060 2294 1093 2322 ad
1115 2294 1183 2322 Ver-

336 2343 403 2371 bum
426 2343 451 2371 in
475 2350 585 2371 carnem
608 2345 774 2375 venturum,
790 2341 935 2378 descripsit
951 2341 993 2369 his
1009 2341 1100 2369 verbis
1115 2349 1183 2377 pau-

336 2390 374 2418 cis
395 2389 496 2418 Christi
519 2389 689 2418 nativitatem
711 2389 875 2425 dupliciter,
898 2388 1001 2417 scilicet
1026 2391 1056 2416 ut
1084 2387 1183 2416 divinis

336 2436 568 2465 charismatibus
590 2435 731 2473 refertam
753 2439 779 2464 et
801 2436 973 2469 affluentem,
989 2438 1016 2463 et
1030 2438 1061 2463 ut
1076 2435 1183 2463 salvan-

336 2483 377 2512 dis
399 2483 557 2511 animabus
576 2483 752 2520 yeneraliter
766 2482 964 2510 intendentem.
980 2482 1113 2515 Primum,
1129 2481 1181 2509 ibi:

336 2531 414 2558 Fons
435 2530 605 2559 ascendebat
627 2539 640 2558 e
662 2535 759 2563 terra,
788 2529 813 2557 id
842 2532 884 2557 est
912 2529 1023 2565 Virgine
1048 2528 1181 2565 gloriosa;

336 2577 506 2610 secundum,
538 2577 594 2605 ihi:
628 2576 766 2613 Irri‘qans
797 2576 968 2604 universam
998 2574 1182 2612 schersiciem

337 2627 448 2656 terrac,
472 2623 496 2651 id
519 2626 561 2652 est
582 2623 729 2651 mundialis
751 2623 902 2651 machinae.

1002 158 1174 186 SERMONES
1195 158 1237 186 DE
1259 159 1422 188 TEMPORE.

2215 161 2218 173 1

2216 177 2218 203 l

2216 206 2219 235 1

1318 236 1443 265 Ascendit
1463 239 1557 265 autem
1571 237 1710 271 Christus,
1726 246 1841 267 nascens
1855 239 1888 267 de
1904 239 2014 276 Virgine
2030 240 2083 268 Ma·
2101 247 2177 274 Mpmhri
2201 238 2235 277 ‘iv

1241 285 1295 316 tre,
1310 282 1381 311 sicut
1396 282 1456 311 sons
1474 283 1618 319 puritatis
1638 286 1766 313 aeternae
1782 284 1931 314 munditiae
1946 285 1977 313 ad
1995 286 2084 314 lavan-
2097 272 2220 342 Ξξὲἶὶῗοῗίἒὲἓῖ
2235 279 2237 290 ³

2101 341 2195 364 rogativam
2218 332 2237 351 ’Χ

1239 328 1305 357 dum
1329 328 1462 357 mundum
1485 329 1643 363 sordidum;
1666 330 1814 359 Zachariae
1835 331 1941 359 decimo
1963 332 2081 360 terti0⁷:

1242 375 1305 403 Erit
1325 374 1393 412 fons
1412 378 1515 411 pateus
1537 376 1639 404 donini
1661 376 1756 405 Dauid
1776 381 1801 405 et
1822 376 2021 406 babitantibus
2042 379 2083 407 Ie-

1240 421 1370 450 rusalem
1392 421 1423 449 in
1444 421 1619 450 ablutionem
1639 423 1802 459 peccatoris
1823 428 1847 451 et
1877 427 2082 453 menstruatae.

1240 484 1277 488 —
1299 468 1368 496 Fons
1389 468 1520 496 veritatis
1548 472 1675 497 aeternae
1704 470 1852 506 sapientiae
1873 470 1906 498 ad
1929 471 2084 500 illuminan-

1239 514 1305 543 dum
1328 515 1463 543 mundum
1494 515 1685 549 tenebrosum;
1708 516 1882 553 Apocalypsis
1907 517 2019 551 ultimo,
2042 526 2084 546 se-

1240 561 1362 590 cundum
1394 561 1527 595 litteram,
1559 570 1642 598 quam
1675 565 1766 590 cantat
1799 563 1932 592 Ecclesia:
1957 564 2084 592 Ostendit

1239 607 1314 637 milti
1333 609 1451 645 Angelus
1471 608 1597 644 fluvium
1612 617 1707 647 aqu-ae
1724 609 1801 638 vitae
1820 610 2003 647 splendidum
2019 615 2084 639 tan-

1239 663 1329 693 quam
1351 655 1535 693 crystallum,
1548 656 1745 692 procedentem
1761 657 1794 684 cle
1812 656 1877 685 sede
1893 657 1944 685 Dei
1956 660 1980 685 et
1996 658 2082 694 Ayni.

1241 719 1275 722 —
1298 702 1367 730 Fons
1387 702 1545 730 suauitatis
1566 705 1693 731 aeternae
1715 703 1818 739 gratiae
1840 703 1871 731 ad
1888 703 2083 733 consolandum

1239 749 1374 777 mundum
1389 749 1521 777 afflictum
1532 760 1538 782 ;
1551 749 1735 778 Numerorum
1754 749 1884 786 vigesimo
1895 750 1922 778 ⁸:
1939 751 2030 787 Aperi
2043 751 2084 779 eis

1240 795 1412 824 thesaurum
1434 800 1535 829 tuum,
1550 795 1657 832 fontem
1677 804 1773 834 aquae
1787 796 1885 830 vivae,
1900 797 1997 826 orabat
2011 798 2084 834 Moy-

1239 850 1290 871 ses.
1312 858 1351 862 —
1371 842 1440 870 Fons
1462 841 1647 870 liberalitatis
1668 845 1796 871 aeternae
1811 843 1914 879 gloriae
1928 843 1960 872 ad
1977 843 2084 872 salvan-

1238 888 1304 917 dum
1328 888 1463 917 mundum
1487 889 1641 925 perditnm;
1670 889 1845 918 Canticorum
1867 893 1983 926 quarto:
2006 891 2084 919 Fons

1239 934 1408 969 hortorum,
1428 940 1535 972 pateus
1557 944 1707 974 aquarum
1723 936 1881 964 viventium
1896 940 1961 971 etc.;
1978 937 2084 966 loannis

1239 986 1354 1019 quarto:
1377 983 1438 1010 Fiet
1460 983 1489 1010 in
1512 991 1542 1011 eo
1570 982 1637 1020 fons
1669 991 1764 1021 aquae
1788 983 1920 1012 salientis
1941 984 1972 1012 in
1993 984 2085 1012 vitam

1238 1033 1397 1057 aeternam.
1420 1046 1456 1049 —
1478 1030 1547 1058 Fons
1567 1029 1733 1058 sanctitatis
1761 1032 1889 1058 aeternae
1918 1030 2029 1067 regulae
2050 1030 2084 1059 ad

1238 1076 1412 1113 dirigendum
1435 1076 1568 1104 mundum
1590 1076 1718 1110 devitum
1736 1076 1833 1105 Esther
1847 1076 1990 1105 decimo⁹:
2007 1077 2084 1105 Par-

1238 1131 1292 1151 vus
1312 1122 1391 1159 fons,
1412 1123 1464 1161 qui
1484 1123 1573 1151 creuit
1594 1123 1625 1151 in
1645 1122 1771 1159 fluuium
1792 1127 1817 1151 et
1831 1123 1863 1152 in
1878 1123 1970 1151 lucem
1983 1123 2084 1151 solem·
2120 1133 2127 1136 ·

1238 1178 1291 1207 que
1312 1178 1470 1198 conversus
1490 1173 1547 1202 est;
1569 1170 1670 1206 incepit
1696 1170 1767 1198 enim
1797 1170 1831 1198 ab
1857 1170 2011 1198 humilitate
2031 1173 2082 1198 etc.

1238 1233 1277 1237 -—
1298 1217 1367 1245 Fons
1389 1216 1525 1245 bonitatis
1550 1220 1678 1245 aeternae
1709 1217 1912 1246 misericordiae
1940 1216 1973 1245 ad
2005 1224 2085 1254 repa-

1239 1264 1357 1292 randum
1369 1263 1505 1292 mundum
1517 1264 1687 1292 confractum
1698 1275 1704 1297 ;
1717 1264 1799 1292 Isaiae
1810 1263 1989 1292 duodecimo:
2004 1264 2084 1292 Hau·

1239 1310 1321 1339 rietis
1341 1318 1437 1348 aquas
1459 1310 1490 1338 in
1509 1310 1621 1347 gaudio
1643 1310 1676 1338 de
1697 1309 1827 1347 fontibus
1849 1310 2014 1339 Saluatoris
2033 1313 2084 1339 etc.

1239 1374 1278 1377 —
1298 1357 1368 1385 Fons
1388 1356 1536 1385 claritatis
1556 1360 1685 1385 aeternae
1717 1357 1803 1386 famae
1825 1357 1858 1385 ad
1881 1357 2085 1386 restituendum

1239 1404 1374 1432 mundun]
1387 1404 1514 1432 infamem
1530 1404 1648 1437 factunm
1664 1404 1839 1433 Canticorum
1852 1408 1952 1441 quarto
1961 1404 1996 1432 ¹⁰:
2008 1404 2084 1433 Hor-

1239 1453 1286 1478 tus
1307 1450 1478 1483 concluszw,
1499 1449 1567 1487 fons
1588 1449 1732 1487 signatus.
1750 1450 1926 1479 Eniissiones
1947 1454 2014 1479 tuae
2032 1459 2085 1487 pa-

1239 1496 1361 1525 radisus
1383 1500 1433 1525 etc.

1571 1599 1662 1626 Sanno
1684 1599 1705 1626 X
1722 1599 1752 1626 ¹¹.

1310 1697 1389 1726 Item,
1409 1703 1489 1721 sermo
1508 1696 1595 1721 fratris
1614 1696 1804 1721 Bonaventurae
1823 1696 1904 1721 editus
1917 1696 1943 1720 in
1957 1695 2086 1721 Conventa

1239 1739 1434 1771 Rothomagensi
1453 1746 1535 1764 coram
1555 1739 1646 1770 populo
1666 1739 1748 1764 terrae
1760 1739 1785 1764 et
1798 1739 1871 1768 clero,
1884 1738 2014 1770 praesente
2027 1738 2086 1763 Fra-

1239 1782 1277 1807 ‘tre
1297 1782 1415 1814 Rigaldo,
1435 1782 1619 1813 archiepiscopo
1638 1782 1756 1807 civitatis.

1320 1872 1467 1900 Proctuaett
1490 1872 1632 1900 Dominus
1654 1872 1730 1900 Deus
1751 1872 1785 1900 de
1806 1871 1894 1900 bunio
1916 1871 2028 1909 lignum
2043 1871 2085 1900 vi-

1240 1922 1285 1947 tae
1306 1919 1337 1947 in
1358 1919 1450 1947 medio
1471 1919 1620 1956 paradisi,
1642 1918 1754 1947 Genesis
1776 1919 1896 1947 secundo
1909 1918 1941 1946 ¹².

1318 1966 1395 1994 Circa
1417 1965 1518 1994 Christi
1540 1974 1638 1994 novam
1661 1974 1710 2002 per
1731 1974 1841 1994 carnem
1858 1965 2026 1994 nativitatem
2042 1966 2085 1995 his

1240 2012 1332 2041 verbis
1352 2016 1473 2049 quatuor
1494 2012 1700 2046 describuntur,
1732 2012 1835 2041 scilicet
1861 2012 1992 2048 mirifica
2020 2012 2085 2041 libe-

1239 2059 1346 2088 ralitas
1367 2067 1402 2087 ex
1426 2062 1503 2095 parte
1525 2059 1571 2088 Dei
1596 2059 1682 2087 Patris
1704 2059 1806 2088 mundo
1828 2059 2084 2093 condescendentis,

1240 2107 1292 2135 ibi:
1315 2106 1463 2134 Proclama
1486 2106 1627 2134 Dominus
1652 2107 1743 2140 Deus,
1759 2107 1837 2143 quasi
1852 2106 1939 2143 gratis
1953 2106 2086 2135 mittendo

1239 2157 1266 2183 et
1287 2154 1423 2182 incarnari
1447 2154 1543 2182 Filium
1566 2153 1773 2187 constituend03
1797 2153 1928 2191 gloriosa
1954 2152 2087 2190 fecundi-

1240 2205 1286 2229 tas
1306 2208 1342 2229 ex
1364 2203 1441 2237 parte
1463 2199 1583 2237 Virginis
1604 2200 1781 2237 singulariter
1804 2200 1950 2237 parientis,
1980 2200 2031 2229 ibi:
2052 2200 2086 2229 (le

1240 2247 1345 2282 humo,
1368 2248 1394 2276 id
1416 2251 1457 2276 est
1478 2247 1589 2284 Virgine
1610 2247 1643 2276 de
1665 2248 1740 2276 caelo
1761 2247 1906 2276 fecundata
1927 2251 1954 2276 et
1975 2247 2085 2276 benedi—

1240 2298 1283 2324 cta
1302 2295 1449 2329 divinitus;
1472 2293 1618 2330 suauifica
1638 2294 1813 2331 9ratiositas
1834 2302 1869 2323 ex
1892 2297 1970 2331 parte
1998 2295 2085 2323 almae

1240 2341 1326 2370 Prolis
1347 2341 1498 2375 nascentis,
1521 2341 1573 2369 ibi:
1590 2341 1702 2378 lienum
1719 2341 1809 2375 uitae,
1825 2341 1902 2378 quasi
1919 2341 2010 2370 cibum
2027 2349 2086 2377 per-

1240 2392 1354 2425 petuum
1376 2388 1530 2416 animarum
1560 2392 1587 2417 et
1618 2388 1772 2424 praemium
1801 2396 1914 2422 earuni;
1945 2387 2084 2425 gratifica

1236 2435 1332 2472 pietas
1353 2443 1490 2471 supernae
1512 2435 1715 2471 providentiae,
1737 2434 1931 2463 universaliter
1957 2434 2085 2463 omnibus

1240 2485 1293 2510 tam
1327 2489 1467 2510 summum
1500 2481 1662 2510 beneficium
1685 2481 1840 2514 offerentis,
1862 2481 1914 2510 ibi:
1938 2481 1968 2509 in
1992 2480 2085 2509 medio

1239 2527 1393 2564 paradisi,
1417 2527 1441 2555 id
1464 2531 1504 2556 est
1525 2528 1743 2564 congregationis
1765 2528 1863 2556 salvari
1887 2527 2046 2556 volentium.

400 2791 407 2804 ¹
426 2793 456 2814 Ex
474 2794 489 2814 Α
510 2792 546 2814 sol.
564 2792 592 2813 58
611 2798 629 2813 r.

399 2830 407 2843 2
425 2831 491 2853 Vers.
510 2832 530 2853 1.

399 2870 408 2884 3
427 2871 491 2893 Vers.
511 2871 550 2897 ¹43
569 2873 697 2899 sequuntur
714 2871 779 2893 Eccli.
798 2870 840 2897 50,
858 2871 879 2893 8.
897 2873 919 2892 ct
937 2870 984 2892 lsai.
1006 2870 1040 2897 ll,
1062 2871 1079 2892 1.
1097 2876 1146 2898 seq.

398 2909 407 2921 '¹
426 2910 491 2932 Vers.
512 2910 551 2936 ¹35
569 2913 697 2938 sequuntur
713 2910 750 2932 lV.
769 2910 834 2932 Esdr.
851 2909 878 2937 ὅ,
896 2910 933 2932 24.
950 2912 972 2932 et
990 2909 1052 2932 Cant.
1071 2910 1096 2937 2,
1114 2909 1136 2932 5.

399 2947 408 2960 ⁵
426 2949 456 2970 Ex
474 2950 491 2971 Α
510 2949 546 2971 sol.
565 2949 593 2970 58
612 2956 634 2971 v,
1051 2947 1059 2961 Β
1078 2949 1142 2971 Vers.
1161 2948 1182 2971 6.

1305 2790 1313 2803 ⁷
1331 2791 1397 2813 Vers⁷
1422 2792 1443 2819 Ι;
1462 2792 1566 2820 sequitur
1583 2792 1654 2819 Apoc.
1674 2792 1710 2819 22,
1733 2791 1750 2812 1.

1302 2829 1311 2842 ⁵
1331 2831 1394 2852 Vers.
1413 2831 1439 2857 63
1457 2834 1585 2859 sequnntur
1602 2830 1666 2853 Cant.
1685 2830 1710 2856 -1,
1733 2830 1765 2852 15.
1783 2832 1805 2852 et
1823 2831 1882 2852 loan.
1902 2829 1927 2857 t,
1946 2829 1982 2851 14.

1303 2868 1312 2881 ⁹
1330 2870 1395 2891 Veis
1413 2870 1440 2896 6;
1458 2870 1562 2899 sequitur
1580 2870 1628 2892 lsai,
1651 2870 1684 2895 1-2,
1702 2870 1723 2891 3.

1303 2907 1322 2920 ¹⁰
1340 2909 1404 2930 vers.
1426 2909 1459 2931 12.
1477 2915 1525 2937 sea.

1303 2947 1320 2959 ¹¹
1340 2948 1369 2970 Ex
1387 2949 1404 2970 Α
1424 2948 1459 2970 sol.
1478 2948 1507 2970 59
1525 2955 1547 2970 κ’.
1944 2945 1963 2958 ¹²
1981 2947 2046 2968 Vei-s.

2104 2021 2182 2040 Divisio.

2228 492 2243 917 .-Μιψθψω-μμ,

2105 2559 2131 2578 De
2143 2559 2226 2578 omnibus
2240 2571 2241 2574 ,

1318 2574 1396 2602 Circa
1419 2575 1485 2602 haec
1500 2575 1592 2603 omnia
1607 2577 1686 2608 nota,
1702 2575 1774 2611 quod
1790 2574 1816 2603 in
1833 2574 1942 2602 Christo
1956 2577 2084 2603 nascente
2101 2583 2238 2625 ιῃιίιῗιιιιιῦιτῑ,1111211-ἶ

1240 2624 1370 2657 tanquam
1393 2621 1418 2648 in
1435 2627 1501 2649 vero
1515 2621 1593 2658 liyno
1608 2621 1693 2655 vitae,
1708 2621 1833 2650 exhibito
1848 2621 1912 2649 huie
1934 2620 2037 2649 mundo
2050 2620 2084 2649 ad
2097 2630 2218 2649 conditiones.
2236 2635 2243 2646 v:
