2243 3348
200 617 226 636 De
240 617 317 635 veritate

208 640 305 659 casinatis.

201 1455 313 1473 Notandum.

202 2202 252 2221 11001,
267 2201 314 2220 sicut

222 2225 287 2248 fulgor,

200 2295 311 2313 Notandum.

335 164 370 192 66

334 242 424 271 vestri
441 241 620 278 praecinet&
640 240 705 269 dicit
733 239 882 276 Gregorius
894 240 914 272 ¹,
936 238 1009 275 quod
1036 248 1048 261 α
1064 236 1176 265 lmnbos

331 288 570 326 praecinyimus,
592 295 655 315 cum
678 286 768 316 carnis
790 285 932 314 luxuriam
965 291 1014 320 per
1036 282 1177 311 continen-

337 335 400 365 tiam
422 337 595 364 coarctamus
609 344 635 361 ».
659 333 693 361 Et
714 332 850 361 lucernae
871 330 1006 359 ardentes
1027 332 1095 362 etc.;
1111 327 1177 356 dic-it

334 381 484 419 Gregorius
495 382 521 407 ¹:
549 392 562 406 «ι
574 381 711 409 Lucernas
725 378 853 408 ardentes
870 378 1013 411 habemus,
1028 383 1091 405 cum
1108 374 1177 404 lucis

335 428 462 465 exempla
484 431 707 456 monstramus».
730 426 800 461 Ergo
831 425 851 453 si
883 424 923 453 vis
950 425 1113 459 exspectare
1134 429 1176 450 se-

335 483 403 504 cure
424 474 575 504 secundum
597 473 698 501 Christi
720 472 880 504 adventum,
903 470 1054 506 restringas
1075 475 1176 497 000011-

333 522 478 559 piscentias
508 520 633 549 carnales
657 522 684 548 et
714 518 845 547 adhibeas
876 517 1049 553 operationes
1084 515 1176 543 bonas.

335 568 435 598 Paulus
457 575 522 596 vero
543 566 646 595 dicit³:
668 564 815 594 Succincti
836 563 947 592 lumbos
961 566 1071 590 vestros
1086 561 1117 589 in
1132 568 1176 588 ve-

334 615 431 648 ritate,
447 613 473 642 id
487 616 537 646 est,
553 613 588 641 sit
603 612 713 641 castitas
727 614 819 639 vestra
833 618 888 639 non
903 610 930 637 10
945 608 1115 644 apparentia,
1131 606 1178 634 sed

334 663 365 691 in
386 661 521 693 veritate,
543 667 597 688 non
613 659 656 692 sit,
678 658 750 687 sicut
771 660 811 686 est
833 656 943 685 castitas
958 654 1177 691 hypocritarum,

335 709 381 738 sed
403 708 475 737 sicut
495 707 541 736 illa
562 714 633 743 qnae
658 705 740 734 estin
755 704 872 733 occulto.
888 703 1050 739 Aliquorum
1067 700 1178 729 castitas

334 760 375 785 est
396 755 472 788 talis,
494 753 568 791 quod
599 761 628 782 se
649 752 787 781 abstinent
817 751 851 779 ab
873 757 928 778 uno
949 756 1050 785 genere
1071 746 1175 783 peccati

336 802 393 831 sive
408 800 611 833 immunditiae,
634 798 681 827 sed
704 797 884 834 praecipitant
905 803 933 824 se
955 795 982 823 in
997 793 1070 822 aliud
1088 799 1177 829 genus

334 847 534 877 immunditiae.
556 846 627 874 Dicit
648 844 806 881 Apostolus:
822 843 853 871 in
868 842 1001 874 veritate,
1017 843 1048 869 ut
1070 838 1179 867 studeat

334 895 418 923 homo
439 901 498 923 esse
519 895 611 921 castus
633 892 659 920 111
681 891 761 919 001110
782 890 843 922 1)01,
859 896 913 917 000
929 887 1081 916 hominum.
1104 885 1178 913 Acci-

333 942 373 970 dit
393 941 426 969 de
448 941 516 974 isto,
537 939 610 976 quod
642 938 795 966 fornicatur
818 937 844 964 10
865 934 974 963 occulto
994 932 1177 970 quandoque,

335 989 408 1017 siout
427 987 460 1016 de
482 987 528 1015 illo
559 985 605 1022 qui
628 987 669 1013 est
692 984 817 1020 leprosus
838 982 864 1010 in
887 981 995 1009 occulto
1016 982 1043 1008 et
1063 979 1178 1008 abscon-

334 1035 373 1063 dit
394 1035 498 1071 lepram
520 1041 596 1061 snam
619 1031 652 1060 ad
675 1034 798 1066 tempus3
819 1028 926 1057 tandem
948 1026 1070 1062 erumpit
1092 1026 1177 1062 lepra,

333 1085 360 1110 et
382 1081 419 1110 sic
442 1080 486 1109 ille
509 1078 685 1115 turpissimus
708 1076 860 1105 hominum.
883 1075 921 1102 lta
942 1073 1072 1102 simulata
1097 1072 1177 1101 casti-

333 1132 374 1157 tas
405 1127 571 1164 quandoque
603 1125 719 1161 pessima
740 1127 793 1156 est,
823 1125 849 1150 et
878 1120 1011 1158 permittit
1044 1119 1177 1148 Dominus

333 1174 515 1212 quandoque,
538 1173 617 1201 talem
641 1171 737 1200 cadere
770 1169 886 1206 pessime
915 1168 941 1196 10
965 1170 1124 1204 peccatum,
1147 1169 1177 1194 ut

334 1221 395 1250 inde
427 1220 517 1249 veniat
546 1219 578 1247 ad
611 1226 703 1247 veram
736 1215 939 1253 poenitentiam.
966 1214 1061 1242 Omnis
1083 1216 1175 1241 autem

332 1275 430 1297 sensus
451 1265 637 1302 corruptionis
658 1264 818 1292 libidinosae
840 1270 889 1299 per
912 1265 1019 1298 partem
1040 1260 1176 1297 generati-

332 1323 403 1348 vam,
426 1314 447 1342 si
471 1312 607 1350 vigilando
627 1311 771 1343 acciderit,
793 1310 874 1338 etiam
891 1309 912 1337 si
929 1316 982 1336 non
999 1316 1048 1344 per
1071 1310 1176 1343 partem

332 1361 468 1398 corporis,
491 1360 537 1388 sed
559 1360 579 1387 si
602 1359 636 1387 sit
669 1358 695 1386 in
727 1364 861 1386 consensu
884 1355 1016 1387 libidinis,
1039 1354 1177 1383 detestan-

331 1409 383 1437 dus
403 1411 452 1437 est.
476 1408 589 1443 Propter
611 1406 662 1434 hoc
683 1405 748 1433 dirit
769 1404 866 1431 beatus
899 1402 1034 1430 Petrus4:
1057 1401 1177 1429 Succin-

331 1455 370 1484 etz‘
390 1454 501 1483 lumbos
516 1453 618 1481 mentis
640 1455 750 1480 vesu-ue
773 1451 798 1478 in
822 1450 945 1478 veritate.
962 1448 1082 1477 Habetne
1097 1456 1177 1476 mens

332 1501 461 1530 lumbos?
482 1501 595 1536 Utique;
618 1499 645 1527 111
668 1498 769 1526 lumbis
790 1501 817 1526 et
840 1496 954 1525 renibus
968 1495 1046 1532 origo
1061 1499 1101 1524 est
1117 1502 1177 1523 car-

330 1549 400 1577 nalis
421 1547 615 1576 delectationis.
638 1546 695 1573 Non
725 1548 847 1573 sectatur
876 1544 941 1572 istas
972 1542 1176 1575 delectationes,

330 1595 499 1631 quicumque
521 1593 546 1620 in
569 1592 656 1621 oculis
676 1591 784 1620 divinae
806 1590 952 1619 Maiestatis
966 1589 1083 1626 gratiam
1105 1588 1177 1616 inve-

329 1641 389 1669 nire
410 1643 523 1677 paratus
544 1642 599 1672 est;
622 1641 649 1667 et
669 1640 793 1674 oportet,
816 1636 890 1674 quod
911 1644 964 1665 uon
988 1636 1076 1665 solum
1099 1643 1115 1663 a
1129 1635 1176 1664 de-

330 1687 474 1716 lectatione
496 1685 635 1719 luxuriae,
657 1685 741 1714 immo
763 1684 844 1713 etiam
873 1692 889 1713 a
915 1683 1055 1721 fermento
1076 1683 1175 1720 nequi-

331 1735 388 1762 tiae
408 1737 432 1762 et
451 1732 605 1761 malitiuc⁵
628 1740 681 1761 000
704 1733 901 1767 corrumpatur
920 1738 1011 1767 neque
1032 1738 1046 1758 a
1078 1737 1176 1766 super—

330 1781 375 1810 bia
396 1788 486 1817 neque
516 1780 551 1808 ab
584 1780 632 1808 ira.
662 1779 731 1807 Dicit
764 1778 865 1815 igitur:
888 1777 953 1806 Sint
974 1776 1067 1806 lumbi
1087 1776 1177 1804 vestri

327 1828 491 1865 praecincti
511 1831 535 1855 et
557 1827 692 1855 lucernae
714 1825 848 1854 ardentes
863 1825 894 1853 in
909 1824 1047 1853 manibus
1062 1823 1174 1852 vestris.

331 1892 367 1895 -
389 1875 445 1903 Non
468 1874 526 1903 sitis
548 1874 602 1902 nati
624 1873 656 1901 ad
690 1872 912 1901 manducandum
941 1871 1012 1900 sicut
1038 1870 1175 1903 Saraceni,

332 1921 379 1949 sed
400 1929 497 1949 sumus
519 1920 589 1954 nati,
611 1923 642 1948 ut
663 1927 761 1948 eamus
776 1919 801 1947 in
819 1919 977 1947 societatem
999 1917 1174 1954 Angelorum.

332 1968 383 1996 Sed
404 1976 457 1997 non
480 1975 628 2004 possumus
649 1966 794 2003 pervenire
821 1966 854 1994 ad
883 1965 1040 1995 societatem
1062 1964 1176 2001 Angelo-

332 2023 410 2048 rum,
434 2015 483 2043 nisi
506 2014 594 2042 simus
613 2013 744 2046 strenui,·
766 2016 792 2041 et
814 2019 844 2042 tu
866 2012 941 2041 nulla
956 2020 1039 2048 opera
1055 2011 1175 2040 strenui-

334 2062 396 2089 tatis
417 2061 490 2089 facis.
515 2061 600 2093 Ecce,
623 2069 674 2088 reae
696 2064 765 2088 titus
782 2059 871 2087 veniet
892 2058 974 2087 n'bi'f’.
998 2058 1063 2086 Sint
1084 2057 1177 2086 lum-bi

333 2108 419 2136 vestri
438 2108 602 2144 praecineti
623 2110 674 2136 etc.

408 2155 500 2183 Tertio
521 2154 585 2182 dicit
608 2155 734 2182 loannes:
758 2153 817 2189 Qui
834 2157 898 2190 post
920 2161 964 2180 me
980 2155 1121 2180 venturus
1135 2154 1176 2179 est

330 2205 397 2230 unte
418 2210 461 2229 me
481 2200 580 2237 faetus
601 2204 658 2234 est,
680 2200 744 2237 quia
766 2200 839 2229 venit
868 2199 996 2228 Christus
1016 2201 1077 2235 post
1099 2198 1176 2226 loan-

330 2256 391 2276 nem
413 2248 484 2276 sicut
505 2247 606 2284 [01901-
628 2247 796 2276 meridianus
825 2249 885 2283 post
906 2246 1062 2275 diluculum
1086 2248 1175 2274 matu-

330 2295 427 2323 tinum.
449 2294 599 2331 Aliquando
620 2301 698 2323 sacra
720 2294 864 2330 Scriptura
884 2296 1026 2329 comparat
1048 2292 1174 2321 Ioannem

330 2341 476 2377 Baptislam
509 2349 655 2374 canorae,
688 2340 835 2377 aliquando
866 2339 963 2367 stellae
993 2338 1174 2371 matutinae,

329 2388 476 2424 aliquando
497 2387 643 2420 clitumno,-
665 2387 805 2416 Christum
829 2390 921 2415 autem
944 2388 1087 2422 comparat
1107 2384 1174 2413 luci.

329 2435 401 2463 Dicit
416 2435 527 2463 loannes
539 2434 548 2451 ⁷
560 2445 565 2462 ς
581 2435 616 2462 In
627 2434 776 2471 principio
788 2438 853 2462 crac
870 2433 993 2461 Verbum
1005 2436 1069 2466 e·tc.;
1081 2435 1176 2468 postea

329 2481 364 2509 de
383 2481 472 2510 Verbo
494 2481 635 2510 incarnato
656 2481 736 2510 dicit:
760 2480 882 2508 Verbum
897 2488 968 2509 caro
989 2478 1104 2516 factum
1119 2481 1174 2511 εει,-

330 2529 356 2556 10
378 2528 467 2557 medio
491 2536 555 2556 vero
580 2528 659 2557 dicit:
692 2528 761 2557 Fuit
793 2527 878 2556 bomov
907 2527 1017 2555 missus
1048 2535 1067 2554 u
1099 2526 1176 2558 Deo:v

330 2575 471 2611 sequitur:
495 2574 556 2603 Non
579 2579 642 2603 erut
670 2575 715 2603 ille
747 2575 798 2603 lux
819 2578 870 2603 etc.
902 2575 976 2602 Erat
1007 2573 1058 2601 lux
1086 2580 1173 2606 veru,

392 2750 399 2762 ¹
419 2751 500 2772 1100111.
518 2751 540 2772 in
558 2751 645 2778 evang.
664 2752 741 2773 homil.
764 2752 797 2773 12.
816 2758 838 2773 0.
860 2752 877 2773 l.

392 2788 400 2801 2
419 2790 447 2811 Ex
464 2790 545 2811 eadem
565 2790 655 2811 homilia
674 2790 778 2817 Gregorii
797 2796 818 2812 n.
841 2792 857 2811 l.

392 2828 400 2840 ³
419 2829 474 2856 Epis.
493 2829 513 2857 e,
533 2828 567 2850 14.

392 2867 401 2878 *¹
420 2868 489 2894 Epist.
511 2868 523 2888 l.
543 2868 601 2889 Peir.
621 2869 638 2894 1,
660 2868 693 2889 13.

394 2905 402 2917 ⁵
421 2906 489 2933 Epist.
508 2907 522 2927 1.
539 2906 591 2928 Cor.
608 2907 629 2933 5,
647 2907 668 2928 8.
1000 2905 1010 2918 ὃ
1027 2906 1095 2929 Zacli.
1112 2905 1133 2933 9,
1152 2905 1173 2926 9.

392 2942 400 2954 '¹
419 2944 473 2970 (Tap.
498 2944 514 2969 l,
537 2945 552 2965 1.
572 2956 601 2960 —
618 2945 725 2972 sequium·
744 2951 766 2966 v.
788 2945 820 2966 il.
838 2945 859 2966 6.
877 2948 898 2967 el
917 2946 938 2967 8.
955 2951 1003 2973 seq.

992 159 1164 189 SERMONES
1185 158 1227 188 DE
1249 157 1412 186 TEMPORE.

1234 243 1308 273 quae
1329 234 1479 264 illuminat
1500 243 1613 263 omnem
1628 233 1772 264 bominem
1786 235 1942 264 venientem
1956 236 1988 264 in
2002 235 2079 264 bunc

1234 281 1387 310 mundum.
1411 281 1441 309 Et
1462 281 1590 309 Christus
1609 281 1710 310 dieitS:
1735 282 1793 319 Ego
1809 281 1860 310 lux
1881 282 1911 310 in
1933 282 2078 311 mundum

1234 328 1306 356 veni.
1329 327 1374 356 ille
1396 327 1443 364 qui
1466 331 1507 356 est
1530 327 1717 364 Principium
1730 328 1751 362 ⁹,
1773 331 1815 357 est
1830 328 1881 357 lua:
1901 336 1980 357 vera.
2004 329 2079 357 loan—

1235 381 1283 402 nes
1305 381 1370 403 vero
1392 377 1433 402 est
1455 373 1576 402 lucerna
1597 374 1706 402 ardens
1726 378 1751 402 et
1772 374 1870 403 lucens
1882 375 1922 408 ¹⁰;
1943 383 2002 403 non
2016 378 2079 403 erut

1234 420 1280 449 ille
1301 420 1361 449 lum.
1384 420 1485 449 Tamen
1502 420 1630 449 Christus
1644 420 1847 449 commendavit
1862 429 1934 450 eum.
1951 421 2079 450 Christus

1234 467 1336 496 dicitur
1358 467 1410 495 lum
1431 475 1501 495 veru
1530 470 1644 504 propter
1672 467 1821 504 sapientiae
1850 468 2078 504 praeclaritatem.

1235 513 1309 542 Istud
1331 513 1476 549 apparebit
1507 513 1532 541 in
1562 513 1635 542 finali
1668 514 1785 548 iudicio,
1806 515 1917 551 quando
1938 515 2029 544 veniet
2049 517 2081 545 ut

1234 560 1294 593 lux,
1317 559 1389 588 sicut
1411 559 1438 588 in
1460 560 1550 596 primo
1571 560 1691 589 adventu
1714 561 1788 589 venit
1810 564 1842 589 ut
1857 569 1917 590 rex.
1934 561 2008 590 Unde
2024 562 2080 599 pri-

1234 613 1294 634 mae
1309 605 1341 634 ad
1357 606 1514 635 Corinthios
1535 610 1635 643 quarto
1647 607 1686 634 ¹¹:
1709 606 1801 635 Nolite
1821 611 1888 636 ante
1909 612 2020 645 tempus
2034 608 2080 637 iu-

1234 652 1352 686 dicare,
1374 652 1566 690 quoadusque
1586 653 1683 682 veniat
1716 653 1875 688 Dominus,
1897 655 1949 692 qui
1968 658 1993 683 et
2014 654 2080 683 illu-

1234 698 1359 727 minabit
1374 698 1547 728 abscondita
1562 699 1749 728 tenebrarum
1764 704 1789 729 et
1804 700 2003 738 manifestabit
2018 709 2081 730 eon-

1233 746 1303 774 silut
1324 746 1460 775 cordium
1467 756 1478 780 ;
1499 750 1523 774 ec
1545 750 1613 775 tunc
1635 746 1702 775 laus
1723 747 1778 775 erit
1801 747 1959 785 unicuique
1980 756 1999 776 a
2015 748 2079 776 Deo.

1234 793 1349 829 Quando
1370 794 1459 830 cogito
1481 793 1514 822 de
1536 794 1583 822 Dei
1606 794 1794 830 pulcritudine
1808 797 1835 823 et
1856 794 1889 823 de
1911 802 1970 823 mea
1991 794 2081 824 defor-

1234 840 1337 873 mitate,
1359 844 1425 869 tunc
1446 841 1515 869 nihil
1537 843 1586 874 est,
1608 841 1681 877 quod
1703 844 1809 870 tantum
1831 841 1957 875 11111001ος
1984 842 2080 876 timeo,

1234 887 1307 924 quod
1329 887 1490 924 aperientur
1512 895 1607 916 omnes
1628 888 1806 924 cogitationes
1832 896 1916 917 meae.
1939 888 1990 917 Sed
2011 896 2081 925 quo-

1234 934 1314 963 modo
1336 942 1485 971 possumus
1512 942 1562 963 nos
1583 938 1678 971 aptare
1699 935 1731 963 ad
1755 935 1834 963 istam
1858 935 1968 964 lucem?
1990 935 2079 970 Certe,

1233 981 1353 1019 collyrio
1375 981 1484 1019 inunye
1505 981 1604 1010 oculos
1625 985 1699 1014 titos,
1722 984 1755 1010 ut
1775 981 1875 1010 videas
1887 981 1918 1010 ¹2.
1936 997 1972 1002 -
1990 981 2081 1020 Colly-

1233 1028 1315 1056 rium
1330 1031 1372 1056 est
1383 1028 1558 1064 compunctio
1573 1028 1764 1064 poenitentiae.
1782 1028 1895 1057 Posuisti
1911 1027 1982 1057 forte
1996 1035 2081 1065 super

1233 1074 1327 1103 oculos
1350 1077 1412 1103 tuos
1428 1075 1527 1108 lutum,
1543 1083 1597 1103 non
1614 1074 1776 1110 collyrium;
1792 1083 1845 1103 non
1862 1077 1939 1111 potes
1961 1075 2079 1111 plorare.

1233 1120 1350 1157 Quidam
1366 1128 1415 1157 per
1431 1121 1633 1158 quinquaginta
1647 1129 1734 1150 annos
1749 1129 1857 1158 semper
1880 1121 2006 1158 ploravit.
2029 1122 2080 1150 Su-

1234 1175 1296 1195 mus
1319 1167 1344 1195 in
1374 1168 1443 1195 valle
1484 1167 1685 1203 lacrymarum,
1720 1168 1803 1204 igitur
1831 1175 1940 1204 semper
1971 1168 2080 1204 plorare

1232 1214 1374 1243 debemus.

1313 1263 1363 1291 lste
1385 1262 1484 1298 igitur,
1507 1261 1558 1299 qui
1577 1265 1641 1298 post
1661 1270 1705 1290 me
1727 1266 1867 1289 venturus
1886 1265 1936 1294 est,
1952 1265 2018 1290 anie
2036 1269 2081 1290 nze

1231 1308 1331 1346 screnis
1353 1312 1409 1341 est,
1432 1308 1459 1336 in
1481 1316 1537 1344 quo
1566 1310 1607 1336 est
1630 1308 1719 1336 omnis
1738 1307 1857 1344 yrfttiae
1886 1307 2035 1344 plenitudo
2047 1307 2080 1341 ¹³,

1232 1356 1321 1384 omnis
1338 1354 1489 1392 potestatis
1508 1354 1721 1391 prueroyutz'bu
1742 1357 1768 1382 et
1800 1353 1890 1382 omnis
1917 1353 2080 1390 supientiae

1230 1401 1438 1439 praeclaritas.

1312 1448 1350 1476 lll.
1376 1448 1468 1476 Cuius
1488 1456 1547 1475 nou
1568 1455 1636 1475 sum
1666 1447 1788 1484 dignus,
1811 1450 1844 1475 ut
1874 1446 1984 1475 solvam
2016 1447 2080 1475 eius

1232 1495 1396 1532 corrigyiam
1417 1494 1611 1522 calceamenti.
1629 1494 1727 1522 Beatus
1750 1494 1862 1522 loannes
1883 1493 1998 1530 imponit
2013 1493 2079 1522 mihi

1232 1541 1388 1574 silentium,
1410 1540 1480 1569 dabo
1503 1544 1594 1569 tamen
1610 1540 1687 1569 vobis
1702 1540 1829 1577 (aliquid)
1844 1539 1878 1568 ad
1893 1539 2078 1576 cogitandum,

1232 1589 1289 1617 sive
1303 1588 1473 1617 occasionem
1496 1587 1641 1624 cogitandi.
1658 1588 1704 1616 Hic
1726 1588 1813 1624 tangit
1828 1587 2017 1616 admirabilem
2032 1595 2080 1616 us-

1231 1635 1373 1664 sumentis
1395 1638 1420 1663 et
1441 1634 1569 1663 ussaniui
1589 1633 1809 1670 copulationem.
1825 1633 1977 1662 Ostendere
1998 1633 2078 1662 istam

1232 1683 1434 1719 copulationem
1458 1690 1511 1710 non
1534 1684 1575 1710 est
1596 1681 1671 1710 aliud
1701 1681 1753 1709 0131
1785 1680 1947 1718 corriqiam
1969 1680 2080 1709 calcea-

1231 1729 1321 1758 menti?
1341 1729 1457 1758 solvere.
1481 1728 1533 1757 Ista
1553 1728 1652 1757 docent
1673 1736 1738 1762 nos,
1761 1731 1792 1756 ut
1819 1727 1853 1756 ad
1885 1727 2015 1756 sublimia
2036 1735 2079 1756 re-

1232 1784 1389 1809 curramus,
1421 1776 1491 1810 dico,
1525 1775 1677 1803 secundum
1706 1777 1828 1803 nostram
1857 1774 2077 1811 possibilitatem.

1232 1840 1269 1843 ——
1291 1823 1413 1852 Verbum
1435 1825 1579 1851 aeternum
1609 1821 1710 1850 [licitur
1735 1830 1796 1858 pes,
1828 1824 1929 1850 natura
1957 1823 2080 1850 assumta

1231 1870 1333 1899 dicitur
1349 1869 1593 1902 euieeameiuuni;
1609 1868 1674 1896 unio
1689 1868 1773 1896 unius
1791 1875 1854 1896 01101
1870 1867 1958 1896 altero
1978 1867 2079 1896 dicitur

1231 1917 1381 1954 ligatura,
1404 1919 1430 1945 et
1462 1918 1570 1952 quare?
1592 1915 1673 1949 Dico,
1696 1915 1769 1951 quod
1787 1923 1839 1952 pes
1862 1917 1950 1943 totum
1973 1916 2078 1950 portat3

1231 1963 1292 1993 ideo
1313 1963 1437 1992 Verbum
1458 1965 1602 1991 aeternum
1625 1962 1725 1990 omniu
1744 1964 1858 1998 portat,
1881 1964 1908 1989 et
1939 1960 2006 1990 illud
2039 1964 2079 1989 est

1231 2010 1364 2046 scripturn
1378 2010 1411 2043 ¹4,
1433 2009 1506 2046 quod
1522 2017 1588 2038 cum
1603 2009 1640 2037 sit
1654 2008 1789 2045 splendor
1807 2008 1920 2045 yloriue
1934 2011 1960 2036 et
1978 2007 2080 2045 siyuru

1230 2056 1413 2085 substantiae
1433 2056 1496 2084 eius
1515 2059 1694 2093 portansque
1723 2055 1823 2083 omniu
1853 2054 1939 2083 verbo
1959 2054 2080 2083 virtutis

1230 2112 1310 2132 sucoe.
1334 2120 1371 2124 —
1395 2103 1627 2132 Calceamentum
1651 2102 1747 2130 unitur
1768 2102 1828 2138 pedi
1845 2105 1872 2130 et
1886 2105 1927 2130 est
1947 2101 1981 2130 de
2002 2101 2080 2138 pelli-

1232 2151 1285 2180 bus
1301 2154 1476 2179 mortuorum
1493 2149 1651 2177 animalium
1668 2153 1694 2177 et
1709 2149 1844 2185 significat
1859 2135 1990 2177 naturani
2004 2156 2080 2176 mor-

1234 2198 1345 2226 talitatis
1366 2200 1491 2231 nostrae,
1513 2204 1584 2233 quae
1606 2196 1697 2225 Verbo
1728 2199 1843 2224 aeterno
1867 2198 1908 2224 est
1930 2195 2007 2224 unita
2029 2202 2079 2232 per

1232 2245 1429 2275 assumtionem
1452 2247 1569 2272 naturae
1600 2243 1745 2272 humanae.
1775 2242 2006 2271 Calceamentum
2038 2245 2079 2270 te-

1230 2292 1269 2329 git
1292 2292 1404 2328 pedem,
1427 2291 1465 2319 ita
1485 2294 1587 2319 natura
1619 2291 1738 2319 humana
1772 2290 1838 2327 tegit
1860 2293 1987 2318 naturam
2009 2288 2079 2317 divi-

1233 2347 1305 2372 nam,
1328 2342 1417 2367 tamen
1433 2341 1474 2367 est
1489 2341 1624 2366 extranea
1644 2345 1660 2365 a
1681 2341 1781 2365 natura
1802 2336 1907 2370 divina,
1929 2336 2001 2364 sicut
2022 2336 2076 2364 cal-

1232 2388 1407 2415 ceai‘nentum
1422 2392 1438 2413 a
1453 2384 1529 2421 pede.
1547 2384 1692 2421 Liyatura
1709 2391 1775 2412 vero
1790 2386 1882 2412 tantae
1902 2383 2079 2411 sublimitatis

1231 2435 1285 2465 est,
1301 2431 1375 2467 quod
1389 2439 1448 2460 non
1469 2439 1536 2458 sum
1557 2430 1665 2467 (lienus
1685 2429 1810 2463 solvere,
1827 2429 1853 2457 id
1874 2432 1915 2458 est
1936 2429 2078 2465 explicare

1232 2477 1305 2507 istud
1327 2477 1491 2513 mysterium
1504 2477 1534 2504 ¹⁵.
1558 2476 1668 2510 Videte,
1691 2484 1778 2513 quare
1793 2484 1846 2504 non
1869 2476 1929 2504 vult
1950 2475 2076 2504 solvere?

1231 2525 1313 2558 Dico,
1335 2524 1412 2561 quod
1431 2523 1588 2552 coniunctio
1602 2523 1757 2551 Diviiiitatis
1772 2531 1835 2551 cum
1852 2523 2023 2551 humanitate
2036 2525 2078 2551 est

1231 2571 1388 2601 coniunctio
1408 2571 1501 2607 primi
1521 2578 1583 2599 cum
1606 2570 1723 2603 ultimo,
1745 2569 1856 2598 summi
1876 2577 1941 2597 cum
1961 2568 2078 2605 infimo,

1291 2746 1300 2759 '³‘
1319 2748 1378 2769 10011.
1400 2747 1433 2775 1-2,
1453 2746 1489 2768 46.
1747 2744 1756 2757 ⁹
1774 2745 1903 2773 Respiciiur
1921 2745 1981 2767 ioan.
2000 2745 2021 2771 8,
2039 2745 2076 2766 25.

1292 2785 1311 2799 ¹⁰
1329 2787 1390 2808 toan.
1409 2786 1430 2812 5,
1449 2786 1485 2807 355,
1504 2789 1525 2807 et
1548 2786 1565 2811 l,
1583 2786 1605 2806 «ἢ.

1292 2824 1311 2837 ¹¹
1331 2825 1395 2847 Vers.
1413 2825 1434 2846 5.
1874 2822 1892 2835 ¹²
1911 2824 1982 2851 Apoc.
2001 2823 2022 2850 3,
2041 2823 2077 2844 ³13.

1293 2863 1311 2876 ¹³
1328 2863 1458 2891 Respicit-ur
1476 2864 1536 2885 ioan.
1554 2864 1574 2891 l,
1596 2864 1628 2885 16.
1891 2862 1909 2874 ¹⁴
1927 2861 1995 2884 Hebr.
2015 2862 2035 2888 1,
2055 2862 2075 2883 3.

1293 2902 1312 2915 ¹⁶
1330 2903 1413 2925 Deliae
1424 2902 1566 2930 expositione
1579 2903 1617 2924 cfr.
1632 2903 1725 2929 Bonav.‚
1738 2901 1853 2929 Apologia
1861 2902 1998 2929 Pauperum,
2009 2908 2028 2922 c.
2040 2900 2078 2922 10..

1230 2949 1253 2964 n.
1270 2942 1291 2964 7.
1311 2942 1374 2969 (10111.
1395 2941 1467 2969 Vin).

2098 1448 2143 1467 Pars
2156 1448 2185 1467 111.

2099 1634 2211 1654 Notandum.

2108 1822 2132 1840 Ex
2135 1821 2202 1846 positio

2114 1845 2198 1870 mystica.
2228 1858 2229 1862 ,
