2243 3348
0 814 3 817 “
28 830 30 832 -
54 821 76 848 ·,
120 813 197 842 Dicet
217 814 333 850 aliquis:
356 821 452 842 verum
475 817 528 847 est,
550 812 623 849 quod
644 812 777 840 debemus
798 811 904 840 servire
925 812 965 840 in-
993 827 995 835 ι

615 128 655 156 DE
677 128 702 156 S.
726 127 828 155 PATRE
851 126 981 155 NOSTRO
1003 125 1188 154 FRANClSCO.
1211 125 1320 154 SERMO
1343 125 1370 153 H.

121 216 237 236 seruum
252 206 317 244 feei.
333 208 448 236 Sanetus
465 207 542 235 Pater
556 206 717 235 Franciscus
731 205 860 234 omnibus
874 204 966 233 omnia

121 258 148 283 et
169 262 280 282 servum
302 254 425 282 omnium
447 261 476 282 se
490 253 562 287 fecit,
577 253 658 281 etiam
680 252 886 289 despicabilium
904 259 965 288 per-

121 308 250 330 sonarum
273 308 371 329 servus
386 307 445 329 esse
461 299 559 333 voluit,
576 299 601 328 11]
618 300 661 328 via
675 299 787 328 cuilibet
802 298 888 326 Fratri
904 298 966 327 ohe-

120 347 249 376 dientiam
272 347 463 383 promittebat;
486 346 596 383 quando
617 345 669 374 fuit
689 345 853 378 saecularis,
876 345 965 381 lepro-

121 401 165 422 sos
200 393 320 421 maxime
347 393 530 426 abhorrebat,
557 395 618 428 post
648 391 854 420 conversionem
887 399 964 419 suam

120 440 253 477 obsequio
275 440 447 476 leprosorum
463 447 492 468 se
512 439 668 476 deputavit,
688 438 803 467 lavando
825 438 906 475 pedes
920 446 965 466 eo-

121 494 184 515 rum
204 489 230 515 et
247 486 354 523 ligando
369 494 465 514 eorum
481 486 574 515 ulcera
590 489 617 514 et
633 486 733 522 plagas,
750 485 922 521 putredinem
938 488 966 513 et

121 533 225 562 saniem
247 533 388 561 educendo
409 536 437 561 et
457 532 540 569 pedes
554 532 715 565 osculando;
732 536 762 560 ut
777 531 965 568 supportando

119 580 279 617 proximum
292 588 320 608 se
332 580 564 616 contemptibilem
579 580 706 608 redderet
717 583 743 608 et
754 579 870 615 gratiam
882 587 897 607 a
912 579 966 607 Deo

119 627 289 663 impetraret.
312 627 455 663 Apostolus
469 627 502 654 ad
518 626 626 655 Galatas
638 628 646 643 ¹
663 626 743 654 dicit:
767 626 818 654 Vos
834 626 863 653 in
881 625 966 654 liber-

119 677 204 702 tatem.
226 674 322 702 vocati
341 674 418 707 estis,
432 673 555 710 fratre-5,
571 676 683 701 tantum
700 681 734 700 ne
756 672 913 701 libertatem
935 673 966 700 in

119 720 299 748 occasionem.
316 721 389 748 cletis
409 720 521 753 carnis,
536 720 586 748 sect
597 728 651 756 per
666 720 819 747 caritatem
836 719 966 755 Spiritus
993 730 995 744 l

118 767 223 795 servite
243 767 383 799 inuicem,-
406 767 465 795 talis
486 767 567 795 debet
588 774 647 794 esse
669 766 781 794 libertas
802 768 905 793 nostra.
928 782 964 785 —

92 860 96 863 '
120 860 216 892 vicem,
239 860 284 888 sed
307 868 360 888 non
382 862 492 895 oportet
512 859 618 887 servire
647 858 770 895 leprosis.
798 858 852 886 Hoc
880 858 965 886 servi-

119 907 188 935 tium
211 915 264 935 non
286 907 413 943 despexit
434 906 516 938 Deus,
537 906 583 942 qui
607 905 748 934 inclinavit
768 913 797 933 se
818 905 851 933 ad
874 905 966 933 lavan-
993 904 995 944 3¹

118 954 184 983 dum
207 953 289 990 pedes
312 954 415 982 lutosos
436 953 635 989 discipulorum
657 956 684 981 et
705 949 776 980 d‘ixit
790 952 817 980 2:
847 952 898 980 Vos
919 960 966 980 υο-
993 949 995 959 ¹

119 1001 193 1029 catis
214 1009 258 1029 me
280 1001 418 1037 Mayister
439 1005 464 1028 et
488 1000 617 1033 Domine,
633 1003 657 1027 et
678 999 745 1027 bene
764 999 878 1031 dicitis:
899 1007 965 1027 sum

119 1047 229 1076 etenim.
246 1047 279 1075 Si
295 1055 363 1084 eryo
375 1055 434 1084 eqo,
451 1046 590 1082 Mayister
605 1050 631 1074 et
644 1046 796 1079 Dominus,
809 1046 870 1074 lavi
882 1046 966 1082 peiles
993 1051 995 1073 1

118 1098 241 1128 vestros,
263 1098 287 1122 el
309 1102 358 1121 vos
386 1093 489 1121 (lebetis
511 1093 585 1121 calcei·
606 1092 730 1121 alterius
751 1092 852 1121 lavare
871 1093 964 1129 pedes.
993 1099 995 1122 l'

120 1140 290 1177 Exemplum
312 1140 388 1168 enim
410 1140 477 1168 dede?
491 1139 579 1173 vobis,
597 1143 629 1167 αι
649 1139 894 1177 quemadmodum
916 1147 966 1176 eqo

117 1186 175 1225 feci
196 1187 291 1220 vobis,
314 1187 356 1215 ica
376 1190 401 1215 et
422 1195 471 1214 vos
492 1185 623 1224 facia-tis.
647 1188 755 1220 Amen,
777 1195 879 1219 amen,
902 1186 966 1214 dico

118 1233 208 1267 vobis,
220 1243 278 1262 non
292 1237 333 1262 est
346 1242 449 1262 servus
463 1233 561 1261 ‘iustior
576 1231 697 1261 Domino
712 1242 776 1267 suo,
788 1242 878 1271 neque
891 1236 911 1261 A
914 1242 965 1270 po—

117 1280 209 1309 scotus
229 1281 327 1309 maior
348 1284 389 1308 esc
409 1288 439 1308 eo
461 1280 513 1317 qui
532 1280 614 1308 misit
629 1280 719 1308 illum.
744 1280 813 1308 Dicit
827 1280 862 1308 ibi
879 1281 967 1316 Augu<

119 1328 223 1356 stinus:
243 1339 257 1352 «
272 1327 413 1356 Faciamus
428 1327 543 1355 invicem
558 1327 677 1355 humiles
692 1327 764 1364 quod
779 1327 920 1355 humiliter
932 1326 968 1355 fe-

119 1375 155 1403 cit
168 1374 307 1403 Excelsus.
324 1375 420 1411 Magna
434 1378 475 1402 est
491 1374 557 1402 haec
572 1374 774 1402 commendatio
793 1374 966 1407 humilitatis,

119 1425 146 1450 et
167 1422 271 1450 faciunt
292 1421 342 1450 sibi
367 1422 418 1450 1100
440 1421 555 1450 invicem
589 1422 698 1454 iratres,
720 1421 800 1449 etiam
823 1429 906 1457 opere
928 1421 967 1448 vi—

119 1468 208 1502 sibili,
236 1472 263 1497 et
283 1469 304 1496 si
338 1476 391 1496 non
413 1476 512 1504 opere,
535 1468 638 1496 faciunt
667 1472 756 1496 tamen
778 1467 874 1501 corde,
896 1468 966 1496 mul-

120 1518 203 1552 toque
226 1515 324 1543 melius
345 1519 394 1548 est,
417 1518 448 1543 ut
462 1515 543 1543 etiam
561 1514 689 1543 manibus
709 1514 822 1548 faciant,
844 1522 878 1543 ne
892 1514 966 1551 quod

119 1562 183 1591 fecit
207 1562 334 1590 Christus
364 1561 529 1598 dedignetur
561 1561 650 1590 facere
681 1561 864 1590 Christianus.
897 1561 965 1589 Cum

120 1610 191 1638 enim
214 1609 246 1637 ad
275 1608 358 1645 pedes
386 1608 480 1636 fratris
508 1609 657 1636 inclinatur
685 1616 803 1645 corpus,
831 1609 912 1637 etiam
939 1609 966 1636 in

119 1656 201 1685 corde
223 1656 281 1692 ipso
303 1656 345 1684 vel
373 1655 522 1688 excitatur,
546 1656 597 1688 vel,
619 1655 640 1683 si
663 1655 716 1683 iam
739 1655 844 1688 inerat,
866 1655 967 1683 confir-
994 1669 995 1672 =

119 1706 212 1731 matur
234 1702 398 1731 humilitatis
419 1702 533 1730 affectus
548 1714 574 1730 ».

198 1749 347 1786 Gregorius
368 1757 467 1782 nonus,
489 1749 587 1785 plenus
601 1749 742 1785 sapientia,
762 1752 874 1786 propter
890 1749 966 1777 sami·
994 1765 996 1771 ›

98 1797 282 1830 ·liaritate1n,
311 1804 394 1833 quam
425 1796 521 1824 habuit
545 1804 608 1824 cum
632 1796 711 1824 beato
737 1796 896 1830 Francisffl,
927 1796 967 1824 fa-

120 1847 181 1872 ctus
202 1847 243 1872 est
263 1844 323 1872 eius
344 1843 466 1871 imitator
480 1846 507 1871 et
522 1843 548 1871 in
570 1851 620 1871 sua
635 1851 744 1871 camera
766 1843 863 1871 habuit
877 1843 967 1880 lepro-

119 1898 180 1919 sum
191 1913 203 1929 ‚³
225 1890 268 1919 0111
298 1890 435 1918 serviebat
463 1890 489 1917 in
513 1889 606 1918 tunica
633 1890 744 1918 Fratris.
771 1889 893 1926 Quadam
923 1890 966 1919 die

119 1938 190 1966 dixit
211 1937 255 1966 ille
278 1937 419 1973 leprosus:
442 1945 495 1964 nou
518 1937 600 1965 hahet
622 1944 749 1965 summus
771 1937 894 1965 Pontifex
914 1937 965 1966 nisi

119 1985 203 2013 istum
226 1991 332 2017 senem,
358 1983 405 2020 qui
436 1983 502 2011 mihi
532 1983 688 2012 ministret?
714 1983 798 2012 Nimis
825 1983 965 2021 fatigatur.

119 2032 224 2060 Bonum
240 2034 281 2059 est
296 2031 401 2059 servire
418 2031 561 2067 proximo;
584 2034 697 2067 propter
712 2031 764 2059 hoc
782 2031 926 2067 Apostolus
937 2031 965 2059 ³:

122 2078 237 2115 Castiqo
259 2086 367 2114 corpus
389 2086 485 2105 meum
507 2082 531 2105 et
546 2078 576 2105 in
597 2077 764 2106 servitutem
785 2078 894 2115 redigo.
911 2079 966 2106 Bo-

119 2134 190 2153 vium
213 2129 253 2153 est
276 2125 348 2157 viro,
370 2124 614 2161 comportaverit
634 2125 738 2161 iuyum
753 2124 790 2153 ab
805 2125 966 2153 adolescen-

120 2172 162 2200 tia
182 2180 249 2200 sua.

199 2219 297 2247 Beatus
318 2218 479 2247 Franciscus
511 2218 563 2246 fuit
583 2217 704 2247 humilis
733 2227 783 2255 pro
805 2220 965 2247 reuerentia

86 2273 106 2287 ·-
122 2265 183 2299 Dei,
205 2264 346 2293 ltztmilior
361 2273 411 2301 pro
428 2266 648 2302 supportatione
660 2265 803 2302 proximi,
819 2266 900 2294 tertio
914 2266 966 2294 fuit

121 2311 303 2340 humillimus
323 2320 374 2348 pro
395 2315 556 2349 contemptu
570 2311 629 2345 sui,
644 2316 676 2340 111
697 2316 862 2349 sequeretur
877 2312 965 2347 illum,

120 2359 154 2388 de
175 2367 230 2396 quo
251 2359 353 2387 dicitur
375 2359 407 2387 ad
424 2359 611 2395 Philippenses
625 2359 652 2387 4:
677 2359 848 2387 Eminaiiivit
868 2363 965 2387 semet-

120 2406 228 2442 ipsum,
250 2404 381 2442 forma-m
403 2406 482 2433 servi
502 2406 655 2442 accipiens.
674 2406 700 2433 ln
723 2406 769 2434 illa
781 2405 882 2442 forma
901 2414 965 2434 con-

120 2456 217 2489 ceptus
238 2453 290 2481 fuit
311 2455 338 2481 et
360 2453 449 2489 potuit
469 2452 576 2481 dicere:
600 2453 771 2481 Adolescens
788 2461 853 2481 sum
877 2462 926 2490 090
940 2457 966 2481 et

120 2503 305 2536 contemptus.
328 2500 438 2527 Vermis
459 2503 483 2527 et
503 2508 562 2532 11011
587 2499 688 2533 1101110;
710 2500 900 2537 opprobrium
916 2500 964 2529 lto—

120 2547 233 2575 mimtm
254 2550 280 2574 et
300 2546 420 2574 abiectio
442 2545 543 2582 plebis.
567 2546 664 2574 Docuit
685 2547 819 2576 Dominus
840 2547 964 2584 magnifi-

183 2725 191 2738 ¹
209 2726 238 2749 Ca
259 2743 264 2748 .
282 2726 295 2748 5
322 2726 358 2749 13.

183 2764 192 2777 ²
209 2732 268 2787 loasn.
281 2743 315 2792 13,
326 2766 402 2788 1316,
412 2767 558 2795 —Sequitur
568 2767 673 2795 August„
686 2768 706 2789 in
720 2768 780 2790 ioan.
793 2769 880 2796 Evang.
890 2772 916 2791 tr.
927 2769 965 2791 511

370 2804 379 2817 ⁵
399 2805 468 2833 Epist.
487 2806 501 2827 l.
519 2806 571 2828 Cor.
582 2807 604 2833 9,
623 2807 664 2834 273
682 2807 786 2836 sequitur
797 2808 879 2830 Τ111011.
894 2809 915 2835 3,
928 2808 965 2830 27.

183 2842 192 2855 ⁴¹
209 2842 262 2871 Cap.
281 2843 302 2869 2,
319 2843 346 2871 73
364 2846 492 2872 sequuntur
510 2844 546 2866 Ps.
564 2845 616 2872 ll8
636 2844 686 2867 141.
703 2849 725 2867 01
743 2846 777 2867 Ρ5.
789 2847 826 2873 21,
844 2847 864 2868 6.

184 2882 193 2894 ⁵
209 2882 339 2910 Respicitur
356 2883 412 2904 Gen.
430 2883 451 2909 l,
469 2882 506 2905 27.
525 2896 554 2898 —
573 2883 622 2905 Duo
639 2887 762 2912 sequentes
782 2885 825 2907 loci
843 2889 895 2907 sunt
911 2886 964 2907 Ber-

120 2922 194 2950 nard.‚
211 2928 280 2944 serm.
302 2922 334 2943 16.
352 2922 374 2943 111
392 2921 456 2944 Cant.
474 2928 496 2944 n.
518 2922 552 2944 10.
569 2925 591 2945 01
608 2923 711 2951 Gregor„
729 2924 742 2945 l.
761 2923 848 2951 Dialog.
866 2930 885 2946 c.
904 2925 926 2946 5.

214 2968 239 2992 S.
258 2968 349 2991 Bonae.
365 2981 396 2984 —
413 2969 481 2991 Tom.
497 2969 536 2991 lX.

121 2804 182 2827 n.4.

1812 126 1865 153 577

1022 204 1138 232 centiam
1161 212 1238 232 suam
1262 204 1287 232 in
1310 204 1401 237 03010,
1422 211 1505 240 quam
1527 206 1687 240 appetentes
1708 204 1796 239 angeli
1826 204 1867 231 111-

1022 251 1153 285 ciferiani,
1176 251 1335 288 perierunt,
1350 254 1377 280 et
1398 251 1461 280 fecit
1483 251 1579 280 lucifer
1600 259 1693 280 secum
1717 258 1799 279 ruere
1821 251 1867 279 ho—

1023 297 1134 332 minem,
1156 298 1202 335 qui
1225 298 1258 326 ad
1280 298 1439 335 imaqinem
1461 298 1507 326 Dei
1531 298 1583 326 suit
1603 302 1721 326 oreatus
1731 297 1751 325 ⁵.
1774 298 1866 326 Humi-

1023 345 1125 373 litatem
1147 353 1200 373 non
1223 345 1316 373 docuit
1338 345 1363 373 in
1393 345 1483 378 caelo,
1506 345 1582 378 ideo,
1604 345 1699 373 volens
1723 345 1867 373 ostendere

1022 391 1141 420 radicem
1171 392 1336 428 sapientiae,
1360 392 1515 420 humiliavit
1540 399 1577 420 se.
1599 392 1649 428 Qui
1677 391 1737 419 vult
1767 391 1867 420 habere

1022 438 1183 474 sapientiam
1211 438 1328 471 Christi,
1350 441 1459 475 oportet
1486 446 1501 466 a
1530 438 1630 466 radice
1654 438 1806 466 sanctitatis
1827 438 1867 466 in-

1022 485 1129 521 cipere,
1151 485 1223 513 sicut
1244 485 1307 514 fecit
1329 485 1426 513 beatus
1447 486 1616 514 Franciscus.
1639 485 1753 521 Quando
1780 485 1867 522 primo

1022 531 1075 559 fuit
1089 539 1250 566 conversus,
1266 540 1282 560 a
1296 532 1456 560 concivibus
1470 533 1528 560 suis
1544 532 1601 560 luto
1616 532 1769 569 platearum
1787 532 1867 569 proii-

1022 578 1146 607 ciebatur
1167 582 1195 607 et
1224 579 1314 607 nudus
1343 580 1415 607 venit
1445 587 1537 608 coram
1562 580 1689 616 episcopo
1719 583 1746 608 et
1777 580 1866 607 onmia

1023 626 1184 661 temporalia
1204 626 1322 660 dimisit,
1346 630 1439 662 postea
1466 626 1518 654 fuit
1541 627 1582 654 vir
1603 627 1721 655 eximiae
1741 626 1868 654 sanctita-

1023 672 1072 706 tis;
1095 680 1143 708 per
1172 673 1223 701 hoc
1254 673 1417 706 ostenditur,
1447 673 1520 710 quod
1549 674 1675 710 pervenit
1701 674 1734 702 ad
1759 674 1867 702 culmen

1023 719 1174 747 sanctitatis
1204 723 1231 747 et
1264 720 1434 748 humilitatis.
1465 721 1534 749 Dicit
1565 721 1661 749 beatus
1693 721 1867 749 Bernardus:

1027 765 1144 793 «Verus
1176 766 1289 794 humilis
1321 767 1380 794 vult
1412 767 1473 794 vilis
1502 768 1641 803 reputari,
1673 776 1726 796 non
1756 768 1869 796 humilis

1022 812 1217 848 praedicari».
1242 812 1311 841 Dicit
1339 813 1437 841 heatus
1464 813 1629 850 Gregorius,
1652 815 1736 851 quod,
1770 827 1783 839 «
1798 816 1869 843 sicut

1023 858 1135 894 superbi
1157 859 1190 887 de
1212 867 1262 887 sua
1283 860 1450 888 exaltatione
1464 860 1628 896 gloriantur,
1645 861 1681 889 ita
1703 861 1822 890 humiles
1836 861 1869 890 de

1023 905 1064 933 sui
1087 905 1238 934 abiectione
1263 906 1383 942 oaudent
1398 918 1424 934 ι)
1455 907 1529 935 Unde
1552 908 1677 943 provenit
1708 908 1869 937 humilitas?

1022 952 1101 980 Certe
1116 959 1151 980 ex
1168 952 1259 981 radice
1274 953 1372 981 0011115
1386 969 1422 973 —
1437 953 1534 982 Beatus
1550 954 1689 988 Pacificus,
1705 955 1809 989 Frater,
1821 956 1867 992 qui
1891 959 1976 1001 Notabqe
1990 959 2015 1000 fg-

1023 998 1131 1034 primus
1151 998 1281 1028 Ordinem
1305 1000 1430 1028 F1at1um
1454 1001 1573 1037 portavit
1594 1002 1619 1029 in
1643 1002 1797 1036 lranciam,
1819 1003 1870 1031 fuit
1894 984 2000 1025 fifflmssso
2010 995 2016 1002 ⁸

1023 1045 1065 1073 vir
1086 1053 1200 1083 magnae
1215 1047 1376 1080 sanctitatis,
1391 1051 1418 1075 et
1439 1055 1501 1075 cum
1524 1052 1616 1077 oraiet
1635 1049 1660 1077 11]
1677 1050 1791 1078 ecclesia
1806 1058 1867 1078 cum

1022 1092 1102 1121 beato
1124 1093 1267 1121 Francisco
1289 1093 1407 1130 quadam
1428 1094 1471 1122 die
1493 1099 1520 1123 et
1538 1100 1684 1131 soporatus
1698 1100 1778 1129 esset,
1794 1096 1869 1130 vidit,

1023 1139 1129 1168 caelum
1150 1139 1252 1175 aperiri
1274 1143 1301 1168 et
1324 1140 1348 1168 11]
1365 1141 1440 1169 03010
1462 1142 1678 1177 pulcherrimam
1695 1143 1868 1177 cathedram;

1023 1186 1109 1222 petiit,
1131 1186 1211 1214 cuius
1232 1190 1303 1215 esset
1325 1187 1464 1221 cathedra,
1480 1192 1507 1216 et
1527 1189 1631 1217 dictum
1654 1192 1695 1217 est
1716 1190 1755 1218 ei:
1778 1191 1870 1218 cathe-

1023 1232 1100 1261 dram
1124 1233 1203 1261 istam
1227 1234 1318 1262 an‘iisit
1341 1234 1437 1263 lucifer
1467 1239 1579 1272 propter
1608 1236 1765 1272 superbiam
1792 1245 1869 1265 suam

1023 1284 1050 1308 et
1072 1284 1232 1309 reservatur
1255 1281 1333 1310 beato
1355 1282 1498 1311 Francisco
1521 1286 1634 1319 propter
1660 1291 1737 1311 suam
1762 1284 1869 1312 humili-

1025 1330 1116 1355 tatem.
1139 1327 1206 1355 Cum
1229 1331 1300 1356 esset
1321 1328 1475 1365 evigilatus,
1497 1330 1633 1366 quaesivit
1654 1338 1669 1358 a
1691 1330 1770 1359 heato
1792 1331 1871 1359 Fran-

1024 1374 1110 1402 cisco:
1138 1386 1151 1399 «
1166 1374 1235 1410 Quid
1259 1375 1305 1403 tibi
1330 1375 1439 1403 videtur
1460 1376 1493 1404 de
1516 1380 1541 1405 te
1556 1380 1589 1404 »?
1611 1377 1757 1413 Respondit
1773 1378 1869 1406 beatus

1024 1421 1200 1450 Franciscus:
1228 1433 1240 1446 (ι
1256 1422 1371 1450 Videtur
1387 1423 1463 1456 mihi,
1479 1423 1552 1460 quod
1568 1431 1629 1451 sum
1653 1424 1793 1453 maximus
1808 1432 1869 1461 pec-

1024 1468 1148 1505 catorde
1170 1468 1313 1497 mundo».
1336 1469 1412 1497 Dixit
1428 1469 1574 1498 Pacificus:
1600 1482 1613 1495 «
1629 1471 1696 1498 Sunt
1720 1471 1870 1500 homicidae

1024 1519 1051 1543 et
1072 1515 1192 1544 latrones
1212 1519 1239 1544 et
1260 1516 1304 1544 alii
1328 1517 1389 1544 mali
1407 1529 1432 1544 ».
1456 1517 1603 1553 Respondit
1623 1518 1645 1546 ei
1670 1517 1767 1546 beatus
1788 1518 1870 1546 Fran-

1024 1563 1128 1591 ciscus:
1156 1574 1168 1586 «
1184 1563 1241 1591 Non
1264 1566 1305 1591 est
1320 1563 1357 1591 ita
1372 1564 1508 1600 pessimus
1528 1564 1562 1592 de
1578 1564 1689 1598 mundo,
1712 1565 1732 1593 si
1757 1565 1870 1593 haberet

1024 1612 1064 1637 tot
1074 1609 1146 1637 dona
1160 1610 1273 1646 gratiae,
1286 1610 1352 1646 quin
1365 1614 1437 1639 esset
1447 1610 1571 1639 devotior
1582 1619 1626 1639 me
1638 1623 1664 1638 n.
1680 1612 1776 1640 Audite
1791 1612 1870 1640 mira-

1024 1656 1086 1690 bile,
1096 1656 1193 1693 (quod)
1203 1657 1274 1685 inter
1285 1657 1385 1691 omnia,
1394 1665 1465 1694 quae
1476 1657 1605 1686 admirari
1617 1666 1773 1694 possumuS,
1782 1667 1868 1687 unum

1024 1707 1065 1732 est
1086 1704 1119 1732 de
1141 1704 1285 1733 maximis:
1309 1705 1380 1732 inter
1394 1712 1498 1738 omnes,
1514 1713 1584 1742 quos
1599 1705 1672 1734 Deus
1693 1706 1825 1734 exaltavit
1843 1707 1869 1734 in

1024 1758 1095 1778 novo
1116 1754 1143 1778 et
1166 1751 1249 1779 veteri
1272 1752 1455 1785 Testamento,
1478 1752 1584 1780 nullum
1608 1753 1741 1781 exaltavit
1756 1754 1805 1781 nisi
1828 1754 1871 1782 de-

1886 303 1998 322 Notandum.

1885 491 2001 510 Franciscus.

1024 1797 1124 1831 ieetum
1144 1801 1174 1832 =et
1196 1798 1383 1826 humiliatum.
1405 1814 1443 1818 —
1461 1799 1528 1827 Tres
1549 1799 1681 1827 exaltavit
1695 1799 1828 1828 Dominus
1844 1800 1869 1828 11]
1899 1802 1996 1845 ffgmtffiffi

1023 1845 1108 1873 veteri
1131 1845 1306 1873 Testamento
1321 1845 1471 1879 stabiliter;
1487 1854 1540 1874 non
1563 1847 1696 1874 exaltavit
1717 1847 1789 1880 Saul,
1805 1847 1869 1884 111113
1888 1850 2008 1869 vastatione*

1025 1891 1151 1919 nonfuit
1182 1891 1302 1925 stabilis,
1325 1892 1372 1920 sed
1400 1892 1533 1920 exaltavit
1562 1892 1678 1929 loseph,
1701 1894 1816 1931 Moysen
1845 1897 1871 1922 et

1025 1938 1129 1966 David.
1143 1938 1213 1974 Quid
1231 1938 1330 1974 legitur
1345 1938 1378 1966 de
1393 1937 1516 1974 Ioseph?
1531 1939 1602 1967 Dicit
1617 1939 1739 1968 Psalmus
1751 1940 1777 1968 ⁶:
1793 1940 1871 1969 Misit

1023 1988 1090 2013 ante
1103 1993 1149 2013 eos
1170 1985 1288 2018 virum;
1302 1986 1489 2014 venundatus
1504 1990 1544 2014 est
1565 1986 1595 2014 in
1614 1995 1749 2020 sertatim
1770 1987 1871 2016 dicitur

1024 2031 1076 2065 ibi,
1099 2032 1172 2068 quod
1194 2032 1246 2060 fuit
1267 2032 1456 2061 incarceratus
1484 2036 1511 2061 et
1532 2033 1632 2070 ligatus
1660 2034 1734 2062 ferro
1761 2038 1788 2062 et
1813 2042 1870 2062 ser-

1024 2078 1115 2107 viebat
1136 2079 1189 2107 illis
1211 2079 1257 2116 qui
1281 2083 1360 2108 erant
1381 2088 1473 2108 secum
1497 2080 1522 2108 in
1546 2088 1666 2109 carcere.
1689 2081 1784 2110 Postea
1804 2082 1870 2110 Pha-

1024 2134 1072 2154 rao
1100 2126 1250 2154 constituit
1276 2135 1341 2154 eum
1367 2127 1518 2155 (lominmn
1547 2127 1651 2156 (lomus
1678 2137 1759 2156 succe.
1790 2129 1869 2162 item,

1023 2173 1126 2210 Moysi,
1148 2173 1194 2210 qui
1217 2173 1269 2201 fuit
1289 2174 1435 2210 adoptatus
1457 2175 1482 2202 in
1506 2175 1593 2203 filium
1616 2175 1687 2203 filiae
1710 2176 1871 2210 Pharaonis,

1024 2220 1049 2248 in
1073 2224 1147 2248 terra
1168 2220 1280 2256 Aegypti
1300 2228 1352 2248 non
1370 2221 1494 2257 promisit
1510 2221 1643 2250 Dominus
1657 2222 1870 2256 exaltationem3

1023 2266 1069 2295 sed
1090 2267 1201 2303 quando
1225 2268 1331 2296 exarsit
1357 2268 1384 2296 in
1411 2276 1473 2297 eum
1504 2269 1608 2297 Pharao
1637 2272 1664 2297 et
1691 2270 1742 2297 t'uit
1770 2270 1796 2297 in
1824 2270 1869 2298 de-

1022 2318 1096 2342 serto
1117 2318 1144 2342 et
1164 2314 1253 2342 factus
1273 2318 1314 2343 est
1336 2316 1496 2351 pecorarius
1517 2320 1544 2344 et
1566 2319 1658 2352 pastor
1679 2317 1782 2351 ovium,
1804 2321 1870 2345 tunc

1024 2361 1156 2389 Dominus
1177 2362 1306 2398 apparuit
1327 2362 1350 2390 ei
1380 2366 1406 2390 et
1429 2363 1538 2391 locutus
1563 2366 1604 2391 est
1632 2363 1655 2392 ei
1682 2364 1783 2392 iudicia
1811 2372 1869 2393 sua.

1022 2408 1052 2436 Et
1073 2408 1107 2436 de
1123 2408 1219 2436 David
1233 2408 1299 2445 quid
1314 2408 1416 2437 dicitur
1438 2409 1480 2437 vel
1504 2409 1623 2445 legitur?
1644 2410 1713 2446 Quid
1736 2410 1804 2439 dicis
1826 2414 1869 2445 tu,

1023 2454 1126 2483 David
1118 2457 1128 2476 ¹1
1151 2455 1220 2483 Dicit
1236 2455 1320 2483 David
1334 2455 1359 2483 ⁷:
1367 2456 1473 2493 Eteyzc
1490 2456 1593 2490 David,
1608 2465 1655 2484 sei
1657 2465 1726 2485 vum
1740 2466 1828 2485 suum
1845 2462 1870 2486 et

1020 2502 1139 2530 Sustulit
1160 2510 1224 2529 eum
1247 2502 1281 2530 de
1300 2511 1337 2539 9⁷
1339 2502 1439 2539 0911)ος
1460 2503 1575 2536 ovium,
1601 2504 1634 2532 (le
1658 2508 1723 2541 post
1747 2504 1869 2541 letantes

1021 2548 1129 2584 accepit
1144 2557 1219 2580 eum,
1233 2556 1353 2585 pascere
1369 2549 1464 2582 Iacob,
1479 2558 1596 2577 seruum
1610 2559 1709 2584 suum,
1725 2555 1749 2578 et
1768 2551 1868 2584 lsrael,

1084 2729 1094 2742 ὅ
1112 2731 1192 2752 Ρ531111.
1211 2730 1313 2757 104,17.
1330 2736 1411 2759 seqq.;
1429 2730 1457 2753 de
1470 2731 1546 2758 Moyse
1559 2737 1581 2752 v.
1595 2731 1631 2753 26.
1644 2737 1721 2759 seqq.;
1739 2732 1780 2753 cfr.
1798 2731 1866 2753 Exod.

1022 2770 1043 2796 2,
1060 2770 1082 2791 9.
1100 2775 1165 2797 seqq.
1182 2772 1204 2791 et
1221 2775 1241 2791 c.
1259 2770 1280 2797 3,
1298 2770 1320 2790 2.
1337 2776 1403 2798 seqq.

1085 2807 1092 2820 ⁷
1111 2809 1193 2830 Dsahn.
1210 2808 1248 2836 77,
1268 2808 1306 2830 70.
1323 2814 1371 2836 seq.
1389 2820 1419 2825 -—
1436 2809 1487 2830 Duo
1499 2810 1622 2837 sequentes
1634 2809 1675 2830 loci
1694 2812 1747 2830 sunt
1763 2809 1868 2836 Gregor.‚

1022 2848 1037 2869 l.
1055 2847 1136 2868 Homil.
1154 2847 1175 2868 in
1193 2847 1280 2874 Evang.
1300 2847 1379 2869 homil.
1390 2846 1412 2868 7.
1429 2853 1451 2869 n.
1465 2847 1486 2873 4,
1503 2850 1525 2869 et
1542 2847 1599 2869 infra
1616 2847 1702 2869 Auctor
1719 2847 1771 2869 libri
1788 2848 1818 2870 de
1836 2847 1866 2869 Si-

1022 2885 1143 2908 militudin.
1163 2885 1230 2913 (inter
1247 2891 1316 2913 opera
1335 2886 1445 2914 Anselmi)
1463 2892 1483 2908 c.
1502 2886 1554 2908 100.
1572 2892 1637 2915 seqq.
1663 2886 1708 2909 Csr.
1731 2889 1809 2909 tamen
1825 2888 1867 2909 An⁴

1021 2924 1094 2951 selm.,
1112 2924 1182 2951 Epist.
1199 2924 1238 2946 75.

1743 2973 1772 2994 73
