2243 3348
372 211 429 239 502

449 288 597 325 Respicite:
620 287 728 316 initium
748 285 901 322 Sapientiae
922 284 1057 321 accipitur
1075 283 1109 312 de
1131 283 1215 312 histo-

233 343 302 365 Primo.
316 347 358 368 pm-
372 336 442 364 ria¹.
465 336 591 364 Salomon
612 342 665 362 nou
689 332 853 369 loquebatur
874 331 948 360 sicut
970 331 1078 364 fatuus,
1100 333 1215 366 propter

226 368 357 409 „Riea'bssi'iffi
370 381 511 410 consimile
532 381 559 409 in
580 380 658 417 plebe
680 379 835 407 Israelitica.
858 378 972 414 Propter
994 376 1135 405 consimile
1161 374 1215 403 bet-

370 429 431 457 ium
452 430 628 464 comparatur
649 426 700 454 ista
714 425 797 461 Virgo
811 423 948 453 exercitui
965 422 1120 451 Pharaonis.
1136 422 1214 450 Com-

371 475 523 512 pellebatur
545 473 664 511 populus
696 471 859 500 israeliticus
890 471 917 498 in
949 471 1070 507 Aegypto
1100 469 1133 497 ad
1160 469 1214 497 vile

369 529 447 558 opus,
469 520 607 557 affligebat
627 527 674 548 eos
695 519 800 547 Pharao
821 518 847 546 in
870 525 952 554 opere
968 516 1022 545 luiz·
1036 520 1061 545 et
1076 516 1176 544 lateris
1188 516 1214 550 ²,·.

369 572 396 597 et
416 568 571 605 praefectus
592 566 670 595 urbis
692 565 873 602 compellebat
893 564 1002 593 beatam
1030 564 1161 600 Agnetem
1180 563 1215 591 ad

370 615 421 643 vile
443 622 528 651 opus,
551 616 582 642 ut
604 614 814 641 consecraretur
835 610 1016 640 daemonibus
1037 613 1064 638 et
1085 610 1214 638 incurva—

369 664 446 690 retur
467 661 501 689 ad
522 659 710 696 accipiendum
732 659 820 687 filium
842 665 934 692 suum,
957 658 998 686 vel
1014 657 1088 694 quod
1103 663 1213 693 cogere-

370 712 414 736 tur
436 708 476 736 ire
497 707 529 735 ad
553 706 746 743 prostibulum.
769 705 828 734 Vile
849 712 918 742 opus
945 709 1005 734 erat
1032 703 1214 741 spiritualiter

368 754 511 788 fornicari,
526 754 568 782 vel
583 753 764 790 corporaliter
786 752 937 788 corrumpi.
961 751 1032 780 istud
1056 750 1161 779 bellum
1174 750 1213 778 vi-

368 802 405 830 cit
424 801 503 830 beata
517 801 604 838 Agnes
624 807 678 828 non
700 800 804 836 absque
818 799 978 828 confusione
999 798 1161 826 multorum.
1175 812 1214 817 -—

231 855 299 874 Contra
312 860 354 878 pec·
369 848 427 877 Vile
447 851 489 876 est
510 848 603 885 igitur,
625 847 698 884 quod
721 846 758 875 illi
781 846 829 883 qui
850 848 917 874 sunt
934 845 1063 874 illustrati
1079 847 1106 873 et
1120 844 1215 873 viriles

252 880 333 897 cam&
369 897 396 923 et
416 894 541 923 moribus
562 894 693 923 caelestes
706 900 766 922 esse
779 893 920 927 deberent,
936 892 1087 920 vincuntur
1102 899 1118 920 a
1132 899 1216 920 carne

368 945 395 970 et
426 940 670 978 superstitionibus
700 939 880 974 mentalibus,
913 939 954 968 vel
987 938 1215 967 fornicationibus

369 988 559 1025 corporalibus
580 987 775 1016 subiiciuntur.
800 987 829 1015 Et
851 987 902 1015 ista
923 986 1007 1023 Virgo
1028 985 1066 1014 ita
1093 985 1215 1014 servavit

369 1035 520 1064 castitatem
543 1038 569 1063 et
597 1034 659 1063 fidei
692 1034 885 1071 integritatem.
918 1033 1026 1061 Utinam
1058 1032 1214 1060 adverteret

369 1082 441 1111 istud
462 1085 590 1111 creatura
612 1081 761 1115 rationalis,
782 1081 1012 1117 quotiescumque
1035 1087 1113 1109 mens
1127 1082 1214 1108 tenta-

369 1132 446 1158 retur
461 1129 494 1157 ad
509 1128 716 1157 fornicationem
732 1128 832 1161 carnis,
845 1127 886 1156 vel
901 1127 935 1155 ad
950 1126 1123 1155 curiositates
1138 1133 1213 1154 men-

369 1176 417 1204 tis!
440 1176 547 1204 Utinam
571 1175 651 1203 fidem
674 1174 841 1203 haberemus
862 1181 928 1210 prae
950 1173 1052 1207 oculis,
1080 1181 1163 1209 quam
1186 1172 1212 1200 in

368 1223 503 1260 baptismo
525 1222 698 1259 suscepimus
712 1224 716 1250 !

447 1269 572 1298 Secundo
592 1269 744 1297 attenditur
766 1267 916 1297 similitudo
937 1267 1017 1295 istius
1040 1266 1158 1303 Virginis
1179 1266 1212 1294 ad

241 1323 333 1345 Secundo,
367 1317 527 1354 aquitanum
551 1315 720 1344 Pharaonis
741 1318 875 1352 quantum
891 1314 923 1342 ad
939 1314 1040 1342 robur.
1056 1313 1150 1342 Robur
1165 1320 1212 1349 po-

222 1348 355 1411 }'irt-{ffissrffir'
367 1364 423 1401 puli
446 1363 584 1392 Israelitici
606 1363 670 1396 fuit,
685 1366 716 1391 ut
731 1370 780 1399 per
801 1361 893 1390 onmia
913 1365 1090 1398 superarem
1110 1364 1137 1389 et
1158 1367 1212 1389 non

264 1393 326 1417 ‘mm'
367 1414 582 1447 superarentur3
605 1410 814 1446 flagellaverunt
836 1416 884 1445 per
907 1409 1036 1436 virtute-m
1058 1407 1105 1435 Dei
1128 1408 1212 1444 Aegy—

366 1458 437 1494 ptios
459 1457 485 1485 in
506 1457 583 1493 virga
604 1456 696 1492 Moysi.
726 1456 814 1492 Virya
837 1455 948 1484 virtutis
964 1454 1047 1489 De2'3,
1063 1462 1112 1491 per
1128 1462 1211 1491 quain

366 1504 470 1540 Moyses
491 1503 638 1540 flagellavit
659 1502 817 1539 AegyptiOS,
839 1502 891 1530 fuit
920 1502 946 1530 iu
979 1508 1061 1530 manu
1093 1501 1210 1538 Agnetis.

365 1550 440 1579 Unde
463 1550 564 1578 virtute
584 1549 716 1578 divinitus
737 1549 760 1578 ei
783 1556 911 1578 concessa
933 1548 1057 1577 radiabat
1071 1551 1145 1577 tanta
1160 1548 1210 1576 lux

366 1605 449 1634 super
469 1597 569 1634 ipsam,
591 1605 674 1633 quam
697 1596 791 1625 nullus
806 1596 950 1624 hominum
970 1596 1107 1624 sustinere
1122 1595 1211 1632 potuit

364 1647 499 1681 aspectus.
522 1644 578 1672 Filii
600 1647 693 1673 autem
725 1643 921 1677 tenebrarum,
953 1651 1023 1680 quos
1053 1642 1212 1671 illuminare

364 1699 417 1720 non
441 1691 538 1728 potuit,
561 1691 626 1728 quia
647 1690 811 1719 claudebant
832 1690 950 1719 virtutes
971 1689 1133 1726 aspectivas,
1157 1693 1210 1718 ter-

365 1737 507 1772 rebantur,
529 1741 556 1766 et
577 1738 624 1775 qui
646 1737 718 1774 pleni
740 1737 855 1766 fuerunt
876 1737 988 1765 libidine
1009 1737 1211 1773 restringeban-

364 1788 410 1813 tur
421 1785 441 1812 4.
458 1801 493 1805 —-
509 1785 584 1819 Item,
601 1785 627 1813 in
643 1784 744 1821 populo
766 1784 914 1813 israelitico
934 1784 985 1812 fuit
1000 1784 1090 1812 virtus
1105 1791 1210 1821 percu-

364 1832 454 1860 tiendi
470 1832 693 1869 p7't'moyenilct5
714 1831 842 1868 Aegypti;
864 1834 891 1860 et
912 1831 991 1859 beata
1012 1832 1099 1868 Agnes
1126 1831 1210 1859 inter—

363 1880 427 1908 fecit
448 1879 535 1908 filium
557 1879 771 1916 primogenitum
799 1878 938 1916 praefecti.
965 1877 1095 1915 Nunquid
1125 1878 1209 1915 igitur

365 1935 418 1955 non
440 1926 538 1955 similis
552 1926 604 1955 fuit
618 1927 720 1963 populo
736 1926 884 1955 israelitico
898 1919 1034 1963 quantum
1050 1925 1083 1954 ad
1098 1925 1185 1954 robur
1199 1928 1210 1954 ἱ)

363 1974 432 2003 Haec
454 1976 495 2003 est
516 1974 606 2002 virtus
627 1973 746 2011 Spiritus
767 1973 869 2007 sancti,
898 1981 953 2010 qua
982 1972 1208 2009 supervestitur⁶

363 2021 490 2058 quisque,
513 2021 668 2057 protegitur
689 2024 716 2049 et
730 2020 896 2054 defenditur,
911 2019 1061 2048 dummodo
1076 2027 1130 2048 non
1145 2019 1210 2048 abii-

362 2068 415 2097 ciat
445 2076 518 2097 eum.
553 2067 603 2096 lsto
632 2068 736 2105 Spiritu
767 2067 855 2096 induti
887 2067 1001 2096 fuerunt
1032 2067 1150 2104 Apostoli
1183 2069 1210 2095 et

362 2123 471 2149 omnes,
494 2115 541 2152 qui
564 2118 767 2152 superaverunt
788 2115 973 2148 Pharaonem,
996 2114 1022 2143 id
1048 2117 1089 2143 est
1116 2114 1209 2143 diabo—

365 2162 437 2196 lum;
460 2165 485 2191 et
507 2159 587 2190 beata
608 2162 695 2199 Agnes
716 2167 824 2198 semper
846 2165 952 2190 armata
972 2161 1025 2189 fuit
1046 2161 1097 2190 ista
1119 2169 1208 2189 arma-

363 2212 440 2242 tura;
463 2209 622 2246 Apostolus:
646 2208 811 2237 Inclm'mim'
830 2216 920 2237 arma
935 2208 1017 2236 lucis.
1034 2208 1060 2236 Si
1076 2208 1210 2245 quaeritis

362 2256 395 2285 de
417 2257 466 2285 ista
488 2259 645 2291 armatura,
668 2264 738 2293 quae
760 2256 809 2289 sit;
832 2256 900 2284 haec
921 2258 963 2293 est
983 2258 1142 2284 armatura:
1160 2255 1209 2283 In-

363 2303 450 2331 duere
473 2303 629 2332 Dominum
650 2307 776 2332 nostrum
796 2304 891 2331 Iesum
910 2302 1068 2331 Christum.
1085 2302 1154 2331 Haec
1169 2305 1210 2331 est

364 2350 448 2387 uirga
469 2350 620 2384 virtutis',
644 2351 669 2379 in
692 2358 747 2388 qua
769 2357 934 2387 superamus
955 2350 1071 2378 hostem.

441 2397 532 2426 Tertio
557 2398 637 2426 beata
657 2398 744 2434 Agnes
772 2397 940 2426 assimilatur
965 2396 1109 2435 equitatui
1129 2394 1208 2424 Plia-

226 2448 295 2469 Tertio.
309 2453 350 2471 1110-
365 2444 465 2472 raonis
486 2448 599 2481 propter
621 2445 761 2473 consimile
779 2444 975 2481 praesidium.
992 2443 1106 2480 Quando
1121 2451 1209 2479 popu-

226 2473 272 2513 Ξῑίῗὲ
281 2476 350 2517 ιῖἷῖιῖῗῐῗ
364 2490 407 2519 lus
429 2491 534 2520 Israelis
555 2492 677 2528 fugiebat
697 2500 712 2520 a
733 2491 801 2520 facie
823 2491 981 2524 Pharaonis,
1004 2493 1069 2518 tunc
1091 2490 1209 2527 Angelus

260 2517 318 2536 dium.

364 2536 470 2565 Domini
492 2538 583 2574 posuit
604 2546 633 2567 se
654 2539 681 2566 in
703 2538 792 2567 medio
813 2538 886 2567 inter
907 2538 977 2566 filios
1003 2537 1085 2566 Israel
1113 2539 1141 2565 et
1161 2537 1209 2566 Ae-

364 2584 501 2621 gyptios?
524 2584 597 2614 lstud
619 2585 670 2613 fuit
691 2585 859 2622 praesidium
880 2585 1045 2622 angelicum,
1068 2587 1094 2613 et
1115 2592 1209 2622 quam-

1049 205 1222 234 SER'MONES
1242 205 1286 234 De
1307 204 1448 234 SANCTlS.

1272 290 1356 320 quam
1377 290 1453 311 unus
1472 282 1592 319 Angelus
1609 283 1746 319 apparuit,
1769 286 1858 312 tamen
1881 284 1976 320 plures
1993 284 2115 318 fuerunt,

1272 329 1354 363 sicut,
1366 329 1477 366 qnando
1492 329 1643 357 latrunculi
1657 330 1806 358 voluerunt
1820 330 1976 359 interficere
1988 330 2117 365 Eliseum,

1271 378 1350 404 erant
1372 378 1482 404 memes
1500 375 1578 412 pleni
1598 383 1739 413 equorum
1771 379 1798 405 et
1826 375 1969 405 hominum
1997 381 2117 406 armato*

1271 429 1344 452 rum.
1366 422 1498 451 Simili-ter
1519 422 1570 451 fuit
1591 423 1709 460 Angelus
1729 423 1879 460 deputatus
1903 424 1938 452 ad
1965 424 2116 453 custodiam

1272 468 1357 497 liuius
1379 467 1513 505 Virginis,
1535 469 1645 506 quando
1665 469 1718 498 fuit
1738 473 1801 498 ante
1823 470 1945 499 tribunal
1966 473 1994 499 et
2017 470 2069 499 fuit
2089 470 2118 499 in
2215 473 2230 492 '¹-

1272 515 1435 552 prostibulo.
1458 515 1572 551 Quando
1594 515 1691 544 volunt
1712 515 1744 544 ad
1766 524 1817 545 nos
1829 516 2053 553 appropinquare
2068 518 2117 545 Ae-

1272 562 1366 599 gyptii,
1389 565 1455 591 tunc
1477 562 1595 599 Angelus
1616 563 1692 599 ponit
1711 571 1740 592 se
1761 563 1787 592 in
1811 563 1908 592 medio.
1924 564 2022 592 Nullus
2036 563 2116 598 dicat,

1272 609 1345 646 quod
1369 609 1481 637 tentatio
1502 609 1538 638 sit
1559 609 1692 644 violenta;
1714 610 1849 639 habemus
1868 610 1954 638 bonos
1968 610 2116 644 adiutores,

1272 656 1376 684 scilicet
1395 656 1510 693 Angelos
1531 656 1594 690 Dei;
1618 657 1740 686 Psalmus
1755 657 1781 685 ⁹:
1806 657 1922 694 Amyclis
1942 657 2008 685 suis
2034 664 2118 685 man-

1271 702 1353 731 davit
1374 702 1407 730 dc
1429 706 1463 736 tc,
1485 706 1518 731 ut
1538 703 1704 732 custodia-nt
1725 706 1750 731 te
1770 704 1802 732 in
1822 703 1957 732 omnibus
1977 702 2034 732 viis
2049 703 2116 732 titis.

1272 749 1368 787 Supmf
1387 749 1520 786 aspidem
1539 754 1565 778 ec
1586 750 1756 779 basiliscum
1778 750 1945 779 ainbulctbz's
1965 754 1990 779 et
2004 750 2118 779 concul-

1272 796 1353 825 cabis
1373 796 1479 825 leonem
1501 801 1527 825 ct
1547 797 1715 831 draconem,
1739 797 1765 825 id
1780 800 1830 831 est,
1846 797 1872 826 in
1888 797 2046 832 tentatione,
2061 804 2117 834 qua

1272 847 1373 878 tentat,
1396 847 1428 872 ut
1448 844 1530 881 aspis
1551 847 1578 872 et
1599 847 1630 872 ut
1655 844 1713 879 leo,
1742 844 1921 881 praevalebis.
1953 844 1983 872 Et
2010 847 2117 881 quare?

1272 891 1341 928 Quia
1349 891 1440 928 Angeli
1452 891 1553 920 adsunt
1566 891 1652 920 nobis.
1665 891 1776 928 Legitur
1784 891 1821 920 de
1829 891 1908 920 beato
1919 891 2077 920 Sebastiano
2086 891 2118 925 ¹⁰,

1272 937 1347 975 qnod
1368 937 1419 966 fuit
1440 938 1574 975 quaedam
1598 938 1698 967 mulier
1720 941 1796 967 muta
1825 937 2037 972 accidentaliter,
2064 943 2118 966 non

1272 984 1372 1019 surda,
1394 985 1458 1022 quia
1480 994 1495 1013 a
1516 993 1581 1014 casu
1604 985 1702 1014 habuit
1722 988 1819 1022 guttur
1834 985 1977 1019 clausum;
1993 992 2064 1022 quae
2078 984 2118 1012 vi-

1272 1032 1322 1067 dit,
1345 1032 1418 1069 quod
1440 1032 1558 1069 Angelus
1579 1032 1689 1061 tenebat
1712 1032 1812 1061 librum
1835 1040 1928 1060 coram
1950 1031 2117 1065 Sebastiano,

1272 1083 1299 1108 et
1319 1080 1416 1108 beatus
1437 1079 1613 1108 Sebastianus
1634 1079 1768 1113 recitavit,
1791 1080 1862 1108 sicut
1884 1078 2076 1107 continebatur
2091 1078 2118 1106 in

1272 1126 1350 1155 libro.
1373 1126 1464 1163 Angeli
1487 1129 1551 1155 sunt
1573 1126 1732 1161 nobiscum;
1755 1129 1782 1154 et
1803 1126 1913 1163 legitur,
1935 1125 2008 1162 quod
2033 1125 2119 1162 Ange-

1271 1174 1315 1202 lus
1337 1173 1430 1210 ligavit
1450 1173 1630 1202 Asmodacum
1644 1174 1681 1207 ¹¹3
1703 1181 1791 1210 genus
1812 1175 1853 1201 est
1873 1172 2091 1201 daemoniorum.

1349 1221 1454 1257 Quarto
1476 1220 1554 1249 beata
1575 1220 1663 1257 Agnes
1684 1220 1853 1248 assimilatur
1874 1219 2018 1257 equitatui
2039 1217 2117 1247 Plza-
2130 1227 2243 1255 Quartam-⁴

1271 1268 1374 1296 raonis
1395 1270 1530 1304 quantum
1552 1267 1585 1295 ad
1607 1267 1748 1295 consimile
1770 1270 1930 1304 tropaeum.
1952 1266 2009 1295 Filii
2027 1266 2116 1301 lsrael,
2137 1251 2243 1293 pffii'ie‘iffl

1271 1314 1424 1343 submersis
1444 1314 1609 1342 adversariis
1631 1314 1704 1348 suis,
1726 1314 1902 1342 intraverunt
1922 1309 2025 1342 terrain
2054 1322 2118 1350 pro-
2156 1301 2230 1320 pam*

1270 1361 1406 1389 missionis
1428 1369 1477 1397 per
1500 1368 1574 1389 maro
1596 1361 1714 1389 rubrum
1729 1360 1766 1394 ¹2;
1796 1363 1824 1389 et
1853 1361 1933 1389 beata
1960 1361 2047 1398 Agnes
2068 1368 2117 1398 per

1270 1415 1346 1436 mare
1368 1408 1500 1441 rubrum,
1523 1408 1548 1436 id
1570 1411 1612 1436 est
1633 1416 1682 1444 per
1704 1407 1806 1436 medias
1827 1408 1952 1437 flammas
1967 1411 1993 1436 et
2008 1407 2117 1437 seditio-

1269 1462 1314 1483 sos
1346 1454 1477 1491 populos,
1499 1455 1612 1491 proprio
1644 1454 1776 1491 sanguine
1809 1454 1950 1483 rubricata
1978 1458 2005 1483 et
2032 1454 2117 1492 bapti-

1269 1505 1342 1535 zata,
1359 1501 1471 1530 intravit
1492 1501 1519 1529 in
1534 1504 1638 1530 terram
1654 1501 1814 1530 viventium.
1831 1502 1901 1530 Dicit
1915 1501 2065 1539 Gregorius
2078 1502 2115 1530 ¹³:

1273 1560 1287 1574 εκ
1302 1548 1372 1585 Quid
1394 1549 1466 1577 inter
1487 1548 1555 1576 haec
1576 1556 1626 1577 nos
1647 1548 1753 1577 barbati
1776 1551 1804 1577 et
1824 1556 1903 1577 senes
1923 1548 2049 1583 dicimus,
2068 1549 2115 1586 qui

1269 1595 1395 1632 Virgines
1417 1603 1466 1632 per
1487 1595 1592 1624 ferrum
1616 1595 1656 1624 ire
1677 1595 1710 1624 ad
1725 1595 1832 1624 caelum
1848 1595 1998 1625 videmus»
2011 1598 2022 1624 ‘l
2037 1596 2117 1625 Beata

1269 1643 1356 1680 Agnes
1376 1642 1448 1671 dixit
1468 1642 1501 1671 ad
1523 1646 1674 1679 tyrannum
1688 1643 1726 1670 14;
1754 1653 1766 1667 «
1782 1642 1838 1671 Noli
1862 1649 1907 1671 me
1924 1646 2125 1677 contemnere,·

1269 1693 1300 1718 ut
1321 1693 1416 1727 putes,
1439 1698 1483 1718 me
1504 1693 1531 1719 te
1553 1690 1623 1719 velle
1645 1690 1747 1719 habere
1772 1690 1839 1718 mibi
1868 1689 2063 1727 propitium»,
2084 1694 2116 1719 ut

1268 1737 1420 1766 sacrificem
1443 1737 1522 1766 idolis
1544 1737 1606 1766 tuis.
1637 1737 1712 1766 Unde
1745 1737 1812 1771 boc,
1843 1736 1918 1774 quod
1949 1737 2001 1766 ista
2032 1737 2116 1774 Virgo

1268 1784 1330 1813 talis
1350 1786 1377 1813 et
1400 1787 1489 1813 tantae
1510 1784 1622 1813 virtutis
1643 1787 1670 1813 et
1695 1784 1865 1813 fortitudinis
1892 1783 1960 1819 fuit,
1985 1787 2018 1813 ut
2044 1787 2116 1813 esset

1268 1831 1414 1860 victoriosa
1434 1834 1462 1859 et
1483 1831 1631 1860 effectuosa
1658 1831 1686 1859 in
1710 1831 1853 1860 desideriis
1881 1831 1964 1860 suis?
1985 1831 2041 1860 Vae
2068 1839 2116 1860 no-

1268 1878 1324 1906 bis!
1347 1878 1462 1914 Quando
1484 1878 1573 1915 cogito
1594 1878 1627 1907 de
1652 1878 1705 1907 ista
1725 1878 1853 1915 Virgine,
1876 1881 1975 1915 reputo
2004 1886 2047 1907 me
2075 1878 2116 1907 in-

1267 1925 1373 1954 felicem
1395 1929 1422 1953 et
1444 1925 1545 1954 similes
1567 1925 1644 1953 mihi.
1666 1926 1692 1954 Si
1715 1933 1822 1962 possem
1845 1933 1937 1954 arcam
1963 1933 2052 1955 meam
2075 1933 2117 1955 re-

1267 1972 1343 2009 plere
1365 1972 1501 2009 lapidibus
1523 1973 1665 2009 pretiosis,
1688 1976 1715 2001 et
1736 1973 1872 2009 replerem
1899 1980 1958 2001 eam
1987 1973 2116 2002 stercori—

1267 2019 1329 2053 bus,
1351 2027 1439 2048 essem
1461 2020 1531 2048 bene
1554 2020 1646 2048 miser.
1669 2020 1783 2048 Possum
1799 2020 1943 2057 concipere
1959 2020 2116 2049 affectiones

1267 2069 1383 2101 sanctas,
1406 2074 1514 2098 suaves.
1536 2067 1667 2096 caelestes
1688 2070 1715 2095 et
1735 2067 1884 2104 pretiosas;
1907 2070 1934 2096 et
1948 2067 2036 2096 habeo
2051 2068 2115 2096 affe-

1267 2113 1370 2142 ctiones
1392 2114 1468 2147 viles,
1491 2121 1574 2143 vanas
1595 2117 1622 2142 et
1643 2113 1796 2150 dissipatas,
1819 2114 1844 2142 in
1868 2114 1970 2151 quibus
1991 2114 2060 2143 nibil
2074 2118 2115 2143 est

1266 2160 1299 2189 de
1321 2161 1508 2197 pulcritudine
1530 2169 1579 2189 nec
1601 2161 1634 2189 de
1656 2161 1836 2198 speciositate.
1859 2161 1930 2190 Vere
1950 2160 2024 2198 digni
2051 2164 2115 2190 sunt

1267 2208 1374 2237 inferno
1395 2208 1442 2245 qui
1474 2210 1578 2236 tantam
1611 2208 1728 2245 gratiam
1760 2211 1934 2245 spreverunt.
1968 2209 2115 2237 Sum‘amus

1266 2255 1426 2292 exemplum
1449 2255 1483 2283 de
1505 2255 1613 2291 Agnete.

1346 2303 1373 2330 ll.
1397 2302 1481 2331 Vocat
1506 2310 1565 2331 eam
1594 2302 1722 2330 [ciuicam
1751 2303 1842 2339 Agnus
1864 2303 2002 2339 Agnetem.
2032 2302 2113 2330 Vcize-
2148 2307 2194 2326 Pars
2206 2307 2227 2326 ¹1-

2126 2331 2182 2354 Origo
2194 2331 2229 2349 virt

1266 2354 1337 2378 runt
1358 2349 1479 2386 nuptiae
1495 2351 1515 2377 Α
1521 2349 1583 2386 qaid,
1605 2353 1630 2377 cc
1651 2358 1728 2378 uxor
1742 2349 1805 2378 eius
1822 2349 2020 2386 praeparavit
2039 2358 2068 2378 sc
2080 2349 2111 2377 1⁵.
2124 2355 2229 2401 {igsffl‘ffl

1268 2397 1401 2431 Videatis3
1424 2399 1541 2433 oportet,
1564 2396 1637 2433 quod
1660 2404 1756 2425 omnes
1777 2397 1863 2425 simus
1885 2396 1976 2425 cmtz'cz'
1996 2396 2029 2425 ad
2051 2396 2112 2431 hoc,
2126 2401 2229 2443 13ξὲῐὲιῶ

1267 2444 1341 2481 quod
1362 2444 1498 2472 intremus
1519 2443 1552 2471 ad
1574 2443 1684 2480 nuptias
1702 2443 1779 2472 istas.
1803 2443 1973 2480 Accipiamus
1997 2443 2111 2472 formam
2169 2453 2208 2467 cae-

1266 2490 1401 2519 amicitiae
1422 2490 1457 2518 ab
1478 2490 1587 2527 Agnete.
1610 2489 1726 2518 Grandis
1754 2498 1844 2518 sermo
1873 2494 1914 2519 est
1945 2490 1978 2519 de
2009 2497 2112 2518 amore.

1266 2538 1367 2566 Sumus
1389 2537 1460 2566 sicut
1482 2537 1554 2574 ligna
1572 2537 1678 2571 viridia,
1694 2536 1796 2574 quibus
1816 2545 1870 2565 non
1893 2537 2023 2565 cohaeret
2044 2536 2114 2573 ignis

1265 2584 1298 2613 de
1319 2583 1399 2613 facili.
1423 2584 1473 2620 Qui
1497 2583 1621 2620 loquitur
1635 2583 1668 2612 de
1689 2592 1783 2612 amore
1805 2582 1962 2612 hominibus
1977 2583 2114 2620 dispositis

427 2729 434 2741 ¹
453 2729 526 2752 Locus
544 2732 680 2758 corruptus,
697 2731 777 2753 saltem
794 2730 914 2754 obscurus.

426 2768 434 2780 ²
451 2769 580 2797 Respicitur
597 2770 667 2792 Exod.
686 2770 705 2796 l,
724 2770 760 2792 14,

426 2806 434 2819 ³
452 2808 580 2835 Respicitur
597 2808 668 2831 Exod,
686 2809 706 2836 4,
726 2809 763 2831 17,
779 2814 843 2838 seqq.
861 2812 883 2831 et
899 2816 919 2832 c.
938 2809 961 2837 7,
979 2809 1016 2832 17,
1033 2816 1098 2839 seqq.

426 2846 434 2858 ⁴
452 2847 499 2869 Hoc
517 2850 536 2869 et
555 2853 603 2876 seq.
618 2849 702 2870 sactum
720 2850 754 2871 est
771 2849 833 2876 apud
851 2849 944 2871 Surium
958 2849 987 2871 de
999 2849 1042 2872 lioc
1058 2850 1114 2871 sesto
1126 2849 1139 2878 ἓ,
1152 2849 1173 2871 8.
1187 2849 1207 2871 9.

426 2884 434 2897 ⁵
451 2886 580 2913 Respicitur
598 2887 667 2909 exod.
690 2888 725 2915 li,
744 2888 765 2910 5.
783 2890 804 2910 et
821 2894 840 2910 c.
860 2889 900 2916 ia,
918 2889 955 2910 ⁴29.
1202 2883 1203 2886 ’

426 2923 435 2935 s’
452 2925 580 2952 Respicitur
596 2926 651 2947 Luc.
670 2926 706 2954 et,
725 2926 761 2948 49.
779 2938 809 2942 —
827 2927 934 2955 Sequitur
951 2927 1018 2949 Rom.
1040 2928 1073 2954 13,
1095 2928 1129 2949 12.
1150 2927 1182 2949 11.

426 2962 434 2975 ⁷
452 2964 580 2991 Respicitur
598 2965 631 2986 ΡΞ.
655 2965 702 2993 109,
720 2966 741 2987 2.

427 3000 435 3013 Β
453 3003 580 3030 Respicitur
598 3004 667 3026 Exod.
689 3004 722 3031 14,
741 3005 776 3026 19.
794 3011 842 3033 seq.
860 3009 881 3027 et
898 3005 951 3027 dein
969 3006 1006 3027 IV.
1024 3007 1079 3034 Reg.
1099 3006 1119 3034 67
1142 3006 1175 3027 17.

1328 2729 1337 2742 ⁰
1355 2731 1437 2752 Psalm.
1456 2731 1497 2757 90,
1515 2730 1551 2752 11.
1574 2730 1608 2752 13.

1328 2768 1348 2782 ¹⁰
1365 2770 1453 2797 Surius,
1471 2770 1493 2791 in
1512 2770 1568 2791 sesto
1586 2769 1610 2791 B.
1628 2768 1755 2791 Sebastiam
1774 2769 1812 2797 (20
1831 2768 1884 2797 lan.)
1903 2768 1916 2796 S
1934 2769 1970 2791 115.
2236 2759 2238 2798 Ι

1329 2808 1346 2821 ¹¹
1364 2809 1495 2837 Respicitur
1511 2808 1570 2831 Tob.
1589 2809 1613 2837 S,
1632 2809 1654 2831 3.

1328 2848 1347 2861 ¹²
1365 2849 1494 2876 Respicitur
1512 2848 1581 2870 Exod.
1605 2847 1637 2874 14,
1655 2848 1692 2869 22.
1711 2854 1775 2876 seqq.

1327 2887 1347 2900 ¹⁸
1364 2887 1426 2910 Libr.
1445 2888 1458 2909 1.
1476 2887 1558 2909 Hamil.
1577 2887 1597 2909 111
1616 2887 1702 2915 Evang.
1720 2887 1798 2909 homil.
1822 2887 1854 2908 11.
1872 2893 1893 2908 n.
1912 2887 1933 2908 3.
2234 2888 2236 2925 1

1328 2926 1347 2939 ¹¹¹
1365 2927 1452 2953 Surius,
1470 2926 1491 2948 in
1510 2928 1566 2948 sesto
1585 2927 1605 2948 S.
1624 2926 1718 2953 Agnetis
1737 2925 1770 2952 (21
1793 2926 1847 2954 lau.)
1865 2925 1878 2953 ’5
1895 2925 1916 2947 6.
2233 2946 2235 2952 Ὺ

1328 2966 1347 2978 ¹⁶
1365 2967 1437 2994 Apoc.
1458 2966 1491 2993 19,
1506 2965 1530 2987 7.
2229 2975 2235 3021 ᾗ
