2243 3348
27 1101 115 1120 rothoma.

744 175 785 203 DE
808 174 940 203 SANCTlS
961 173 1105 202 ANGELIS.
1129 173 1238 202 SERMO
1261 174 1276 201 Ι.

136 254 169 283 ad
191 257 299 290 tempus
313 256 501 290 permaneant,
516 253 549 281 ad
565 253 680 289 patriam
703 256 792 281 tamen
810 252 981 281 transferun-

137 306 192 331 tur.
217 301 365 329 Desertum
387 300 511 336 designat
530 300 645 328 mortale
660 302 812 336 peccatum,
828 298 900 336 quod
917 306 982 327 vere

136 350 177 377 est
197 346 337 375 desertum
360 346 395 374 ab
415 346 488 374 omni
511 346 608 382 gratia,
631 345 656 373 in
679 353 735 382 quo
759 345 806 382 qui
823 345 981 373 moriuntur

136 401 277 430 nunquam
300 393 332 421 ad
359 392 509 429 promissae
542 392 718 421 beatitudinis
749 391 848 428 gaudia
880 391 981 428 perdu-

136 444 246 469 cuntur.
270 440 354 468 Beati
373 447 439 476 ergo
454 439 574 473 mortui,
590 439 669 476 primi
696 439 799 467 scilicet
817 442 844 467 et
859 438 981 472 secundi,

1830 174 1884 202 609

1037 251 1089 289 qui
1118 252 1148 280 in
1173 252 1294 279 Domino
1322 251 1501 280 moriuntur.
1525 252 1593 280 llaec
1621 251 1654 280 de
1677 252 1814 280 humanae
1839 259 1886 279 na-

1038 301 1117 327 turae
1138 298 1246 327 defectu
1266 298 1418 327 incutiente
1441 298 1565 327 timorem
1587 298 1727 326 dicuntur.

1117 345 1167 373 Sed
1189 345 1223 374 de
1244 345 1334 382 gaudii
1358 345 1461 373 aeterni
1484 345 1608 381 appetitu
1629 345 1721 373 dicere
1743 353 1795 373 non
1812 352 1885 373 com-

1039 392 1115 428 petit,
1137 392 1201 428 quia
1224 392 1304 420 bodie
1325 400 1411 419 versa
1433 395 1473 419 est
1494 392 1524 420 in
1540 391 1650 420 luctum
1672 390 1789 420 cithara
1810 400 1885 424 mea,

1038 443 1063 467 et
1084 447 1231 476 oryanam
1255 447 1349 467 meum
1372 439 1403 467 in
1426 447 1520 467 uocem
1540 438 1671 475 flentium
1688 440 1706 466 ¹.

828 565 870 592 DE
893 564 1025 593 SANCTIS
1047 564 1189 593 ANGELIS.

479 678 570 705 Sanno
593 677 601 704 l
613 676 632 704 2.

197 764 233 796 (in
252 764 315 789 festo
335 764 359 788 S.
379 763 507 788 Michaelis
526 762 687 793 Archangeli,
706 761 739 786 29
759 761 932 792 Septembris).

220 864 296 893 Vidit
318 863 402 892 Iacob
425 864 455 891 in
476 862 587 891 somnis
614 862 725 890 scala-m
748 865 871 889 stantem
892 869 981 897 super

133 916 243 941 terram
259 915 283 939 et
305 919 444 939 cacumen
464 910 544 938 itlius
566 913 687 946 tanyens
709 908 839 941 caelum,
858 907 981 944 Angyelos

133 967 244 998 quoque
267 958 319 986 Dei
348 957 530 986 ascendentes
558 959 581 984 et
613 956 810 984 descendentes
835 963 888 991 per
916 962 981 982 eam

133 1008 157 1033 et
178 1004 337 1032 Dominum
359 1003 497 1031 innixum
517 1001 614 1030 scalae
626 1002 645 1029 ³.

211 1050 389 1087 (Protbema).
413 1048 534 1087 Difficile
555 1048 747 1077 aestimamus
765 1047 884 1085 quaein
900 1050 981 1075 terra

132 1102 218 1132 sunt,
240 1101 264 1126 et
286 1105 360 1135 quae
388 1097 419 1125 in
441 1099 597 1132 prospectu
625 1099 694 1123 sunt
722 1094 886 1123 invenimus
914 1102 980 1122 cum

134 1145 248 1177 labore;
270 1152 344 1182 qua-e
365 1147 462 1172 autem
485 1143 515 1171 in
536 1142 624 1171 caelis
644 1146 714 1170 sunt
734 1142 800 1179 quis
825 1141 981 1178 investiga-

133 1191 196 1220 bit?
219 1191 339 1219 Sensum
364 1194 446 1218 tuttm
469 1190 535 1227 quis
555 1189 642 1222 sciet,
667 1189 728 1216 nisi
748 1192 779 1216 tu
801 1187 915 1216 dederis
936 1196 981 1216 sa-

131 1237 271 1275 pientiam
292 1241 318 1265 et
338 1236 454 1265 miseris
476 1236 621 1273 Spiritum
635 1239 772 1263 sanctum
788 1239 870 1263 tuum
886 1235 919 1263 (le
938 1234 980 1262 al-

133 1278 276 1313 tissimis?

211 1330 301 1359 Verba
322 1330 419 1358 ultimo
441 1328 581 1366 proposita
596 1332 660 1357 sunt
676 1329 703 1357 in
726 1328 797 1357 libro
816 1328 979 1365 Sapientiae.

132 1378 228 1415 Magna
248 1377 381 1414 sapientia
403 1378 467 1412 (est)
489 1376 559 1404 scire
581 1375 716 1404 defectum
740 1383 838 1409 suum3
857 1375 980 1404 defectus

132 1428 225 1453 noster
257 1431 373 1460 magnus
404 1426 446 1451 est
477 1423 549 1451 circa
582 1422 767 1459 imaginabilia
798 1425 825 1451 et
846 1422 979 1456 visibilia,

132 1479 299 1508 quamquam
315 1470 408 1499 sensui
424 1470 600 1503 sublaceant3
624 1478 686 1498 cum
710 1469 872 1498 difficultate
889 1473 979 1498 lamen

131 1517 312 1546 inveniuntur
327 1524 399 1554 quae
420 1524 533 1545 sursum
552 1519 625 1550 sunt,
638 1519 665 1544 et
686 1524 752 1545 cum
769 1516 866 1544 labore
880 1524 979 1553 cogno-

132 1565 244 1594 scimus.
266 1564 423 1597 Putatisne,
444 1563 517 1600 quod
540 1563 607 1591 istae
629 1563 767 1597 scientiae,
789 1571 861 1600 quae
886 1563 977 1592 sensui

131 1611 274 1640 subiacent
300 1614 327 1639 et
356 1611 453 1638 rationi
484 1610 557 1647 quod
590 1610 644 1638 sint
665 1610 786 1638 difficilia
812 1610 846 1638 ad
867 1610 979 1638 investi-

131 1658 273 1695 gandum?
295 1658 345 1686 Sed
368 1665 438 1694 quae
467 1658 498 1685 in
527 1657 631 1690 caelisn
654 1662 685 1685 ut
707 1657 861 1694 spiritualia
890 1661 916 1686 et
938 1658 980 1685 in-

132 1704 298 1733 tellectualia
326 1708 352 1733 et
380 1704 491 1733 ordines
514 1704 694 1738 hierarchici,
716 1704 812 1737 homo,
841 1703 979 1740 quomodo

131 1758 286 1788 cognosces,
308 1751 354 1779 ubi
370 1751 381 1767 4
403 1758 500 1779 sensus
522 1758 574 1779 non
597 1750 715 1787 attingit,
731 1753 758 1779 et
780 1750 849 1778 ratio
865 1751 977 1779 investi-

122 1803 196 1835 'gare
217 1806 270 1826 non
293 1801 406 1834 potest?
428 1798 453 1826 Si
477 1798 604 1826 volumus
625 1797 809 1825 conscendere
831 1797 863 1825 ad
887 1797 978 1826 lucem

130 1848 269 1874 aeternam
292 1849 319 1874 et
339 1844 575 1878 inaccessibilem,
597 1844 663 1882 quis
684 1844 773 1873 sciet?
797 1845 910 1881 Propter
927 1845 978 1873 boc

130 1892 268 1921 exclamat
282 1892 439 1929 Apostolus,
454 1892 548 1920 dicens
562 1891 588 1919 ⁵:
614 1892 636 1919 Ο
658 1891 782 1920 altitudo
802 1892 978 1920 divitiarum

129 1939 290 1976 sapientiae
311 1942 335 1967 et
356 1939 492 1967 scientiae
510 1938 560 1966 Dei
567 1938 576 1966 J
592 1942 659 1972 etc.;
679 1938 821 1975 sequitur:
839 1938 911 1974 Quis
932 1947 978 1967 co—

129 1986 228 2023 ynovit
248 1994 367 2014 sensum
391 1985 517 2018 Domini,
541 1989 595 2013 aut
615 1985 680 2023 quis
702 1985 893 2013 consiliarius
914 1986 977 2014 eins

129 2031 209 2069 fuit?
230 2032 354 2069 Qualiter
377 2032 501 2069 loquitur
524 2032 606 2060 homo
627 2032 661 2061 de
683 2032 736 2061 illis
758 2040 829 2069 quae
851 2033 878 2061 in
894 2033 977 2062 caelis

130 2082 216 2108 sunt?
237 2079 367 2116 Oportet,
389 2079 462 2116 quod
485 2080 616 2116 loquatur
637 2079 670 2108 de
692 2079 745 2108 illis
766 2088 815 2117 per
844 2080 976 2117 Spiritum

130 2130 271 2160 sanctum;
293 2127 367 2155 unde
388 2127 547 2163 Apostolus:
572 2126 660 2155 Nobis
681 2126 819 2155 revelavit
836 2127 911 2155 Deus
924 2136 977 2164 per

131 2173 275 2211 Spiritum
296 2182 394 2201 snum.
418 2174 532 2210 Propter
564 2174 616 2202 hoc
637 2173 718 2202 dicit:
740 2182 815 2211 quae
836 2174 867 2202 in
889 2174 977 2202 caelis

129 2224 197 2248 sunt
218 2220 283 2258 quis
305 2220 506 2257 inoestiyabst,
528 2220 588 2248 nisi
613 2223 643 2248 tit
665 2220 779 2249 dederis
800 2221 975 2257 sapientiam

130 2271 154 2295 et
175 2267 291 2295 miseris
312 2267 458 2304 Spiritum
479 2271 614 2296 sanetum
637 2271 720 2295 tuum
742 2268 775 2296 de
800 2267 976 2296 altissimis?

131 2314 266 2343 Habemus
292 2315 365 2351 loqui
392 2314 425 2343 de
454 2315 618 2343 hierarchiis
646 2315 790 2351 angelicis,
813 2323 884 2351 quae
912 2319 976 2344 sunt

130 2361 156 2389 in
179 2362 254 2390 caelo
275 2369 360 2398 supra
375 2369 486 2390 sensum
502 2365 528 2390 et
550 2361 700 2395 rationem;
717 2361 777 2390 ideo
792 2362 818 2389 in
841 2362 976 2398 principio

130 2416 260 2445 rogemus
274 2408 420 2437 Dominum
433 2432 439 2443 ,
454 2409 528 2446 quod
543 2409 588 2437 det
603 2409 668 2437 mihi
682 2409 814 2446 Spiritum
830 2417 912 2437 suum
924 2412 974 2438 etc.

1124 676 1199 704 Vidit
1223 676 1306 704 Iacob
1328 677 1357 704 in
1379 677 1490 704 somnis
1510 676 1622 705 scalam
1644 680 1695 705 etc.

1118 722 1239 751 Verbum
1263 723 1334 751 istud
1364 723 1497 759 scriptum
1526 726 1567 752 est
1588 724 1613 751 in
1636 723 1749 757 Genesi,
1776 724 1801 752 iu
1831 732 1886 760 quo

1039 769 1196 805 explicatur
1218 769 1296 798 nobis
1311 770 1379 797 visio
1402 770 1575 798 Patriarcbae
1595 770 1681 804 iacob,
1704 771 1750 807 qui
1773 775 1886 808 propter

1039 815 1296 851 contemplationem
1312 816 1471 844 caelestium
1487 819 1600 845 vocatus
1615 820 1656 845 est
1673 817 1780 851 lsrael,
1799 817 1825 845 id
1846 821 1887 846 est

1039 861 1133 889 videns
1156 861 1311 889 Dominum.
1335 862 1361 889 ln
1384 862 1435 890 ista
1456 862 1560 891 visione
1578 866 1706 891 ostensus
1720 867 1761 891 est
1781 864 1887 892 hierar-

1038 908 1131 936 chicae
1152 908 1338 944 dispositionis
1358 913 1474 937 ornatus
1495 913 1522 937 et
1542 914 1677 946 quantum
1700 910 1733 938 ad
1755 911 1815 939 eius
1840 920 1887 939 or-
1904 912 1982 931 ”ivim-

1038 954 1199 983 dinationis
1220 955 1448 991 pulcritudinem
1471 960 1498 984 et
1519 959 1654 993 quantum
1677 957 1710 985 ad
1732 957 1792 985 eius
1823 966 1885 994 ope-

1037 1002 1164 1030 rationis
1182 1001 1388 1039 perfectionem
1410 1006 1436 1031 et
1458 1007 1594 1039 quantum
1619 1004 1652 1031 ad
1673 1004 1733 1032 eius
1754 1005 1886 1041 origina—

1038 1049 1125 1078 tionis
1137 1049 1376 1086 praeclaritatem
1386 1073 1394 1083 ,
1417 1050 1482 1086 quia
1497 1050 1686 1079 hierarchicae
1700 1051 1885 1087 dispositionis

1037 1099 1152 1124 ornatus
1175 1096 1257 1124 habet
1279 1096 1304 1124 in
1327 1104 1356 1124 se
1371 1096 1586 1125 ordinationem
1609 1098 1801 1134 perpulcram,
1823 1107 1885 1135 ope—

1037 1144 1180 1172 rationem
1199 1143 1347 1180 perfectam
1364 1147 1390 1172 et
1405 1144 1629 1181 oriqinationem
1653 1145 1832 1181 praeclaram.
1855 1146 1886 1174 Et

1037 1191 1097 1219 ideo
1119 1191 1238 1227 Spiritus
1259 1194 1387 1225 sanctus,
1402 1191 1449 1228 qui
1471 1191 1590 1219 ostendit
1612 1192 1786 1221 Patriarchae
1809 1193 1886 1221 {acob

1038 1237 1169 1265 visionem
1195 1240 1312 1266 ornatus
1342 1237 1529 1266 hierarchicae
1551 1238 1749 1274 dispositionis,
1772 1242 1885 1276 propter

1038 1284 1221 1312 universalem
1250 1284 1395 1312 Ecclesiam
1418 1284 1597 1313 erudiendam
1618 1285 1739 1321 explicat
1756 1289 1884 1314 ornatum

1037 1333 1173 1367 quantum
1195 1331 1228 1359 ad
1257 1331 1317 1359 eius
1345 1331 1557 1359 ordinationem
1584 1332 1792 1368 perpulcram,
1822 1340 1884 1361 cum

1036 1378 1117 1406 dicit:
1139 1378 1213 1406 Vidit
1236 1377 1320 1406 Iacob
1343 1378 1372 1406 in
1394 1378 1505 1406 somnis
1525 1378 1636 1407 scalam
1658 1382 1780 1407 stantem
1797 1388 1885 1416 super

1038 1429 1148 1453 terram
1183 1428 1208 1452 et
1235 1433 1375 1453 cacumen
1407 1424 1487 1453 illias
1512 1425 1657 1462 attingyens
1685 1425 1816 1459 caelztm,·
1844 1434 1884 1454 se—

1037 1471 1143 1505 cundo,
1166 1471 1360 1508 operationem
1393 1472 1453 1500 eius
1471 1471 1633 1509 perfectam
1655 1472 1792 1509 explicat,
1821 1480 1883 1501 cum

1036 1518 1116 1547 dicit:
1141 1518 1264 1555 Anpelos
1291 1526 1403 1556 quoque
1431 1518 1482 1546 Dei
1509 1519 1692 1547 ascendentes
1720 1523 1745 1547 et
1773 1520 1884 1548 descen-

1036 1565 1132 1593 dentes
1151 1574 1204 1602 per
1225 1573 1307 1597 eam,·
1330 1565 1411 1593 tertio
1432 1565 1553 1602 explicat
1578 1565 1802 1602 origyinationem
1825 1566 1884 1595 eius

1032 1612 1241 1648 praeclaram,
1274 1620 1336 1640 cum
1369 1612 1477 1641 subdit:
1510 1615 1534 1640 et
1558 1613 1712 1641 Dominum
1746 1613 1882 1641 innixum

1035 1659 1140 1687 scalae.
1164 1659 1221 1687 Non
1243 1659 1371 1687 innititur
1393 1659 1466 1688 Deus
1488 1659 1576 1687 scalae
1598 1662 1727 1696 tanquam
1747 1662 1883 1688 sustenta-

1036 1709 1082 1734 tus
1102 1714 1117 1733 a
1139 1706 1227 1739 scala,
1249 1706 1295 1734 sed
1320 1710 1449 1743 tanquam
1466 1709 1624 1735 sustentans
1642 1707 1758 1740 scalam3
1773 1715 1827 1735 non
1844 1711 1885 1735 est

1036 1753 1150 1781 innixus
1172 1760 1221 1789 per
1242 1752 1465 1789 dependentiam,
1488 1753 1535 1781 sed
1561 1761 1609 1790 per
1631 1754 1828 1782 causalitatem.
1858 1754 1882 1782 Si

1035 1799 1087 1827 ista
1110 1799 1162 1827 tria
1183 1799 1391 1828 consideremus
1413 1800 1438 1827 in
1462 1800 1606 1836 spiritibus
1628 1800 1816 1834 hierarchicis,
1846 1800 1883 1827 vi-

1034 1846 1132 1875 demus
1154 1847 1180 1874 in
1203 1847 1268 1883 ipsis
1290 1846 1436 1880 ordinem,
1463 1847 1659 1883 operationem
1683 1850 1710 1875 et
1737 1847 1883 1875 virtatem.

1035 1893 1238 1922 Considerando
1253 1893 1356 1922 scilicet
1377 1893 1495 1922 habitus
1510 1897 1537 1922 et
1551 1892 1735 1922 charismata
1754 1897 1781 1922 et
1795 1894 1884 1927 (tona,

1035 1940 1073 1968 sic
1094 1940 1251 1976 explicatur
1267 1940 1346 1968 nobis
1367 1948 1463 1968 eorum
1479 1940 1647 1974 ordinatio,-
1662 1941 1683 1969 si
1699 1944 1834 1977 quantum
1851 1940 1883 1969 ad

1035 1987 1232 2023 operationem
1253 1995 1350 2015 eorum
1373 1990 1400 2016 et
1424 1991 1541 2021 aetum,
1563 1988 1601 2016 sic
1627 1988 1784 2024 explicatur
1806 1987 1884 2015 nobis

1034 2042 1131 2063 eorum
1154 2035 1285 2070 operatio
1307 2034 1443 2071 perfecta;
1472 2035 1492 2063 si
1516 2038 1651 2072 quantum
1674 2035 1707 2063 ad
1729 2035 1883 2068 virtutem,

1035 2085 1100 2110 tunc
1123 2081 1264 2118 loquimur
1285 2081 1318 2110 de
1339 2081 1405 2118 ipsis
1420 2084 1555 2118 quantum
1577 2082 1610 2110 ad
1633 2090 1730 2110 eorum
1752 2081 1883 2118 origina-

1034 2129 1137 2157 tionem
1161 2128 1318 2165 perfectam.

1104 2174 1130 2202 J.
1153 2174 1253 2208 Primo,
1268 2174 1337 2208 dico,
1353 2175 1427 2203 Deus
1448 2175 1569 2211 explicat
1584 2175 1662 2203 nobis
1677 2183 1726 2212 per
1748 2175 1880 2211 Spiritum
1904 2179 1976 2206 ¹?w1-
1990 2180 2017 2199 De

1033 2224 1159 2250 sanctum
1183 2222 1355 2250 hierarchiae
1376 2222 1514 2258 angelicae
1535 2222 1740 2259 dispositionem
1764 2223 1820 2251 sive
1835 2231 1882 2250 or·
1896 2203 2026 2250 ἓιίξὲἶέῗῖἷέὒιῗῑῖ

1033 2268 1211 2297 (linationem
1240 2268 1447 2305 perpulcram,
1481 2277 1543 2297 cum
1576 2269 1657 2298 dicit:
1691 2270 1765 2298 Vidit
1797 2269 1882 2298 Jacob
1899 2251 2019 2297 οὖὲτιιῗῖῗὲῗὲῗ

1032 2315 1143 2344 scalam
1166 2319 1289 2343 stantem
1303 2324 1393 2353 super
1414 2320 1525 2344 terram
1541 2319 1591 2345 etc.
1608 2316 1719 2345 Certum
1743 2321 1793 2351 est,
1808 2317 1880 2354 quod

1033 2362 1101 2391 illud
1122 2365 1163 2391 est
1178 2362 1345 2399 impossibile
1360 2363 1512 2391 secundum
1535 2368 1663 2392 naturam
1686 2364 1781 2397 istam;
1798 2364 1882 2401 igitur

1033 2409 1207 2446 imaginatio,
1231 2409 1281 2438 nisi
1305 2409 1443 2438 referatur
1465 2410 1497 2438 ad
1520 2411 1681 2446 mysterium
1707 2411 1768 2445 Dei,
1798 2411 1881 2439 stulta

192 2542 199 2554 ¹
219 2542 258 2564 lob
272 2543 310 2569 30,
321 2543 358 2565 31.
370 2555 400 2559 -
415 2543 475 2565 ldem
494 2543 565 2565 codex
580 2543 649 2565 habet
660 2544 736 2566 adhuc
753 2550 854 2572 sequens
871 2545 975 2566 schema:

197 2590 206 2601 α
218 2582 338 2610 Sequitur:
357 2582 429 2604 Homo
448 2583 519 2604 natus
536 2582 563 2604 de
580 2582 680 2605 muliere
697 2581 762 2605 brevi
774 2583 852 2606 oz'vens
864 2585 975 2613 tempore,

130 2620 234 2649 repletur
251 2620 332 2643 multis
350 2620 452 2643 miserus
471 2621 519 2647 (lob
541 2621 574 2648 Μ,
596 2623 630 2649 1.).
649 2635 678 2637 -
698 2623 720 2644 tn
738 2622 772 2644 his
790 2622 867 2644 verbis
885 2623 925 2645 tria
939 2630 977 2645 no-

130 2662 217 2682 tantur:
236 2660 355 2681 Humanae
371 2660 432 2682 vitae
457 2659 587 2689 inpressas,
612 2666 764 2690 promes-sus,
782 2668 907 2690 eyt't’ssns,·
933 2663 976 2690 pri-

130 2704 208 2720 mum:
228 2698 300 2721 Homo
317 2701 374 2725 etc3
392 2699 532 2721 secundum:
545 2699 651 2728 repletur
663 2702 718 2727 etc.;
737 2700 839 2722 tertium:
857 2699 923 2723 brevi
932 2704 976 2723 etc.

131 2737 233 2759 Tertium
259 2737 409 2764 praeponitur
426 2738 509 2765 primo,
534 2739 589 2767 quia
607 2739 682 2766 ipsum
701 2739 810 2766 progredi
828 2742 862 2761 est
882 2746 906 2761 re
921 2746 974 2762 vera

130 2776 222 2804 egredi;
241 2776 301 2798 uude
319 2777 404 2798 Seneca
416 2777 494 2803 (Epist.
507 2777 566 2805 240:
587 2786 597 2796 ιι
610 2778 716 2805 Quotidie
734 2778 856 2806 morimur;
876 2781 897 2800 et
915 2780 974 2801 hunc

131 2814 207 2842 ipsum
225 2820 294 2842 quem
312 2814 404 2842 agimus
421 2814 481 2836 diem
508 2821 560 2837 cum
581 2819 653 2837 morte
674 2816 801 2838 dividimus
813 2825 835 2838 n.
852 2817 875 2838 ln
899 2817 974 2844 primo

130 2857 164 2875 est
180 2854 283 2875 naturae
299 2852 405 2876 debilitas
426 2853 462 2875 rel
481 2853 611 2881 infirmitas;
628 2854 650 2875 in
668 2855 783 2881 secundo,
803 2854 863 2877 vitae
881 2855 976 2878 calami-

131 2894 181 2920 tas,·
198 2892 220 2914 in
239 2892 312 2918 tertio,
329 2891 413 2914 mortis
430 2891 548 2915 velocitas.
560 2905 588 2907 —
604 2891 713 2915 Debilitas
724 2893 760 2915 vel
779 2893 905 2920 iufirmitas,
921 2894 974 2922 quia

131 2932 179 2953 sine
195 2930 297 2960 potentia
316 2936 341 2952 se
357 2931 460 2958 regendi,
478 2931 527 2953 sine
543 2930 640 2953 scientia
662 2932 815 2960 discernendi,
835 2933 884 2955 sine
907 2932 975 2955 intlu-

129 2970 188 2993 strla
208 2970 327 2997 operandi.
344 2982 374 2986 —
393 2969 522 2992 Catamitus
540 2970 631 2998 triplex:
648 2970 780 2999 repellenda
800 2977 840 2998 per
853 2971 974 3000 iustitiam;

224 3017 249 3040 S.
269 3017 358 3039 Bonae.
376 3029 406 3033 —
423 3017 491 3039 Tom.
508 3017 546 3039 lX.

1033 2544 1157 2567 toleranda
1176 2551 1216 2572 per
1238 2545 1383 2572 patieutiam3
1406 2544 1553 2567 sublevanda
1580 2551 1620 2572 per
1637 2545 1828 2567 misericordiam.
1851 2557 1881 2561 —

1038 2583 1163 2611 Velocltas,
1186 2585 1239 2612 quia
1264 2584 1309 2606 vita
1335 2587 1483 2611 comparatur
1505 2584 1562 2613 [lori
1586 2584 1735 2606 marcescenti
1757 2584 1815 2611 (lsai.
1840 2585 1881 2611 40,

1033 2623 1077 2651 6.);
1094 2622 1180 2652 vapori
1196 2623 1322 2650 disparenti
1342 2623 1394 2650 (tac.
1420 2623 1445 2650 ,4,
1474 2624 1529 2651 15.);
1547 2622 1648 2646 uinci-ne
1669 2624 1793 2645 transeunti
1818 2623 1881 2651 (Sap.

1033 2662 1058 2690 ὃ,
1076 2663 1107 2691 9.)
1121 2671 1143 2684 u.

1095 2701 1179 2723 Eadem
1198 2701 1293 2727 divisio,
1310 2701 1358 2723 scil.
1378 2702 1494 2723 humanae
1507 2701 1566 2723 vitae
1584 2701 1718 2730 impressus,
1735 2707 1880 2730 proqrcssus

1032 2743 1053 2762 et
1065 2746 1187 2769 cqressus,
1206 2740 1322 2762 invenitur
1335 2740 1355 2761 in
1374 2740 1480 2767 pluribus
1492 2740 1540 2762 aliis
1558 2747 1599 2767 pro
1617 2741 1659 2762 hac
1672 2740 1710 2762 die
1726 2739 1880 2762 sermonibus.

1095 2778 1103 2791 ²
1122 2780 1151 2800 Ex
1169 2779 1220 2801 cod⁴
1240 2779 1347 2801 Trcceusi
1366 2785 1387 2800 n.
1405 2779 1459 2800 951.
1481 2785 1541 2801 saec.
1562 2779 1615 2800 Xlll.
1640 2780 1676 2801 sol.
1696 2779 1723 2800 ts
1742 2785 1759 2800 r.
1778 2785 1831 2800 cum
1850 2779 1880 2801 in-

1031 2818 1155 2845 scriptione
1172 2823 1250 2839 scrmo
1266 2817 1298 2846 fr.
1318 2818 1504 2840 Honaventurae.
1523 2818 1588 2839 Multa
1608 2820 1629 2839 rt
1651 2817 1729 2844 gravia
1749 2817 1802 2839 vitia
1820 2817 1880 2840 codi-

1032 2856 1064 2878 cis
1081 2863 1124 2884 pro
1142 2856 1231 2878 viribus
1247 2856 1371 2878 emendare
1388 2856 1528 2878 studuimus.

1095 2893 1103 2906 ³
1121 2895 1177 2916 Gen.
1194 2895 1232 2921 28,
1255 2895 1286 2916 ¹2.
1304 2900 1353 2922 seq.
1371 2907 1400 2911 —-
1419 2895 1538 2917 Prothoum
1558 2895 1655 2917 habetur
1669 2895 1722 2922 Sap.
1741 2895 1762 2923 9,
1782 2896 1818 2917 lG.
1831 2902 1880 2924 seq.

1094 2932 1103 2945 ‘¹
1120 2933 1197 2955 Codex
1214 2933 1268 2960 legit
1284 2933 1339 2955 nisi.
1357 2946 1385 2949 ——
1405 2934 1490 2956 Deinde
1508 2934 1629 2961 respicitur
1646 2935 1660 2956 l.
1677 2934 1737 2956 Tim.
1755 2934 1776 2962 6,
1798 2935 1830 2956 16.

1095 2970 1103 2983 ⁵
1122 2972 1186 2993 Rom.
1209 2972 1243 2997 tl,
1262 2972 1298 2993 33.
1316 2978 1376 3000 serp,
1394 2972 1498 3000 sequitur
1517 2973 1531 2994 l.
1549 2972 1600 2994 (lor.
1619 2973 1640 2999 2,
1662 2973 1695 2995 10.

1754 3020 1782 3041 77
