2243 3348
242 1422 288 1441 Pars
301 1422 324 1440 ll.

209 1468 323 1488 subdivisio.

224 2123 308 2142 Christus

198 2147 283 2173 Pontifex
296 2147 331 2165 cle-

198 2171 330 2189 mantissimas.

342 171 378 200 58

339 250 437 279 caloris
452 249 478 277 in
494 248 629 282 sensibus,
641 247 823 276 mediantibus
838 245 981 283 spiritibus
995 244 1086 273 inssuit
1101 244 1183 272 vitam

340 297 367 325 in
389 299 481 325 cetera
502 295 626 324 membra
647 294 787 327 animalis3
810 293 848 321 sic
875 292 1002 320 Christus
1031 290 1184 319 crucifixus

340 344 367 372 in
389 343 478 372 medio
501 343 647 375 latronum,
669 341 716 377 qui
738 344 779 369 est
801 340 913 377 liynmn
934 340 1010 367 vitae
1031 337 1184 375 plantatum

340 398 356 419 a
376 391 432 419 Deo
454 390 485 418 in
505 389 598 418 medio
616 387 758 425 paradisi
772 388 792 421 ¹,
812 386 838 415 id
859 389 900 415 est
915 385 1048 414 Ecclesiae
1070 384 1185 412 militan-

340 438 384 471 tis,
406 436 589 465 mediantibus
609 434 791 463 sacramentis
813 433 904 461 influit
926 432 1010 461 vitam
1032 431 1136 469 gratiae
1157 431 1183 459 in

340 487 431 513 cetera
451 483 576 511 membra
597 481 721 518 corporis
737 480 852 517 mystici.
869 480 900 508 Et
921 480 971 508 hoc
993 482 1035 507 est
1055 478 1129 515 quod
1144 477 1184 506 di-

340 531 413 559 citur
434 529 608 566 Apocalypsis
630 528 760 564 vigesimo
782 527 902 555 secundo
917 527 928 543 2
940 537 945 554 r
969 525 1097 554 Ostendit
1111 523 1185 553 milti

339 576 464 613 fluvium
486 583 581 613 aquae
600 574 677 603 vitae
697 573 881 611 splendidum
903 576 1045 610 tanquam
1060 570 1184 609 crystal-

340 624 411 657 lum,
430 622 628 659 procedentem
643 621 676 649 de
690 620 754 649 sede
770 620 822 648 Dei
835 623 861 647 et
875 621 896 647 A
900 619 954 657 yni
967 619 999 647 in
1013 618 1106 647 medio
1119 618 1184 654 pta-

340 673 400 698 tecte
420 669 491 697 eins.
515 685 551 688 fi
574 668 697 696 Fluvios
718 667 820 695 dicitur
841 666 1007 702 dispensatio
1026 666 1185 693 Sacramen-

341 720 446 750 torum,
468 715 514 744 sed
536 714 705 751 splendidus
726 717 867 752 tanquam
891 712 1049 751 crystallus
1070 714 1184 748 propter

340 764 492 793 claritatem
513 766 539 791 et
562 762 679 790 nitorem
702 761 815 797 gratiae,
830 767 913 797 quem
930 759 1062 796 relinquit
1084 759 1110 787 in
1125 758 1183 786 ani-

339 810 446 843 mabus,
468 816 539 846 quae
561 808 587 836 in
610 808 661 836 hoc
682 807 796 835 flumine
811 806 993 843 depurantur.
1015 804 1122 833 Dicitur
1137 812 1185 832 au-

340 860 395 886 tem
416 856 526 893 stravius
547 862 642 892 aquae
662 854 739 882 vitae
761 857 873 890 propter
895 852 1043 881 efficaciam
1070 851 1184 888 gratiae,

340 911 411 941 quae
434 902 551 931 viviticat
573 906 599 930 et
622 901 736 929 mundat
756 900 870 929 animas.
893 900 939 928 Hic
960 899 1061 927 dicitur
1086 905 1185 935 proce-

339 951 406 980 dere
426 959 445 978 (t
466 950 529 978 sede
553 949 603 977 Dei
622 953 647 977 et
669 948 756 985 Ayni,
779 948 844 984 quia
865 946 1072 975 sacramentalis
1099 945 1187 982 gratia

340 997 463 1035 procedit
484 1005 499 1025 a
520 997 576 1025 Deo
598 999 727 1032 tanquam
750 995 784 1023 ab
805 997 917 1022 auctore
932 996 959 1022 et
981 992 1124 1026 efficiente,
1140 991 1186 1020 sed

341 1053 356 1073 a
367 1044 476 1072 Christo
492 1047 621 1080 tanquam
637 1050 652 1070 a
668 1042 817 1070 mediatore
831 1044 857 1069 et
874 1043 1060 1077 promerente,
1074 1042 1186 1075 propter

340 1091 413 1128 quod
435 1090 566 1119 dicuntur
587 1090 677 1117 omnia
693 1090 868 1117 Sacramenta
884 1087 985 1115 habere
1000 1085 1148 1114 efficaciam
1170 1092 1185 1112 a

340 1139 465 1175 passione
487 1137 596 1166 Christi.
620 1136 693 1165 Unde
715 1135 867 1164 secundum
892 1134 1074 1170 Augustiuum
1088 1132 1107 1165 ³,
1129 1132 1185 1160 «de

342 1185 426 1213 latere
448 1184 548 1212 Christi
570 1183 732 1211 dormientis
754 1182 779 1210 in
805 1189 888 1209 cruce
916 1180 1061 1208 fluxerunt
1090 1179 1186 1206 Sacra-

340 1235 432 1260 menta
444 1243 471 1261 »,
492 1231 558 1259 dum
582 1230 642 1258 inde
662 1229 743 1257 fluxit
768 1228 879 1265 sanguis
900 1231 926 1255 et
947 1234 1017 1262 aqua
1041 1226 1070 1253 in
1092 1225 1185 1253 medio

339 1278 453 1315 plateae
473 1278 545 1311 eius,
576 1277 600 1305 id
629 1280 669 1305 est
699 1277 724 1304 in
749 1275 836 1303 medio
866 1274 1015 1306 Ecclesiae,
1044 1280 1115 1309 quae
1144 1274 1185 1300 est

340 1333 442 1362 corpus
464 1325 620 1360 mysticum,
643 1327 672 1351 ut
694 1331 743 1359 per
764 1330 828 1351 eum
850 1321 1014 1349 vivificetur.

420 1372 447 1399 li.
470 1371 595 1399 Secundo
617 1373 727 1398 notatur
747 1368 829 1397 Verbi
843 1367 995 1396 incarnati
1006 1365 1185 1403 praesentia,

342 1426 404 1447 cum
427 1418 534 1447 subdit:
557 1417 646 1450 Stelit,
673 1417 697 1444 id
720 1419 770 1449 est,
799 1414 1016 1452 praesentialiter
1039 1413 1110 1440 inter
1139 1419 1186 1440 vos
1213 1427 1214 1438 l

341 1465 401 1494 fuit.
424 1465 504 1493 Stetit
525 1468 616 1492 autem
638 1463 766 1491 Christus
788 1463 858 1490 inter
891 1461 1015 1489 homines
1037 1459 1127 1496 primo
1155 1463 1186 1487 ut

342 1511 478 1548 Pontifex
500 1510 738 1539 clementissmo&
756 1509 788 1537 ad
805 1507 978 1545 purgamlum
995 1507 1187 1543 delinquentes

340 1567 356 1587 a
381 1559 452 1586 malo
480 1558 591 1594 culpae-3
617 1556 738 1585 secundo
763 1559 793 1583 ut
822 1555 925 1583 Doctor
950 1552 1187 1590 sapientissimus

341 1606 374 1634 ad
396 1605 606 1634 illuminandum
629 1604 714 1632 verbo
735 1603 876 1631 doctrinae
905 1602 1078 1638 ignorantes3
1106 1599 1186 1628 tertio

341 1656 372 1682 ut
395 1653 453 1681 Rea·
471 1651 690 1689 potentissimus
717 1650 751 1678 ad
778 1648 950 1677 liberandum
978 1647 1144 1683 impotentes
1171 1654 1187 1673 a

341 1700 412 1728 malo
426 1706 538 1736 poenae,
554 1701 581 1726 et
597 1701 726 1734 tanquam
740 1697 951 1725 Remunercttor
963 1693 1187 1722 liberalissimus

341 1747 374 1776 ad
403 1745 633 1775 introducendum
663 1744 689 1772 iu
722 1744 824 1771 bonum
854 1742 965 1779 gloriae.
992 1740 1034 1769 Sic
1060 1740 1187 1768 Christus

341 1798 472 1830 tanquam
495 1792 628 1820 mediator
650 1790 790 1819 sufficiens
814 1793 841 1817 et
869 1796 953 1817 verus
981 1787 1098 1824 Angelus
1124 1786 1185 1814 novi

343 1840 496 1869 testamenti
518 1839 615 1867 habuit
635 1841 692 1866 tres
713 1840 791 1865 actus
820 1835 1007 1864 hierarchicos
1022 1835 1034 1850 ¹²
1056 1834 1082 1861 in
1105 1833 1188 1861 eccle-

343 1888 452 1917 siastica
473 1885 642 1919 hierarchia,
665 1884 768 1913 scilicet
789 1890 909 1919 purgare
930 1889 979 1918 per
1001 1880 1186 1917 expiationem
1215 1910 1216 1919 ἵ

1215 1923 1216 1971 ἶ
1244 1927 1330 1961 mine,
1353 1927 1545 1964 nictynificctttt
1567 1932 1607 1955 est
1628 1928 1658 1955 in
1680 1927 1854 1964 fortitudine
1874 1930 1925 1955 etc.

342 1935 451 1971 culpae,
475 1933 630 1961 illuminare
652 1939 701 1968 per
716 1930 897 1959 eruditionem
923 1928 1063 1957 doctrinae
1084 1931 1110 1956 et
1126 1934 1188 1963 per—

343 1981 424 2010 ficere
447 1988 495 2017 per
517 1979 696 2008 remotione-m
720 1984 821 2014 poenae
843 1979 869 2004 et
891 1976 1062 2004 collationem
1084 1974 1188 2011 gratiae

343 2030 370 2056 et
391 2027 502 2064 gloriae.

423 2074 511 2101 Primo
533 2073 606 2101 stetit
622 2076 652 2100 ut
668 2070 804 2107 Pontifex
820 2069 1058 2098 clementissimus
1073 2068 1105 2096 ad
1122 2075 1189 2104 pur·

1215 2111 1217 2117 ¹
1245 2115 1326 2143 tionis
1347 2122 1499 2151 supernae:
1522 2115 1642 2143 secundo
1663 2118 1775 2151 propter
1790 2114 2026 2151 impedimentum
2048 2122 2093 2142 ar-

343 2120 463 2158 gandum
486 2120 676 2156 delinquentes
698 2126 711 2145 a
734 2118 805 2145 malo
827 2117 932 2153 culpae.
962 2115 1037 2144 Unde
1059 2115 1188 2151 Apocaly-

343 2169 399 2205 psis
422 2167 502 2196 tertio
517 2167 542 2194 ⁵:
573 2167 626 2203 Ego
648 2170 690 2193 sto
713 2165 752 2193 aa
774 2165 879 2193 ostium
901 2168 925 2192 et
944 2163 1048 2200 pulsoe
1069 2163 1096 2190 si
1123 2162 1188 2199 quis

343 2215 474 2244 amiierit
496 2222 589 2242 vocem
621 2221 715 2241 ‘meum
743 2216 766 2240 et
788 2211 937 2248 aperuerit
958 2209 1031 2238 milii
1052 2210 1187 2243 ianuam,

342 2262 459 2291 intrabo
481 2262 520 2289 att
541 2260 622 2288 illum
646 2264 669 2287 et
685 2258 807 2287 eocnttbo
829 2266 894 2286 cztm
919 2257 982 2290 illo,
1005 2261 1030 2285 et
1052 2257 1111 2293 ipse
1131 2264 1188 2284 ine—

343 2318 418 2337 enni.
435 2325 471 2329 -
494 2309 570 2345 Ego,
593 2307 695 2335 scil-icet
716 2306 852 2338 Christus,
867 2309 910 2333 sto
932 2304 971 2332 ad
992 2304 1113 2337 ostium,
1128 2311 1189 2331 cor-

342 2356 384 2384 dis
405 2355 489 2384 clausi
512 2363 561 2391 per
591 2354 691 2390 peccati
722 2352 945 2385 delectationem,
968 2354 993 2379 et
1011 2349 1110 2387 palso,
1140 2357 1188 2386 per

344 2403 478 2430 internam
502 2400 724 2437 inspirationem,
747 2407 801 2435 qua
831 2398 928 2434 loquor
957 2397 990 2425 ad
1019 2404 1066 2425 cor
1092 2396 1188 2425 nnius—

344 2449 479 2484 cuiusque
494 2447 660 2484 peccatoris;
682 2446 709 2474 si
730 2446 795 2484 quis
817 2444 946 2473 ctuslt'erit
966 2452 1188 2477 vocemmeam,

345 2496 447 2524 scilicet
469 2502 517 2531 per
539 2494 650 2522 auditus
666 2492 867 2521 inclinationem
889 2494 916 2519 et.
930 2491 1022 2527 operis
1037 2490 1189 2519 exsecutio-

344 2549 422 2574 nem,
445 2545 468 2569 et
490 2541 641 2577 aperuerit
661 2538 734 2567 mihi
754 2539 896 2571 immam,
918 2545 968 2574 per
999 2537 1101 2573 peccati
1124 2544 1190 2565 con-

345 2588 490 2617 fessionem
512 2591 539 2615 et
569 2587 768 2615 desertionem2
798 2584 914 2612 intrabo
942 2584 981 2612 acl
1010 2583 1110 2617 illuni,
1140 2592 1189 2619 per

345 2635 517 2663 iustificantis
538 2634 641 2670 gratiae
663 2632 899 2665 inhabitationem,
928 2634 951 2659 et
979 2630 1101 2659 coenabo
1124 2638 1190 2658 cnm

408 2806 415 2819 ¹
434 2808 490 2829 tien.
509 2808 529 2833 3,
548 2807 568 2828 9.
991 2804 999 2817 ²
1019 2806 1083 2827 Vers.
1106 2806 1123 2826 1.
1141 2811 1188 2833 seq.

407 2846 416 2858 ³
435 2848 456 2868 ln
474 2848 533 2868 ioan.
554 2847 640 2873 evang.
659 2849 686 2868 tr.
704 2848 725 2868 ε’.
745 2852 767 2867 n.
789 2846 822 2867 10.
839 2848 860 2867 et
878 2849 905 2867 tr.
927 2846 960 2867 15,
980 2851 1000 2867 n.
1019 2845 1039 2866 8.

408 2885 415 2897 ⁴
434 2885 477 2908 Cir.
497 2885 628 2913 Dionysius,
646 2884 678 2906 De
697 2884 794 2906 (Iaelest.
807 2885 924 2906 Hierarch.
939 2889 959 2906 c.
971 2884 992 2906 3.
1006 2884 1019 2912 ξ’,
1032 2885 1053 2905 -2,

408 2924 417 2936 f*
436 2925 501 2946 Vei-s.
519 2926 555 2946 ⁵20.
619 2922 628 2936 ⁰
646 2924 694 2946 Lib.
712 2925 726 2946 l.
743 2929 763 2946 c.
782 2924 803 2945 5.
816 2929 837 2945 n.
859 2924 892 2951 to,
909 2923 1025 2945 nonnullis
1043 2923 1079 2945 hic
1091 2922 1190 2945 omissis.

409 2963 416 2976 ⁷
437 2965 499 2986 Vers.
519 2965 556 2990 37,
572 2964 593 2985 iu
611 2970 657 2992 quo
675 2963 796 2990 respicitur
815 2963 863 2985 lsai.
881 2963 917 2987 :¹55
940 2963 957 2984 1.

1000 165 1172 195 SERMONES
1195 165 1236 194 DE
1258 164 1423 193 TEMPORE.

1240 243 1302 275 illo,
1325 246 1348 270 et
1370 243 1430 279 ipse
1450 250 1579 275 mecum,
1602 249 1651 278 per
1666 242 1851 278 spiritualium
1867 244 1893 270 et
1908 241 2034 269 suavium
2049 241 2085 269 ci-

1240 289 1339 318 borum
1363 289 1547 318 refectionem.
1570 288 1645 317 Unde
1666 288 1834 325 Augustinus
1856 296 1940 324 super
1961 288 2085 316 Genesim

1240 336 1274 364 ad
1303 336 1421 364 litteram
1437 336 1464 363 6;
1491 346 1504 360 «
1521 335 1686 371 Principium
1716 334 1857 363 rationalis
1877 337 2021 363 creaturae
2046 337 2088 363 est

1240 385 1352 411 aeterna
1373 382 1519 418 Sapientia,
1548 389 1618 418 quae
1644 381 1721 410 nullo
1753 381 1833 410 modo
1864 383 1952 409 cessat
1979 381 2087 410 occulta

1241 429 1419 466 inspiratione
1442 428 1587 457 locutionis
1609 428 1682 465 loqui
1706 431 1866 461 creaturae,
1888 435 1959 464 quae
1980 427 2014 456 ab
2029 427 2088 464 ipsa

1241 475 1356 504 formata
1378 478 1427 509 est,
1440 478 1471 503 ut
1485 474 1518 503 ad
1534 475 1624 511 ipsum
1640 476 1829 508 convertatur,
1844 474 1910 510 quia
1930 474 2009 502 aliter
2024 481 2086 510 per-

1240 523 1310 551 fecta
1331 530 1391 551 esse
1413 530 1465 550 non
1489 525 1619 558 potest».

1320 568 1445 597 Secundo
1466 568 1541 597 stetit
1562 571 1593 596 nt
1617 568 1721 596 Doctor
1742 567 1977 604 sapientissimus
2002 566 2034 595 ad
2057 566 2089 594 il-

1243 616 1433 645 luminandum
1456 615 1614 652 ignorantes
1631 614 1717 643 verbo
1731 614 1880 642 doctrinae.
1897 613 1971 642 Unde
1986 613 2087 642 dicitur

1243 663 1348 691 loannis
1370 662 1486 699 septimo
1502 662 1527 690 ⁷:
1551 661 1584 690 ln
1606 661 1764 689 novissimo
1785 664 1880 689 autem
1903 661 1949 688 (lie
1963 668 2088 698 magnae

1241 708 1407 747 festivitatis
1428 708 1523 737 stabat
1540 708 1620 736 lestis
1635 711 1660 736 et
1673 707 1831 741 clamabat,
1847 707 1960 736 dicens:
1977 707 2009 735 Si
2023 707 2089 745 quis

1241 757 1311 790 sitit,
1334 756 1430 784 veniat
1451 756 1492 784 ad
1512 764 1556 784 me
1577 759 1601 783 et
1624 755 1709 783 bibat.
1740 771 1775 775 -—
1806 754 1923 788 Stabat,
1953 757 1984 782 ut
2005 760 2089 782 verus

1241 804 1346 837 doctor,
1362 807 1387 831 et
1401 802 1565 836 clamabat,
1580 805 1611 830 ut
1627 801 1808 838 praedicator,
1824 801 1912 839 quasi
1926 800 1996 829 tuba
2010 800 2089 828 escal-

1243 850 1331 878 tando
1353 857 1447 878 vocent
1462 857 1567 882 suain,
1590 849 1704 877 dicens:
1728 848 1760 876 St·
1773 848 1839 885 quis
1860 847 1934 881 sitit,
1957 847 2088 875 haustum

1242 897 1372 926 scientiae
1393 897 1531 930 salutaris,
1548 896 1643 924 veniat
1665 895 1705 924 att
1725 903 1786 928 nie,
1811 894 1952 923 huimliter
1973 893 2090 931 petendo

1243 944 1301 973 sine
1323 944 1473 980 pertinacia
1495 943 1714 979 contemptionis,
1744 946 1769 970 et
1790 941 1884 975 bibat,
1913 940 1994 970 dulce
2019 941 2090 969 vitae

1244 991 1394 1027 poculum,
1417 990 1490 1027 quod
1512 989 1545 1018 de
1567 990 1662 1026 pelago
1691 989 1839 1025 sapientiae
1868 987 2035 1025 propinabo;
2063 990 2090 1016 et

1244 1038 1369 1065 Matthaei
1392 1037 1538 1065 undecimo
1553 1036 1579 1064 8:
1610 1036 1701 1064 Venite
1722 1036 1761 1064 act
1782 1043 1826 1063 me
1847 1042 1954 1068 omnes,
1976 1034 2028 1072 qui
2048 1033 2091 1062 lot—

1244 1084 1354 1111 boi-(ms
1375 1087 1398 1111 et
1424 1083 1539 1111 onerati
1566 1083 1643 1116 estis,
1672 1086 1698 1110 et
1727 1090 1777 1119 eyo
1808 1081 1941 1118 reficiam
1968 1089 2036 1112 vos:
2063 1083 2090 1109 et

1244 1131 1331 1158 Lucae
1353 1133 1468 1166 quarto:
1492 1129 1623 1166 Spiritus
1644 1129 1760 1157 Domini
1786 1136 1875 1165 snper
1896 1136 1950 1160 me,
1970 1131 2090 1164 propter

1243 1177 1319 1215 qnod
1340 1177 1427 1204 uitauit
1447 1185 1504 1209 nie,
1526 1176 1731 1213 evangelizare
1744 1174 1926 1212 pauperibus
1941 1174 2022 1202 misit
2036 1181 2087 1202 me.

1321 1224 1413 1251 Tertio
1435 1223 1509 1251 stetit
1532 1226 1562 1251 ut
1585 1224 1643 1251 Rex
1663 1222 1882 1258 potentissimus
1910 1221 1943 1249 ad
1970 1220 2088 1249 liberan-

1242 1271 1307 1299 dum
1331 1271 1495 1306 impotentes
1516 1277 1531 1297 a
1546 1270 1618 1297 malo
1634 1276 1744 1305 poenae.
1761 1268 1835 1297 Unde
1850 1268 1952 1296 dicitur
1973 1268 2090 1296 Actuum

1242 1317 1395 1353 septimo9:
1426 1317 1508 1344 Video
1530 1316 1623 1344 coelos
1645 1319 1759 1352 apertos
1780 1319 1804 1343 et
1821 1315 1907 1343 lesum
1932 1318 2056 1343 stantem
2071 1322 2090 1342 α

1242 1363 1353 1391 dextris
1368 1363 1480 1391 virtutis
1498 1363 1555 1390 Dei.
1572 1379 1609 1382 -—
1627 1362 1758 1390 Dominus
1771 1362 1851 1389 leszts
1862 1361 1990 1390 Christus
2007 1364 2091 1389 stans

1243 1418 1261 1437 α
1283 1410 1393 1437 [levois
1416 1410 1527 1437 virtutis
1552 1410 1617 1443 Dei,
1640 1409 1665 1437 id
1688 1413 1729 1437 est
1744 1409 1775 1437 ad
1792 1408 1984 1445 aequalitatem
2006 1408 2092 1436 Patris

1243 1457 1269 1484 in
1285 1461 1420 1493 quantum
1437 1457 1519 1490 Dens,
1535 1460 1560 1485 et
1576 1457 1602 1484 iu
1619 1456 1698 1484 bonis
1713 1455 1868 1492 potioribus
1887 1455 1946 1484 eius
1960 1455 1987 1483 in
2003 1463 2091 1492 quan-

1245 1508 1301 1532 tum
1319 1505 1414 1537 homo,
1436 1512 1489 1532 non
1513 1504 1601 1532 solum
1619 1504 1748 1540 dignatus
1763 1507 1803 1531 est
1819 1502 2015 1539 Protomartyri
2031 1510 2092 1531 sus-

1244 1552 1340 1580 tinenti
1375 1552 1445 1580 ictus
1478 1551 1655 1588 lapidantium
1689 1558 1740 1587 pro
1771 1551 1831 1579 eius
1862 1550 1971 1578 nomine
2002 1549 2092 1578 facere

1244 1599 1430 1627 abundantem
1454 1601 1619 1635 proventum
1641 1598 1754 1635 gratiae,
1777 1605 1826 1634 per
1844 1605 1926 1634 quam
1943 1596 2092 1634 superabat

1245 1646 1442 1674 immanitatem
1467 1645 1629 1674 ludaeorum
1653 1653 1702 1681 per
1730 1644 1926 1681 benignitatem
1948 1644 2091 1678 orationis,

1243 1692 1289 1721 sed
1312 1693 1392 1720 etiam
1415 1692 1544 1729 dignatus
1564 1695 1606 1720 est
1627 1691 1744 1728 aperire
1758 1691 1851 1719 caelos
1866 1694 1892 1719 et
1911 1698 1939 1719 se
1962 1690 2051 1727 ipsum
2067 1689 2092 1718 ei

1243 1739 1388 1768 ostendere
1409 1740 1486 1776 quasi
1510 1739 1536 1767 in
1560 1740 1678 1776 signum,
1700 1739 1773 1775 quod
1795 1746 1858 1767 eum
1881 1738 2093 1766 introducturus

1243 1789 1314 1815 esset
1330 1787 1355 1814 in
1370 1787 1459 1815 locum
1475 1787 1623 1815 consimilis
1638 1786 1748 1823 gloriae.
1766 1786 1786 1814 V
1790 1786 1866 1815 idens
1880 1793 1962 1814 suum
1980 1785 2092 1814 militem

1244 1833 1270 1861 in
1296 1841 1391 1870 agone,
1407 1833 1543 1862 confortat
1564 1841 1627 1862 eum
1644 1834 1750 1862 ratione
1764 1837 1877 1867 statiis,
1899 1833 1964 1869 quia
1985 1841 2004 1861 ct
2025 1832 2093 1860 <tex-

1245 1881 1299 1908 tris
1324 1881 1375 1908 Dei
1382 1891 1391 1913 ,·
1408 1881 1492 1909 Exodi
1508 1881 1614 1909 decimo
1635 1881 1733 1917 quinto
1749 1881 1787 1908 ¹⁰:
1811 1881 1936 1908 Dextera
1959 1884 2021 1914 tuot,
2039 1880 2093 1908 Do-

1324 1974 1363 2002 ut.
1387 1975 1518 2011 Sequitur
1541 1975 1669 2003 tertium:
1701 1975 1790 2010 Quem
1820 1982 1868 2002 vos
1895 1974 2021 2008 nescitis,
2044 1973 2090 2002 ubi

1247 2022 1339 2058 arguit
1364 2021 1541 2049 [mittem-mn
1563 2021 1782 2058 iynoranffanz,
1810 2028 1880 2057 quae
1909 2020 2094 2057 consurgebat

1246 2068 1346 2104 triplici
1369 2068 1402 2096 de
1424 2076 1514 2096 eausa.
1539 2068 1629 2096 Primo
1650 2072 1764 2104 propter
1785 2067 1928 2104 desectum
1956 2067 2093 2096 illumina-

1246 2161 1459 2198 gumentationis
1471 2161 1651 2197 sophisticae3
1665 2161 1745 2189 tertio
1758 2164 1870 2197 propter
1887 2161 1988 2189 odiunt
1998 2168 2093 2189 aemu-

1246 2209 1353 2237 lationis
1374 2208 1519 2237 fraternae.
1538 2225 1572 2228 -
1596 2208 1686 2236 Primo
1701 2208 1823 2237 nescitur
1838 2208 1965 2236 Christus
1981 2210 2093 2244 propter

1245 2255 1384 2293 defectum
1408 2255 1616 2283 illuminationis
1638 2263 1782 2291 supernae.
1799 2255 1873 2283 Unde
1890 2255 1915 2282 in
1933 2255 2038 2283 Psalmo
2054 2255 2090 2282 11;

1246 2303 1418 2332 Neseierunt
1438 2311 1527 2340 neque
1548 2302 1758 2335 intelleaeernnt,
1788 2303 1818 2330 in
1847 2301 1969 2330 tenebris
1989 2301 2092 2330 ani-btt-

1246 2350 1324 2383 lant,
1347 2349 1412 2386 quia
1435 2357 1487 2377 non
1521 2349 1678 2386 intelligunt
1700 2349 1821 2377 Verbum
1852 2349 1990 2381 veritatiS,
2018 2347 2091 2385 quod

1246 2401 1305 2425 erat
1327 2396 1366 2425 eis
1384 2404 1524 2433 praesens
1547 2403 1594 2432 per
1616 2396 1772 2429 essentiam,
1795 2396 1857 2424 licet
1872 2398 1986 2432 propter
2007 2394 2093 2423 caeci-

1246 2447 1328 2472 tatem
1351 2443 1470 2471 malitiae
1492 2446 1564 2471 esset
1584 2443 1623 2471 eis
1645 2442 1748 2471 absens
1770 2450 1819 2479 per
1841 2443 1956 2479 gratiam
1975 2445 2002 2470 et
2023 2441 2091 2470 noti-

1247 2491 1321 2523 tiam,
1343 2491 1414 2518 sicut
1436 2490 1474 2518 sol
1495 2493 1537 2518 est
1558 2497 1688 2526 praesens
1709 2497 1790 2518 caeco
1805 2493 1832 2518 et
1852 2496 2028 2526 nequaquam
2044 2494 2092 2524 ap-

1247 2537 1430 2574 prehenditur
1450 2537 1484 2565 ab
1505 2537 1564 2573 ipso
1576 2537 1608 2564 ¹2.
1626 2536 1686 2565 Ideo
1702 2536 1860 2565 nescierunt
1875 2535 1971 2573 fugere
1991 2535 2093 2563 malum

1248 2585 1344 2621 culpae
1365 2592 1413 2612 nec
1436 2584 1526 2612 facere
1547 2584 1651 2612 bonum
1674 2584 1810 2617 iustitiae;
1832 2591 1894 2611 nam
1918 2583 2012 2611 nullus
2033 2585 2092 2619 pot-

1247 2634 1287 2659 est
1299 2631 1377 2668 dirigi
1394 2631 1452 2659 sine
1469 2631 1529 2659 luce
1544 2631 1616 2664 fidei,
1632 2631 1716 2659 immo
1738 2631 1768 2658 in
1788 2630 1910 2658 tenebris
1931 2628 2093 2662 ambulant,

1311 2803 1319 2816 ²³
1338 2804 1404 2826 Vers.
1422 2804 1463 2831 *283
1481 2804 1584 2833 sequitur
1602 2804 1657 2826 Luc.
1676 2803 1696 2829 -i,
1719 2803 1757 2831 183
1779 2804 1819 2824 ct'r.
1843 2802 1891 2824 lsai.
1909 2802 1945 2827 Gi,
1968 2801 1984 2822 l.
2004 2800 2029 2823 Hi
2048 2800 2094 2822 duo

1248 2843 1289 2865 toci
1309 2843 1439 2870 Scripturae
1457 2843 1528 2865 additi
1546 2847 1599 2864 sunt
1615 2849 1642 2864 ex
1660 2843 1682 2864 F.
1880 2840 1889 2853 ⁹
1908 2841 1972 2862 vers.
1991 2840 2027 2862 55.
2045 2844 2094 2867 seq.

1311 2881 1330 2894 ¹⁰
1348 2882 1414 2904 Vei-s.
1433 2883 1453 2904 6.
1472 2882 1548 2904 Verba
1570 2881 1653 2905 l'iclens
1670 2887 1740 2904 suuni
1760 2885 1802 2904 etc.
1814 2880 1975 2908 supplevimus
1992 2885 2018 2901 ex
2036 2879 2059 2901 F.

1311 2921 1329 2933 ¹¹
1349 2921 1429 2943 Psalm.
1447 2922 1484 2948 81,
1502 2921 1521 2943 5.

1312 2959 1330 2972 ¹²
1348 2960 1394 2983 Ct'r.
1412 2961 1517 2987 August.,
1535 2961 1558 2982 in
1572 2960 1632 2982 ioan.
1652 2960 1738 2987 Evang.
1758 2962 1785 2981 tr.
1806 2960 1825 2981 l.
1841 2965 1864 2981 n.
1882 2959 1904 2980 5.

2208 538 2210 550 l

2106 566 2174 586 Ductor
2185 557 2210 587 arr

2115 586 2212 614 pienum-i

2140 618 2186 634 mun.
2209 616 2212 646 t

2209 649 2213 664 i

2209 665 2213 716 t

2106 1219 2146 1248 Rex
2156 1205 2220 1256 potenti

2120 1245 2208 1263 tissimus.
2218 1264 2221 1272 Α

2110 1978 2155 1996 Pars
2167 1978 2196 1996 ΠΙ.
2232 1999 2233 2002 ¹

2109 2072 2222 2092 Subdivisto.

2110 2213 2163 2232 Ratio
2172 2213 2190 2232 1.
2234 2222 2236 2246 ἶ
