2243 3348
8 419 19 433 ¹,
52 405 117 425 Virtus
129 406 168 428 pla-

8 417 30 461 111
74 429 140 448 nativa.

45 1481 108 1500 Virtus
120 1486 161 1505 per-

67 1505 140 1524 fectira.

0 2299 2 2361 i

39 2442 67 2461 De
79 2442 161 2466 appiica-

42 2465 91 2485 tione
104 2466 159 2485 huius

38 2489 111 2508 virtutis
124 2494 162 2508 sec.

50 2513 153 2531 triformem

48 2536 155 2560 dispositio-

73 2564 123 2578 nem.

49 2583 75 2601 De
88 2583 148 2606 prima

32 2605 161 2630 dispositione,

741 183 850 212 SERMO
872 184 899 212 11.
922 184 965 213 DE
988 184 1115 214 NOSTRA
1138 185 1379 215 REDEMPTIONE.

183 258 324 295 pollutum
347 259 485 288 eluxerit?
507 263 577 294 010.;
597 260 657 289 ideo
686 261 789 297 primae
813 261 846 290 ad
875 262 1031 291 Corinthios

184 308 264 334 sexto
279 307 306 334 ¹:
331 307 427 343 Empti
446 307 520 335 enim
543 308 610 336 estis
628 308 724 345 pretio
744 317 861 345 mayno.

262 352 362 381 Habuit
372 353 452 381 etiam
466 354 596 382 virtutem
608 354 787 390 placativam
798 355 906 384 divinae
920 356 1030 385 iracun-

183 397 259 432 diae,
274 399 339 435 quia
358 400 470 436 sanguis
492 400 598 436 Sponsi
617 400 798 435 dulcissimi,
822 401 900 430 iuxta
915 402 981 433 illud
996 402 1029 431 ad

183 445 318 474 Hebraeos
332 446 494 475 duodecimo
509 447 535 474 ²:
552 447 720 476 Accessistis
734 448 774 476 att
789 449 949 477 testamenti
962 449 1032 477 novi

182 492 378 526 tilediatorem,
398 493 505 527 Iesum,
526 501 557 521 ac
579 502 628 530 per
650 494 702 523 hoc
724 495 858 523 Ecclesiae
876 496 1029 531 Sponsum,

182 543 207 567 et
227 539 384 576 sctnyzn‘m's
406 540 619 576 aspersionem,
641 541 745 569 melias
762 541 918 579 loquentem
939 551 1029 580 qaam

182 584 267 619 Abel,
289 586 355 622 quia
376 587 488 623 sanguis
509 587 573 615 Abel
596 587 659 616 iusti
685 588 784 616 clamat
805 588 961 623 vindictam,
987 597 1030 618 se-

181 632 303 661 cundum
326 633 392 661 illud
407 633 520 662 Genesis
537 637 652 671 quarto:
676 635 733 662 Vox
747 635 905 671 sanyainis
919 634 1028 672 fratris

182 679 226 707 tui
246 679 354 707 clamat
376 680 415 708 ad
436 689 480 708 me
501 680 534 708 cle
556 684 636 709 terra
644 691 654 714 ‚·
675 681 785 709 elamat
812 681 915 710 seilicet
942 682 1028 710 vindi-

181 729 269 760 ctam,
292 727 363 755 sicut
384 727 490 756 animae
512 728 649 756 iustorum
669 728 888 765 interfectorum
909 732 1028 765 propter

187 772 309 801 Verbum
328 774 387 806 Dei,
402 774 554 802 secundum
574 774 639 803 ittud
657 775 830 811 Apocalypsis
847 778 942 803 sexto:
965 775 1030 804 Victi

180 819 283 847 subtus
304 819 399 848 altare
430 820 476 849 Dei
510 821 628 849 animas
661 820 879 858 interfectorum
910 826 1027 858 propter

186 865 309 894 Verbum
334 866 397 899 Dei,
418 870 442 894 et
464 866 632 895 clamabant
652 875 718 895 voce
739 875 865 903 mayna,
887 867 1026 895 (licentes.-

185 912 346 951 Usqaeqao,
362 913 489 946 Domine,
505 914 641 949 (sanctus
655 917 679 941 et
693 914 805 948 verus),
820 922 879 942 non
893 913 1027 942 vindicas

179 960 354 996 sanguinem
375 959 531 988 nostrum?
553 960 669 996 Sanguis
690 963 781 988 autem
805 960 905 989 Christi
928 960 1028 988 clamat

179 1006 411 1040 misericordiam,
433 1015 488 1043 qua
509 1006 619 1043 quidem
648 1007 854 1036 misericordia
871 1007 959 1044 plena
987 1011 1028 1036 est

180 1057 260 1082 terra
275 1054 303 1086 ³,·
325 1053 398 1082 unde
419 1053 520 1082 dicitur
544 1053 588 1082 tob
609 1053 716 1082 decimo
737 1057 832 1083 sexto:
862 1055 963 1087 Terra,
992 1062 1027 1082 ne

179 1100 295 1137 operias
314 1100 491 1137 sanyuinem
506 1109 613 1134 meum,
635 1109 725 1138 neque
739 1101 868 1129 inveniat
889 1101 919 1129 ‘in
942 1106 967 1129 te
988 1101 1026 1129 lo—

178 1155 245 1175 cum
268 1147 378 1176 latendi
396 1147 508 1176 clamo-r
530 1148 627 1176 meus!
649 1148 725 1176 Tunc
746 1152 838 1176 11111001
861 1148 969 1176 inuenit
990 1148 1027 1176 lo-

178 1202 242 1222 cum
265 1194 389 1228 latendi,
411 1194 522 1231 quando
550 1195 666 1231 aliquis,
692 1198 826 1232 quantum
857 1195 884 1223 in
913 1203 941 1223 se
969 1199 1025 1229 est,

178 1242 308 1270 virtutem
331 1245 444 1270 evacuat
469 1242 611 1278 passionis,
626 1242 678 1270 hoc
693 1245 746 1275 est,
762 1242 884 1279 quando,
900 1242 953 1270 iam
971 1243 1026 1271 Deo

179 1289 387 1323 reconciliatus,
410 1289 508 1317 iterato
530 1289 617 1317 Deum
646 1289 773 1322 offendit;
802 1289 836 1317 de
863 1289 966 1326 quibus
992 1289 1025 1317 ad

177 1336 313 1365 Hebraeos
334 1339 414 1365 sexto
435 1336 551 1365 dicitur:
575 1337 705 1365 Rursum
739 1337 937 1373 crucifiyentes
957 1336 1026 1365 sibi-

177 1383 307 1420 metipsis
329 1383 439 1411 Filium
464 1383 515 1411 Dei
535 1386 586 1411 etc.

257 1431 356 1459 Habuit
377 1431 457 1459 etiam
481 1430 611 1459 virtutem
624 1429 815 1467 perfectivam
833 1431 970 1459 humanae
985 1431 1025 1459 in-

177 1477 328 1514 digentiae,
350 1478 415 1514 quia
437 1477 549 1513 sanguis
566 1477 617 1505 Dei
630 1477 778 1510 altissimi,
794 1478 874 1506 iuxta
891 1478 964 1514 qnod
985 1478 1025 1506 di-

177 1525 250 1553 citur
265 1524 439 1561 Apocalypsis
460 1524 595 1560 quint04:
620 1524 732 1561 Dianas
753 1533 792 1558 es,
810 1525 928 1553 Domine
943 1525 1025 1559 Deus,

177 1571 309 1608 accipere
330 1570 438 1599 librum
460 1575 485 1599 et
505 1571 622 1608 aperire
644 1575 748 1608 septem
767 1571 924 1608 siynacnla
945 1572 1024 1605 eius,

177 1618 317 1656 quoniam
329 1618 477 1646 redemisti
490 1626 543 1646 nos
559 1618 614 1646 Deo
630 1618 660 1646 in
675 1618 819 1654 sanquine
834 1622 883 1646 tuo
898 1627 932 1646 ex
947 1619 1027 1647 omni

178 1665 256 1694 tribu
278 1670 303 1693 et
324 1665 428 1702 linyua
450 1669 474 1693 et
492 1664 601 1702 populo
622 1669 646 1693 ct
674 1665 805 1698 natione,
833 1669 969 1701 quantum
991 1665 1024 1693 ad

176 1712 340 1740 amotionem
363 1711 451 1740 omnis
467 1712 546 1745 mali;
561 1715 586 1740 et
607 1711 703 1749 fecisti
722 1720 775 1740 nos
792 1712 846 1740 Deo
867 1716 966 1740 nostro
982 1721 1024 1740 re-

174 1767 266 1795 quam
289 1763 314 1786 et
335 1759 509 1792 sacerdotes,
530 1762 665 1795 quantum
688 1759 720 1787 ad
744 1759 915 1787 collationem
937 1759 1025 1788 omnis

176 1805 249 1834 honi.
271 1805 354 1834 Mirae
376 1813 491 1842 prorsus
507 1805 681 1842 perfectionis
702 1808 743 1834 est
758 1806 825 1834 haec
840 1806 938 1839 virtus,
954 1814 1025 1842 quae

177 1852 210 1880 de
231 1852 319 1881 servis
339 1852 423 1881 efficit
444 1852 568 1881 dominos
590 1856 616 1881 et
638 1860 717 1889 reges
737 1856 764 1881 et
778 1852 811 1881 de
833 1853 923 1889 impiis
938 1861 1025 1881 sacer-

176 1899 268 1933 dotes;
291 1899 361 1928 hanc
383 1899 481 1928 hahuit
501 1900 613 1936 sanguis
634 1899 751 1933 Christi,
773 1900 924 1928 secundum
951 1899 1025 1936 quod

176 1946 277 1975 dicitur
293 1946 397 1982 primae
413 1946 483 1974 Petri
500 1946 601 1982 primo:
619 1946 720 1974 Electis
735 1946 855 1974 (telvenis
869 1946 1025 1983 dispersio-

175 1993 232 2026 nis,
255 1993 285 2021 in
307 1993 495 2022 obedientiam
517 1997 543 2021 ct
563 1993 759 2030 aspersionem
780 1993 937 2030 sanyuinis
961 1994 1024 2022 lesu

178 2039 287 2069 Cltristi
306 2044 374 2074 etc.;
396 2043 422 2069 et
444 2032 505 2077 post
526 2040 633 2069 subdit:
665 2041 715 2069 Vos
740 2045 835 2069 autem
861 2049 953 2078 gyenus
974 2040 1024 2069 ele-

178 2092 266 2121 0111111,
282 2087 379 2124 regale
393 2087 601 2121 sacerdotium,
617 2087 682 2124 quia
696 2087 796 2116 fratres
810 2087 910 2116 Christi
927 2095 1025 2116 sumus

177 2134 264 2163 effecti
288 2142 336 2170 per
358 2134 499 2170 sanguinis
520 2134 580 2163 eius
600 2134 803 2171 aspersionem;
826 2134 871 2163 sed
898 2134 1025 2163 Christus

176 2185 217 2210 est
239 2189 289 2210 rex
312 2184 338 2209 et
360 2181 503 2210 sacerdos:
527 2181 628 2209 virtute
650 2181 734 2217 igitur
756 2181 897 2217 sanguinis
922 2181 1024 2209 Christi

176 2235 273 2256 sumus
295 2235 373 2264 reges
395 2230 421 2255 et
436 2227 607 2261 sacerdotes3
630 2227 650 2256 si
668 2235 755 2264 reges,
777 2236 834 2256 non
851 2231 1024 2264 1091101ρο0-

175 2278 275 2302 catum
299 2275 329 2302 in
357 2277 452 2303 nostro
477 2274 598 2303 mortali
621 2275 781 2311 corpore-⁵,-
806 2275 826 2303 si
852 2275 1023 2309 sacerdotes,

176 2321 312 2358 possideat
333 2321 534 2359 unusquisque
554 2330 607 2350 vas
627 2330 717 2350 suum
738 2322 769 2350 in
794 2321 1024 2358 sanctificatione

175 2371 200 2396 et
221 2367 336 2396 lio-nore.

253 2415 296 2443 Sic
318 2415 402 2452 igitur
423 2415 502 2444 effusi
518 2415 659 2452 sanguinis
674 2415 774 2452 triplex
797 2419 839 2444 est
853 2416 942 2444 virtus
960 2415 1023 2453 suf-

175 2461 274 2499 ficiens
294 2462 327 2491 ad
349 2470 459 2496 omnes,
482 2471 535 2491 non
555 2466 644 2491 tamen
661 2462 784 2500 efficiens
806 2463 832 2491 in
850 2471 960 2497 omnes,
976 2463 1023 2492 sed

176 2510 202 2538 in
215 2517 262 2538 eos
276 2510 376 2544 solum,
388 2510 435 2546 qui
447 2510 538 2538 debite
549 2518 578 2538 se
589 2509 746 2546 disponunt.
759 2510 917 2539 Huiusmodi
931 2513 1022 2539 autem

176 2559 241 2585 sunt
263 2557 315 2585 tria
335 2564 437 2593 genera
459 2557 600 2585 hominum
626 2556 683 2585 sive
709 2556 834 2585 homines
856 2556 1022 2585 trisormium

175 2603 402 2641 dispositionum:
431 2603 528 2640 primi,
551 2603 680 2640 inquam,
702 2606 767 2632 sunt
791 2603 933 2632 Christum
962 2612 1023 2641 pas-

240 2749 246 2761 ¹
267 2749 331 2771 Ycrs.
349 2749 385 2771 20.

238 2787 247 2800 ²
266 2788 330 2810 Vcrs¹
349 2789 385 2810 22.
403 2794 481 2816 semp,
499 2792 628 2817 sequuntur
640 2790 695 2811 (jen.
710 2789 730 2815 sb,
747 2790 778 2812 ΙΟ.
792 2793 812 2812 ct
825 2791 896 2818 Apoc.
906 2791 926 2812 6.
940 2791 961 2811 ii.
973 2797 1022 2819 seq.

239 2826 247 2839 ³
266 2827 345 2849 psalm.
368 2827 418 2854 118,
436 2826 477 2854 ot,
496 2830 625 2855 sequuntur
642 2827 681 2850 lob
703 2828 736 2856 16,
758 2828 792 2850 19.
809 2832 831 2851 et
848 2828 917 2851 Hebri
936 2830 957 2857 6,
975 2830 997 2851 6.

239 2865 249 2878 ⁴
266 2866 332 2888 Vers.
349 2866 369 2887 9⁴
388 2872 448 2894 seq.;
466 2869 595 2894 sequuntur
612 2867 628 2889 1.
648 2866 705 2889 Ρο11“,
728 2868 744 2893 t,
763 2867 783 2889 ·1.
801 2874 850 2895 seq.
867 2871 889 2890 01
907 2874 927 2890 c.
945 2868 966 2894 2,
984 2868 1005 2889 9.

240 2904 248 2917 ⁵
265 2906 332 2927 Rom.
349 2906 370 2931 6,
392 2906 431 2932 1⁶2,
447 2905 551 2934 sequitur
569 2906 583 2927 1.
600 2906 680 2928 Thess.
699 2906 719 2932 4,
737 2906 759 2928 lt.

238 2943 247 2955 ⁵
266 2944 329 2966 Vers.
348 2944 389 2970 Μῑ
407 2947 536 2972 sequuntur
554 2945 567 2966 1.
585 2943 636 2966 Cor.
656 2944 691 2971 it,
709 2945 746 2966 20.
763 2948 783 2967 01
802 2945 816 2967 Ι.
834 2946 894 2967 toan.
917 2946 934 2973 1,
951 2945 973 2967 7.

239 2981 248 2994 ⁷
267 2983 332 3005 Vers.
350 2983 386 3005 34.

1877 193 1933 220 727

1087 270 1149 292 sum
1171 264 1346 308 intendentes
1363 266 1494 301 puritate
1509 266 1694 301 intentionis,·
1715 269 1748 297 de
1769 269 1872 305 quibus
1893 269 1933 297 di-

1086 310 1159 338 eitur
1180 310 1213 339 ad
1241 311 1377 340 Hebraeos
1402 313 1522 341 secundo
1537 313 1563 342 ⁶:
1589 314 1680 343 Pueri
1703 316 1933 344 communicave-

1086 360 1158 385 runt
1178 358 1266 386 carni
1285 361 1310 386 et
1330 359 1488 395 sanquini,
1513 364 1539 388 et
1563 360 1622 397 ipse
1649 361 1783 390 similiter
1808 363 1932 399 partici-

1083 403 1167 440 pavit
1181 404 1404 433 eisdemrPueri
1421 410 1513 435 autem
1535 407 1666 436 dicuntur
1688 416 1740 437 non
1762 417 1778 437 a
1800 410 1931 438 teneritu-

1085 450 1148 479 dine
1169 451 1280 485 aetatis,
1303 452 1349 480 sed
1370 460 1385 480 a
1417 453 1581 482 rectitudine
1602 458 1629 482 et
1650 455 1823 492 simplicitate
1844 456 1932 485 inten-

1086 496 1176 530 tionis,
1193 497 1271 526 iuxta
1286 498 1358 534 quod
1374 499 1475 528 dicitur
1490 500 1594 536 primae
1609 501 1642 529 ad
1657 501 1812 530 Corinthios
1826 503 1932 532 decimo

1086 546 1201 579 quarto:
1232 544 1324 573 Nolite
1348 546 1438 581 pueri
1464 546 1538 584 effici
1563 547 1711 582 sensibus,
1740 549 1789 577 sect
1815 549 1931 578 malitia

1082 590 1206 626 parvuli
1225 595 1316 619 estote.
1339 592 1417 621 Tales
1439 594 1641 622 communicant
1663 595 1787 631 sanguini
1817 595 1930 630 Christi,

1085 637 1150 673 quia
1172 637 1261 673 ipsum
1284 638 1387 667 directe
1408 643 1435 667 et
1457 647 1526 675 pure
1542 641 1698 677 requirunt,
1720 650 1750 670 ac
1774 650 1822 678 per
1838 643 1888 671 hoc
1904 643 1930 671 in

1085 683 1189 712 lumine
1211 684 1356 718 incedunt;
1378 688 1405 713 et
1437 686 1488 714 hoc
1519 690 1560 715 est
1591 687 1663 724 quod
1696 688 1797 716 dicitur
1827 689 1930 725 primae

1086 729 1192 758 Ioannis
1214 730 1316 766 primo:
1340 731 1373 760 Si
1392 736 1489 760 autem
1510 733 1541 760 in-
1556 733 1618 761 luce
1638 733 1837 769 ambulamus,
1855 736 1930 763 sicut

1084 780 1110 804 et
1130 777 1191 813 ipse
1212 781 1252 805 est
1273 777 1303 806 in
1332 778 1409 812 lace,
1431 779 1594 808 societatem
1622 779 1761 809 babemus
1789 782 1828 810 acl
1856 782 1930 810 inbi-

1084 831 1158 856 eem,
1180 827 1205 851 et
1225 825 1352 861 sanquis
1371 826 1437 853 Iesu
1454 825 1564 854 Christi
1571 849 1578 859 ,
1602 827 1673 855 Filii
1693 828 1769 861 eius,
1792 829 1930 857 emundat

1084 877 1136 897 nos
1158 869 1193 897 ab
1216 870 1296 898 omni
1312 874 1437 907 peccato.
1461 872 1505 900 1110
1527 872 1659 901 ambulat
1680 873 1711 902 in
1732 874 1802 908 luce,
1824 876 1871 912 qui
1887 884 1929 904 re-

1084 919 1153 944 ctam
1177 917 1260 944 habet
1288 917 1484 952 intentionem,
1507 920 1587 956 quia,
1616 920 1688 948 sicut
1712 921 1814 950 dicitur
1842 923 1929 951 Lucae

1084 962 1229 991 undecimo
1245 963 1265 997 ἲ,
1292 964 1320 992 si
1340 964 1441 993 oculus
1469 970 1538 994 tuns
1558 965 1650 1003 fuerit
1677 968 1815 1005 simplex,
1841 969 1867 997 id
1889 972 1930 997 est

1083 1008 1197 1037 intentio
1219 1014 1305 1044 recta,
1329 1015 1419 1039 totum
1441 1020 1548 1048 corpus
1570 1017 1653 1041 tuum
1676 1014 1806 1043 lucidum
1827 1015 1889 1050 erit.

1163 1056 1279 1085 Secundi
1301 1061 1366 1086 sunt
1387 1058 1527 1087 Christum
1554 1068 1664 1096 passum
1689 1061 1829 1089 intuentes
1849 1062 1929 1090 viva—

1083 1102 1168 1130 citate
1183 1104 1359 1137 attentionis,
1374 1105 1421 1141 qui
1444 1105 1555 1142 figurati
1577 1110 1642 1135 sunt
1660 1107 1705 1135 Iob
1727 1107 1867 1143 trigesimo
1881 1116 1929 1137 no-

1083 1157 1118 1177 no
1134 1149 1154 1183 ²³,
1176 1150 1223 1178 uhi
1245 1150 1357 1184 dicitur,
1378 1152 1451 1188 quod
1471 1152 1547 1188 pulli
1567 1153 1684 1191 aquilae
1709 1153 1833 1182 lambent
1860 1163 1929 1182 san-

1081 1196 1208 1233 quinem.
1232 1197 1358 1235 Aquila,
1390 1207 1461 1235 quae
1482 1199 1692 1229 irreverberatis
1717 1201 1803 1229 oculis
1833 1202 1930 1238 aspicit

1083 1243 1184 1277 solem,
1206 1244 1341 1280 significat
1363 1245 1454 1273 virum
1483 1247 1742 1283 contemplativum,
1771 1248 1817 1284 qui
1847 1248 1929 1277 hahet

1082 1293 1224 1326 aspectum
1253 1298 1335 1319 suum
1362 1291 1497 1320 directum
1525 1293 1551 1320 in
1577 1293 1733 1327 Christum,
1762 1295 1827 1323 tales
1849 1298 1928 1328 sunt,

1082 1336 1129 1373 qui
1145 1337 1171 1364 in
1187 1337 1319 1366 effusione
1338 1339 1479 1375 sanguinis
1494 1339 1593 1368 Christi
1609 1344 1758 1368 sanantur
1772 1345 1799 1369 et
1814 1341 1929 1378 eonfor-

1054 1415 1055 1426 Ὶ
1082 1387 1193 1412 tantur.
1210 1384 1365 1413 Sanantur
1381 1386 1476 1422 utique
1492 1394 1540 1422 per
1559 1386 1667 1415 fidetem
1689 1391 1715 1416 et
1736 1387 1826 1424 iugem
1845 1388 1929 1417 medi-

1082 1431 1222 1465 tationem,
1244 1432 1324 1460 cuius
1352 1432 1442 1469 figura
1471 1433 1619 1470 praecessit
1640 1434 1826 1463 Numerorum
1857 1435 1929 1472 vige-

1082 1478 1151 1506 simo
1173 1479 1271 1515 primo,
1286 1479 1319 1508 de
1340 1484 1469 1516 serpente
1489 1489 1585 1514 aeneo,
1601 1484 1693 1509 erecto
1714 1481 1741 1509 in
1759 1482 1830 1518 palo,
1845 1490 1927 1519 quem

1081 1532 1176 1554 omues
1197 1526 1367 1562 aspicientes
1388 1526 1584 1555 sanabantur.
1614 1527 1657 1555 Sic
1684 1532 1711 1556 et
1739 1536 1813 1556 nunc
1834 1536 1929 1557 omnes

1082 1576 1224 1606 sanantur,
1246 1572 1292 1609 qui
1315 1572 1455 1601 Christum
1485 1581 1597 1609 passum
1625 1574 1777 1603 intuentur.
1801 1575 1841 1603 Ex
1869 1575 1928 1611 ipso

1081 1619 1162 1647 etiam
1187 1619 1288 1648 intuitu
1310 1619 1533 1657 confortantur,·
1555 1620 1627 1649 unde
1648 1621 1681 1649 ad
1704 1622 1839 1650 Hebraeos
1859 1622 1927 1650 duo-

1082 1665 1202 1694 decimo:
1227 1667 1387 1703 Hecogyitate
1408 1675 1472 1695 eum
1495 1668 1546 1705 qiu·
1567 1667 1649 1696 talem
1672 1668 1812 1697 sustinuit
1828 1677 1846 1696 a
1862 1678 1926 1705 pec-

1081 1712 1230 1741 catoribus
1256 1713 1413 1741 adversam
1441 1714 1626 1751 semetipsam
1654 1715 1928 1749 contradictionem,-

1083 1763 1114 1788 ut
1135 1768 1169 1788 ne
1190 1759 1358 1797 fatiyemini
1377 1761 1486 1789 animis
1507 1762 1610 1789 vestris
1630 1761 1797 1798 deficientes.
1814 1762 1927 1799 Propter

1082 1807 1134 1835 hoc
1148 1807 1185 1835 ait
1203 1814 1253 1843 per
1269 1807 1419 1841 Ieremiam,
1435 1808 1609 1836 Threnorum
1625 1808 1706 1837 tertio
1718 1809 1743 1836 ⁰:
1764 1809 1928 1837 Recordare

1078 1854 1264 1891 paupertatis
1292 1858 1318 1882 et
1346 1854 1589 1891 transyrcssionis
1616 1864 1711 1889 meae,
1734 1855 1882 1893 absynthii
1902 1860 1927 1884 et

1081 1900 1174 1938 fellis,·
1196 1901 1366 1930 Bernardus:
1394 1913 1407 1926 «
1422 1902 1512 1931 Bonus
1534 1902 1611 1931 mites
1633 1911 1686 1931 1100
1708 1903 1790 1932 sentit
1812 1904 1924 1932 vulnera

1081 1947 1203 1984 propria,
1224 1948 1289 1976 dum
1313 1948 1421 1984 benigni
1444 1948 1522 1977 ducis
1543 1950 1658 1978 vulnera
1679 1950 1845 1979 intuetur».

1159 1995 1242 2023 Tertii
1264 1998 1356 2023 autem
1380 1998 1444 2024 sunt
1472 1995 1612 2024 Christum
1641 2004 1750 2033 passum
1778 1997 1926 2026 imitantes

1081 2040 1286 2079 conformitate
1302 2041 1499 2070 tribulationis
1505 2053 1515 2076 ,·
1529 2043 1562 2071 de
1577 2043 1679 2080 quibus
1693 2044 1866 2081 Apocalypsis
1887 2052 1928 2073 se-

1081 2088 1167 2124 ptimo
1184 2088 1220 2116 ¹⁰:
1242 2088 1283 2116 Hi
1302 2089 1354 2126 qni
1374 2089 1476 2117 amicti
1495 2094 1566 2118 sant
1585 2090 1665 2118 stolis
1686 2090 1769 2124 albis,
1788 2091 1840 2128 qui
1858 2095 1926 2119 sunt

1080 2138 1104 2162 et
1118 2135 1191 2163 amic
1203 2135 1362 2163 venerunt?
1379 2135 1409 2163 Et
1420 2136 1549 2164 subditur
1564 2137 1679 2165 ibidem:
1693 2137 1732 2165 Hi
1741 2141 1809 2165 sunt
1821 2137 1872 2175 qni
1882 2146 1926 2165 ve-

1080 2185 1187 2210 nerant
1201 2182 1234 2210 cle
1249 2181 1435 2210 tribulatione
1449 2192 1560 2220 magna
1571 2187 1595 2211 et
1610 2183 1743 2212 laverunt
1754 2184 1843 2212 stolas
1853 2192 1926 2212 suas

1081 2233 1105 2256 et
1120 2228 1327 2257 dealbaverunt
1348 2237 1397 2257 eas
1412 2229 1444 2257 in
1457 2230 1602 2266 sanquine
1617 2230 1703 2267 Aqui.
1721 2231 1759 2258 Ex
1775 2239 1830 2267 quo
1851 2231 1926 2259 colli—

1081 2276 1165 2312 gitur,
1187 2275 1260 2312 00011
1282 2276 1328 2312 0111
1352 2275 1555 2304 tribulationem
1579 2276 1721 2313 patiuntur
1736 2285 1788 2313 pro
1808 2277 1926 2311 Christo,

1082 2323 1109 2351 hi
1133 2323 1260 2351 lavantur
1281 2323 1307 2351 in
1331 2323 1463 2359 sanguine
1484 2323 1594 2358 Christi,
1609 2324 1739 2360 quoniam
1762 2324 1794 2352 ad
1817 2332 1863 2353 eos
1878 2325 1924 2362 qui

1082 2369 1191 2398 Christo
1212 2370 1427 2406 compatiuntur,
1458 2370 1491 2398 ad
1524 2378 1569 2399 eos
1597 2378 1625 2399 se
1650 2371 1776 2399 extendit
1806 2371 1925 2400 efficacia

1081 2417 1229 2454 passionis;
1252 2417 1325 2446 unde
1346 2417 1519 2454 Apocalypsis
1534 2417 1638 2454 primo:
1654 2418 1806 2455 Particeps
1827 2419 1859 2447 in
1875 2418 1926 2446 tri-

1082 2462 1228 2491 bulatione
1256 2463 1286 2491 et'
1301 2472 1408 2500 reyno;
1429 2466 1455 2492 et
1476 2464 1611 2492 secundae
1632 2464 1664 2492 ad
1687 2464 1861 2493 Timotheum
1884 2472 1926 2493 se-

1081 2510 1186 2538 cundo:
1210 2510 1243 2539 Si
1261 2510 1478 2544 sustinebimus,
1494 2515 1520 2539 et
1540 2511 1800 2548 conreynabinucs;
1821 2515 1848 2540 et
1862 2520 1926 2549 pro—

1081 2560 1175 2593 pterea
1196 2557 1228 2585 ad
1252 2557 1387 2586 Hebraeos
1408 2557 1505 2586 ultimo
1522 2559 1542 2574 ¹¹
1572 2558 1718 2587 scribitur:
1742 2559 1822 2587 lesus
1847 2559 1925 2587 Chri—

1080 2607 1148 2638 stus,
1165 2608 1197 2632 ut
1209 2603 1407 2641 sanctificaret
1418 2613 1470 2641 per
1483 2613 1571 2633 suum
1586 2605 1760 2642 sanquinem
1772 2606 1924 2642 populum,

1142 2750 1150 2763 ⁸
1169 2751 1234 2773 Yers.
1251 2751 1293 2777 303
1311 2754 1438 2779 sequuntur
1456 2751 1523 2773 Nuni.
1543 2752 1580 2778 2¹,
1598 2752 1618 2772 9.
1636 2755 1658 2773 ct
1675 2751 1742 2773 Hebr.
1765 2752 1797 2777 12,
1815 2752 1837 2773 3.

1142 2788 1151 2801 ⁹
1169 2790 1233 2811 Vcrs.
1256 2790 1289 2811 19.
1308 2802 1335 2804 -
1353 2789 1460 2818 Sequitur
1478 2790 1594 2816 Rerum-d„
1611 2795 1679 2811 serm.
1697 2790 1734 2811 61.
1752 2789 1773 2811 iu
1786 2789 1849 2811 Cant.
1866 2796 1888 2810 n.
1902 2790 1922 2810 S,

1142 2828 1162 2841 ¹⁰
1180 2828 1245 2850 Vers.
1267 2829 1300 2850 13.
1317 2834 1378 2856 seq.;
1395 2831 1524 2856 sequuntur
1541 2834 1561 2849 c.
1583 2829 1600 2855 t,
1618 2829 1640 2850 9.
1659 2832 1680 2849 01
1699 2828 1721 2849 u.
1740 2828 1798 2850 Tim.
1817 2829 1838 2856 2,
1860 2829 1894 2849 12.

1143 2866 1159 2878 ¹¹
1178 2866 1233 2894 Cap.
1251 2867 1284 2893 13,
1300 2868 1333 2888 12.
1346 2873 1407 2895 seq.;
1425 2867 1528 2895 sequimi·
1541 2867 1616 2889 Matth.
1629 2867 1665 2894 20y
1679 2868 1715 2888 22.
1729 2873 1781 2888 cum
1794 2867 1871 2889 Glossa
1885 2873 1923 2890 or>

1079 2905 1174 2928 cll'naria
1191 2906 1253 2933 apud
1271 2906 1397 2932 {tyranuum
1415 2912 1475 2934 (11100
1485 2909 1559 2928 tamen
1578 2906 1655 2928 Glossa
1674 2912 1718 2928 non
1731 2912 1757 2928 ex
1775 2906 1922 2934 Hieronymo,

1078 2944 1118 2966 sed
1136 2944 1213 2971 potius
1230 2950 1256 2966 cx
1274 2944 1348 2972 Opere
1372 2944 1460 2971 impert.
1484 2945 1506 2966 in
1525 2944 1600 2966 Matth.
1618 2944 1685 2972 (inter
1702 2950 1771 2972 opera
1795 2945 1920 2973 Chrysosis

1079 2984 1156 3006 homil.
1175 2984 1211 3006 35.
1228 2983 1333 3006 desumta
1351 2988 1400 3005 esse
1418 2983 1518 3005 ridetur.

1945 1069 1971 1088 De
1984 1070 2073 1089 secunda.

1944 2003 1970 2022 De
1984 2003 2045 2022 tertia.
