2243 3348
197 959 243 978 Tres
257 958 327 985 Mariae

206 984 319 1005 praerogati-

198 1010 238 1024 vae.
253 1005 321 1023 Prima.

235 1235 328 1254 Secunda.

261 1466 330 1485 Tertia.

210 1651 260 1669 Haec
273 1650 334 1673 cogni-

211 1674 237 1692 tio
250 1674 284 1700 fuit
292 1679 336 1692 cou-

244 1699 302 1715 unua.

215 2158 330 2177 Notandum.

336 182 393 211 704

336 268 441 290 massae
462 257 655 287 umbraculum
676 255 779 284 fuerit?
801 254 832 282 Et
852 253 967 281 fortasse
989 253 1101 287 propter
1124 249 1177 276 hoc

337 307 457 335 maxime
477 304 580 333 dictum
601 305 642 331 est
660 300 844 330 obumbrabit
864 298 931 331 tibi,
953 297 1017 334 quia
1031 303 1076 324 res
1096 294 1176 323 nimi-

338 360 400 381 rum
422 352 448 379 in
470 351 639 379 sacramento
660 350 733 380 erat,
753 349 781 374 et
801 345 873 382 quod
895 344 952 372 sola
974 350 1020 379 per
1042 350 1070 370 se
1091 340 1177 369 Trini-

338 401 379 426 tas
399 397 426 425 in
448 396 504 425 sola
524 398 551 423 et
571 402 633 422 cum
656 393 712 421 sola
735 391 846 428 Virgine
869 390 954 419 voluit
974 388 1098 425 operari,
1127 386 1176 415 soli

338 444 431 472 datum
452 445 493 470 est
513 448 604 474 nosse,
619 440 663 468 cui
678 439 772 467 datum
791 441 832 466 est
852 435 1016 473 experiri».
1039 434 1070 462 Ε1
1091 433 1175 461 infra:

343 501 356 514 (ι
372 489 449 517 11111111
472 487 598 520 modum,
620 494 687 522 quo,
716 484 749 513 de
776 483 880 520 Spiritu
908 484 1001 510 sancto
1026 479 1176 516 concipies,

341 536 392 564 Dei
410 535 505 563 virtus
522 537 547 561 et
567 531 712 568 sapientia
730 531 780 558 Dei
791 531 810 563 1,
826 529 960 562 Christus,
976 528 1014 556 sic
1030 528 1055 555 in
1071 534 1121 555 suo
1136 533 1177 554 se—

339 580 489 611 cretissimo
510 578 622 607 consilio
643 576 833 606 obumbrando
854 577 978 611 conteget
1007 577 1034 602 et
1062 573 1178 601 occulta-

338 627 393 660 bit,
415 629 551 663 quatenus
579 624 629 653 sibi
659 626 764 652 tantum
790 625 872 650 notus
900 621 1035 649 habeatur
1066 622 1093 648 et
1114 618 1177 652 tibi;

339 681 370 702 ac
391 673 413 701 si
434 672 551 708 Angelus
565 669 728 707 respondeat
742 668 862 705 Virgini:
883 667 954 703 Quid
975 675 990 694 a
1005 673 1047 694 me
1068 664 1179 702 quaeris

339 719 412 757 quod
434 719 460 747 in
483 718 625 753 temetipsa
638 715 812 753 experieris?
834 714 907 743 Scies
920 717 947 741 et
965 712 1079 741 feliciter
1101 711 1179 745 scies,

340 766 387 794 sed
408 765 454 793 illo
480 764 606 797 doctore,
628 770 683 799 quo
704 765 731 790 et
752 765 865 790 auctore
881 772 906 788 ».
930 760 961 788 Et
982 759 1067 787 infra:
1095 759 1179 786 «Non

341 815 430 848 potest
450 810 540 839 doceri
563 810 613 838 nisi
639 817 655 837 a
679 809 812 841 donante,
835 810 861 836 et
882 815 935 835 non
965 808 1053 843 potest
1079 804 1179 833 addisci

341 858 391 887 nisi
413 866 429 886 a
449 857 613 893 suscipiente
629 869 654 883 n.
678 856 708 883 Et
722 854 819 891 patuit,
834 854 908 890 quod
923 853 1019 881 habuit
1033 851 1180 888 perfectam

342 905 388 933 Dei
411 903 666 939 contemplationem
684 905 711 930 et
733 900 927 929 incarnationis
945 898 1134 936 cognitionem.
1152 897 1183 925 Et

342 952 410 980 haec
430 949 620 987 praerogativa
651 951 706 977 tres
727 947 841 976 includit
871 945 1062 975 excellentias:
1094 944 1183 981 prima

343 1000 396 1031 est,
418 996 490 1033 quod
511 995 622 1024 excellit
637 995 663 1023 in
687 995 736 1023 hac
752 993 941 1030 praerogativa
956 992 1116 1028 Prophetas,
1132 990 1183 1019 sci-

344 1044 406 1072 licet
427 1043 453 1070 in
476 1042 643 1079 cognitione;
666 1041 738 1069 unde
753 1041 811 1076 ipsa
826 1039 905 1068 scivit
919 1039 1025 1067 solvere
1046 1037 1183 1074 quaestio-

344 1098 405 1118 nem
429 1089 587 1125 Prophetae,
609 1087 655 1124 qui
678 1087 813 1124 quaesivit
827 1087 853 1114 2:
880 1084 1096 1114 Generalionem
1122 1084 1184 1112 eius

344 1135 409 1174 quis
429 1133 605 1163 enai-rabit?
631 1142 693 1162 cum
723 1132 881 1169 responderi
909 1134 1013 1168 potest:
1039 1131 1117 1159 Certe
1139 1130 1184 1158 illa

344 1189 415 1218 quae
435 1180 538 1217 genuit.
561 1180 606 1208 llla
628 1180 700 1208 enim
715 1186 845 1208 enarrare
867 1178 964 1214 potuit,
979 1180 1005 1205 et
1020 1177 1090 1205 sicut
1105 1184 1183 1204 enar-

345 1227 416 1256 ravit
434 1228 528 1260 Lucas,
543 1226 591 1262 qui
606 1229 717 1254 enarrat
731 1233 789 1254 eam
812 1228 838 1253 et
855 1223 993 1252 describit.
1009 1239 1047 1243 ——
1062 1221 1185 1250 Secunda

345 1273 508 1303 excellentia
528 1276 584 1306 est,
605 1272 678 1308 quod
699 1271 810 1300 excellit
829 1271 856 1299 in
877 1271 928 1298 hac
943 1269 1095 1306 cognitione
1111 1269 1186 1297 loan-

346 1328 409 1349 nem
430 1319 586 1356 Baptistam‚
608 1319 655 1355 qui
677 1318 728 1346 fuit
739 1316 881 1354 propbeta
896 1320 919 1344 et
931 1315 999 1352 plus
1014 1324 1103 1353 quam
1116 1323 1185 1351 pro-

345 1366 430 1403 pbeta
442 1366 461 1393 ³.
477 1365 551 1394 Unde
567 1365 625 1401 ipsa
639 1364 717 1393 scivit
732 1363 884 1391 dissolvere
899 1362 1059 1399 corrigiam
1075 1361 1185 1389 calcea-

348 1413 435 1441 menti
454 1412 510 1440 Filii
532 1411 607 1444 eius,
629 1410 701 1446 quod
727 1409 841 1437 nescivit
863 1409 973 1436 loannes
998 1408 1125 1444 Baptista.
1147 1423 1184 1427 -

348 1459 439 1487 Tertia
459 1457 620 1486 excellentia
640 1459 695 1490 est,
718 1455 791 1492 quod
812 1455 839 1483 in
861 1455 912 1483 hac
933 1454 1086 1491 cognitione
1110 1457 1184 1482 ante-

347 1505 419 1533 cellit
440 1504 568 1540 Angelos3
590 1503 663 1531 unde
684 1502 735 1530 scit
762 1502 843 1530 etiam
871 1502 977 1530 solvere
998 1501 1185 1538 quaestionem

346 1558 459 1583 eorum,
481 1557 564 1586 quam
586 1552 739 1585 quaerunt:
763 1548 835 1584 Quis
856 1551 896 1576 est
916 1548 967 1576 iste
985 1547 1036 1585 qui
1056 1547 1132 1575 venit
1153 1547 1187 1575 de

349 1596 458 1624 Edom?
473 1599 522 1624 etc.
544 1595 611 1631 Quis
631 1598 702 1623 esset
723 1595 776 1629 hic,
792 1595 837 1623 illa
857 1594 950 1627 scivit,
972 1602 1043 1631 quae
1064 1594 1088 1622 ei
1110 1594 1187 1622 tuni-

347 1651 412 1671 cam
427 1642 539 1671 talarem
555 1641 727 1679 polymitam
739 1642 750 1657 4
768 1641 838 1669 fecit.
856 1657 893 1661 —
907 1641 1060 1669 Notandum
1084 1643 1186 1675 autem,

347 1688 419 1725 quod
448 1689 515 1716 haec
542 1687 660 1724 cognitio
681 1686 849 1724 temporalis
876 1694 927 1715 non
955 1687 1022 1721 fuit,
1044 1686 1069 1715 id
1092 1690 1132 1715 est
1153 1686 1186 1715 ad

346 1738 455 1771 tempus
476 1734 573 1762 collata
594 1736 621 1762 et
642 1733 817 1770 particularis
832 1733 874 1761 vel
890 1741 938 1769 per
953 1733 1064 1761 modum
1081 1735 1185 1769 raptus,

347 1780 394 1809 sed
421 1780 550 1808 continua
577 1782 604 1808 et
632 1787 680 1816 per
709 1779 820 1808 modum
842 1779 957 1815 quietis,
979 1779 1050 1808 sicut
1074 1779 1187 1808 decebat

347 1834 411 1855 vere
432 1827 563 1854 thronum
588 1826 633 1854 Dei
662 1829 689 1854 et
717 1826 866 1854 triclinium
894 1825 1042 1854 Trinitatis.
1065 1825 1139 1854 Unde
1160 1829 1187 1854 et

346 1873 501 1909 proprietas
522 1873 698 1901 Thronorum
719 1872 741 1901 ei
765 1872 886 1900 maxime
908 1872 1034 1900 convenit
1058 1872 1185 1908 proprie;

348 1920 381 1948 de
396 1919 498 1956 quibus
512 1919 576 1948 dicit
591 1919 736 1955 Dionysius
748 1919 774 1947 ⁵:
795 1930 808 1943 «
819 1918 992 1947 [neffabiliter
1007 1919 1034 1946 in
1049 1918 1187 1947 sublimis-

347 1966 446 1994 simum
468 1969 495 1994 et
516 1966 588 1994 circa
603 1973 667 1994 vere
682 1965 823 1994 excelsum
839 1965 902 1993 totis
916 1965 1066 1994 virtutibus
1083 1965 1186 1994 incom-

347 2012 515 2040 mutabiliter
543 2015 570 2040 et
597 2011 730 2039 stabiliter
755 2011 916 2040 collocatum
938 2015 965 2039 et
985 2011 1068 2039 divini
1090 2019 1187 2047 super-

348 2058 482 2086 adventus
496 2058 523 2086 in
538 2058 610 2086 omni
627 2057 894 2094 incompassibilitate
911 2061 937 2086 et
958 2058 1187 2086 immaterialitate

347 2104 517 2140 acceptivum
533 2107 560 2132 et
573 2104 707 2132 deiferum
728 2107 755 2132 et
775 2104 944 2132 famulantur
958 2104 986 2132 in
1000 2104 1106 2133 divinas
1127 2112 1187 2133 sus-

348 2150 485 2186 ceptiones
505 2153 631 2187 apertum
646 2162 673 2177 ».
696 2150 851 2179 Secundum
869 2151 944 2179 hunc
959 2151 1080 2184 modum,
1096 2151 1186 2184 credo,

348 2196 421 2233 quod
436 2204 572 2225 summam
587 2197 841 2233 contemplationem
853 2197 951 2225 habuit
965 2197 992 2225 in
1007 2197 1059 2231 via,
1075 2200 1102 2226 et
1116 2198 1187 2226 hanc

348 2243 503 2271 sublimiter
514 2246 540 2271 et
552 2243 609 2271 sine
621 2243 819 2279 (affectionum)
831 2243 1022 2278 abstractione,
1034 2243 1081 2272 sed
1092 2252 1187 2273 omnes

348 2289 483 2325 potentiae
504 2289 563 2318 eius
584 2289 730 2318 deiformes
747 2290 833 2318 factae
848 2293 912 2318 sunt
933 2290 960 2318 in
981 2291 1187 2327 operationibus

348 2335 412 2363 suis.
434 2336 509 2364 Absit
529 2336 618 2370 enim,
640 2336 713 2372 quod
735 2344 858 2372 unquam
886 2337 967 2365 alicui
993 2337 1020 2365 in
1046 2337 1090 2365 via
1110 2337 1187 2365 fami-

349 2382 441 2410 liarior
461 2382 545 2410 fuerit
567 2382 608 2411 vel
629 2383 719 2410 notior
740 2390 822 2419 quam
851 2383 928 2411 Matri
958 2390 1031 2411 suae.
1058 2383 1086 2411 ln
1108 2383 1188 2412 cuius

349 2428 388 2455 rei
409 2431 601 2464 argumentum
624 2429 729 2462 omnia,
751 2436 822 2465 quae
837 2429 939 2466 scripta
953 2432 1018 2457 sunt
1032 2429 1065 2458 de
1084 2430 1187 2466 sapien-

350 2473 387 2501 tia
401 2473 428 2501 in
443 2474 641 2508 Ecclesiastico,
663 2475 793 2503 universa
814 2475 944 2511 leguntur
965 2479 992 2504 et
1006 2478 1187 2512 exponuntur

349 2518 382 2547 de
404 2519 516 2547 Domina
536 2524 644 2554 nostra,
666 2521 739 2557 quod
761 2525 787 2549 et
808 2522 940 2550 Dominus
961 2522 1119 2558 exprimere
1140 2530 1187 2550 vo-

350 2564 401 2592 luit
421 2564 448 2592 in
470 2564 573 2601 figura,
595 2566 704 2602 quando
725 2567 826 2595 librum
847 2571 874 2596 et
896 2576 1022 2596 mannam
1038 2568 1132 2605 reponi
1148 2568 1187 2597 fe-

350 2610 386 2638 cit
406 2610 434 2638 in
454 2618 517 2639 arca
532 2612 556 2645 ⁵,
577 2613 655 2648 quasi
676 2613 762 2641 dicat:
784 2614 921 2650 Quidquid
945 2618 986 2643 est
1017 2615 1122 2651 saporis
1144 2615 1186 2643 vel

920 173 1090 203 SERMONES
1110 172 1153 200 DE
1175 171 1202 199 Β.
1225 168 1356 199 VlRGlNE
1377 167 1483 196 MARIA.

1232 246 1341 282 sapidae
1372 244 1548 281 cognitionis,
1576 244 1628 271 hoc
1657 246 1745 271 totum
1777 244 1947 270 reservatum
1976 243 2018 269 est
2045 241 2071 268 in

1232 293 1316 320 Matre
1339 299 1414 324 mea,
1437 298 1507 326 quae
1535 288 1725 317 conservabat
1752 287 1851 316 omnia
1879 286 1966 315 verba
1987 285 2071 320 haec,

1233 337 1383 375 conferens
1404 336 1435 365 in
1456 336 1542 364 corde
1561 344 1624 363 suo.

1312 384 1413 420 Quinta
1434 383 1511 411 stella
1532 385 1573 411 est
1590 381 1729 419 perfectio
1745 381 1897 413 caritatis:
1916 381 1942 409 in
1957 380 2074 409 Canticis
2104 386 2197 428 pengia

1233 431 1352 460 vidimus
1373 437 1432 459 eam
1455 429 1563 466 plenam
1585 428 1697 457 caritate
1718 431 1745 457 et
1765 427 1918 461 dilectione,
1933 434 2004 464 quae
2019 427 2075 463 ple·
2115 415 2159 433 qm
2182 424 2186 427 ’

1234 477 1330 507 nitudo
1351 479 1456 506 constat
1478 476 1504 504 in
1526 475 1625 504 tribus.
1647 475 1746 503 Habuit
1774 475 1845 503 enim
1871 481 2006 503 summam
2035 473 2075 501 di·
2094 479 2164 521 nim
2176 479 2208 521 {1¹¹

1234 524 1376 553 lectionem
1406 522 1589 555 naturalem,
1618 529 1754 550 summam
1784 520 1976 558 acquisitam,
2000 527 2075 548 sum-
2096 507 2204 567 ἳεῗιῗιῗῖιειξ

1235 578 1305 599 mam
1326 569 1507 607 yratuitani,
1530 571 1556 597 et
1577 575 1802 604 unamquamque
1823 567 1849 595 in
1870 574 1979 595 summo
1999 570 2026 595 et
2040 573 2076 594 ex
2097 554 2206 568 mamm.

1236 617 1278 645 liis
1300 616 1389 644 tribus
1410 623 1492 643 unam
1519 622 1672 648 summam,
1694 614 1736 642 cui
1766 614 1792 642 in
1821 613 1956 642 creaturis
1976 613 2077 649 impos-

1235 663 1313 692 sibile
1340 665 1381 691 est
1409 662 1523 690 similem
1549 661 1674 698 reperiri,
1704 677 1739 681 -
1768 661 1899 689 Summus
1922 667 2001 688 amor
2024 665 2214 707 iza-oiiteuffisna-

1236 710 1342 739 taralis
1369 712 1411 738 est
1437 709 1533 737 matris
1560 708 1593 736 ad
1621 708 1725 741 filium,
1754 707 1833 736 iuxta
1854 707 1962 735 illud⁷:
1985 707 2078 744 Super
2185 702 2189 707 “

1236 765 1366 785 amorem
1387 755 1542 784 mulierum
1558 758 1608 783 etc.
1628 755 1703 783 Hunc
1724 762 1845 783 amorem
1869 754 1965 782 habuit
1979 753 2077 782 beatis-

1237 803 1305 832 sima
1325 802 1408 839 Virgo
1430 802 1456 830 in
1478 809 1601 835 summo3
1624 809 1766 838 nunqnam
1784 801 1856 829 enim
1878 803 1965 828 mater
1987 800 2079 836 aliqua

1238 853 1343 879 tantum
1365 849 1475 878 amabat
1495 849 1582 877 filium
1598 856 1689 882 suum,
1705 850 1840 884 quantum
1858 847 1970 875 Domina
1985 850 2078 875 nostra

1237 896 1334 925 dilexit
1355 904 1437 924 suum
1459 898 1486 924 et
1500 895 1618 923 naturali
1633 894 1784 923 dilectione.
1801 894 1904 922 Natura
1917 893 1989 922 enim
2005 900 2079 921 amo-

1238 944 1277 972 ris
1298 946 1398 971 natura
1418 946 1459 971 est
1483 942 1568 979 ignis,
1591 942 1654 978 qui,
1677 944 1780 978 quanto
1805 941 1867 977 plus
1892 940 2032 976 spargitur
2053 943 2080 967 et

1238 989 1383 1023 dividitur,
1412 991 1487 1017 tanto
1514 988 1632 1024 amplius
1661 987 1810 1021 minuitur,
1832 990 1859 1015 et
1886 989 1990 1024 quanto
2018 986 2080 1023 plus

1239 1036 1386 1068 adunatur,
1409 1038 1483 1064 tanto
1505 1035 1567 1072 plus
1582 1038 1785 1071 augmentatur.
1801 1034 1904 1062 Omnes
1918 1033 1989 1062 enim
2012 1033 2080 1061 aliae

1240 1087 1356 1116 matres,
1378 1090 1448 1119 quae
1470 1082 1540 1110 filios
1561 1081 1732 1115 habuerunt,
1754 1084 1781 1109 et
1795 1081 1869 1109 viros
1883 1083 2080 1117 cognoverunt,

1240 1133 1266 1158 et
1288 1130 1326 1157 sic
1347 1129 1464 1157 divisum
1487 1136 1608 1156 amorem
1624 1127 1791 1156 habuerunt.
1812 1128 1963 1160 Praeterea,
1979 1129 2081 1155 matres

1240 1179 1267 1203 et
1287 1174 1434 1211 aliquando
1454 1174 1549 1211 plures
1569 1174 1640 1202 filios
1661 1174 1820 1202 habuerunt
1842 1173 1882 1201 vel
1905 1173 1987 1207 filias,
2002 1175 2029 1201 et
2043 1172 2081 1201 sic

1240 1229 1318 1249 amor
1339 1221 1443 1249 divisus
1463 1221 1490 1249 in
1512 1221 1627 1257 singulis
1648 1220 1791 1248 minuitur.
1820 1220 1889 1248 llaec
1917 1220 1973 1248 sola
1995 1222 2081 1248 mater

1242 1268 1332 1296 virum
1355 1275 1408 1295 non
1424 1267 1529 1301 habuit,
1545 1267 1632 1295 filium
1648 1267 1690 1295 vel
1705 1266 1789 1294 filiam
1805 1266 1884 1294 aliam
1900 1274 1953 1294 non
1970 1265 2080 1299 habuit;

1241 1314 1314 1342 unde
1336 1317 1423 1342 totum
1445 1321 1492 1342 cor
1514 1321 1596 1342 snum
1615 1321 1677 1342 cum
1693 1314 1765 1342 omni
1781 1313 1899 1341 naturali
1916 1313 2019 1341 virtute
2033 1320 2083 1341 sua

1242 1361 1269 1388 in
1284 1368 1365 1388 suum
1381 1360 1554 1396 Unigenitum
1575 1360 1736 1393 transfudit3
1759 1363 1786 1388 et
1806 1360 1844 1388 sic
1861 1359 1956 1388 habuit
1971 1362 2083 1388 natura—

1242 1407 1295 1435 lem
1310 1406 1480 1435 dilectionem
1501 1414 1635 1434 summam
1657 1407 1683 1434 in
1706 1414 1822 1435 summo.
1839 1423 1877 1427 ——
1891 1407 2003 1435 Summa.
2016 1406 2082 1434 dile·
2100 1410 2228 1453 nemin-‘geissi-

1242 1453 1295 1481 ctio
1310 1453 1457 1490 acquisita
1478 1456 1518 1481 est
1539 1461 1571 1481 ea
1585 1461 1655 1489 quae
1670 1456 1711 1482 est
1725 1461 1840 1489 sponsae
1854 1453 1886 1482 ad
1902 1461 2043 1490 sponsum,
2057 1455 2084 1481 et
2180 1446 2185 1451 “

1242 1500 1315 1527 illam
1338 1499 1435 1528 habuit
1456 1499 1538 1536 Virgo
1560 1499 1643 1528 Maria
1664 1500 1697 1528 ad
1714 1500 1812 1528 Filium
1828 1508 1909 1529 suum
1925 1500 1951 1528 in
1966 1508 2082 1529 summo.

1243 1546 1268 1574 Si
1290 1547 1362 1575 enim
1390 1546 1510 1582 virgines
1538 1554 1653 1583 sponsae
1680 1546 1780 1575 Christi
1810 1550 1889 1581 sunt,
1911 1554 1976 1584 ergo
2001 1546 2084 1583 Virgo

1244 1593 1381 1629 virginum
1403 1601 1502 1629 sponsa
1523 1596 1582 1621 erat
1603 1601 1712 1621 summa
1733 1593 1842 1630 Sponsi,
1864 1601 1934 1630 quae
1956 1601 2008 1622 non
2025 1595 2084 1621 tan-

1243 1641 1301 1667 tum
1325 1639 1346 1666 A
1351 1647 1457 1675 ynum,
1479 1638 1525 1667 sed
1541 1641 1567 1667 et
1582 1639 1667 1675 ipsam
1684 1640 1705 1667 A
1710 1647 1797 1676 gnus,
1813 1647 1992 1677 quocumque
2006 1639 2084 1673 ierat,

1242 1684 1415 1722 sequebatur
1426 1684 1445 1712 ⁸.
1461 1700 1500 1704 —
1514 1686 1644 1714 Summus
1658 1694 1736 1714 amor
1749 1686 1903 1723 gratuitus
1920 1685 2020 1714 caritas
2034 1688 2083 1719 est,

1243 1739 1325 1767 quam
1343 1731 1439 1759 habuit
1459 1731 1539 1759 etiam
1561 1732 1588 1759 in
1610 1740 1725 1760 summo.
1744 1732 1823 1761 Plena
1837 1732 1919 1766 enim,
1935 1735 1966 1760 ut
1980 1732 2084 1761 dictum

1243 1780 1298 1810 est,
1320 1777 1372 1806 fuit
1393 1778 1516 1806 caritate
1536 1781 1563 1806 et
1584 1779 1747 1807 dilectione:
1776 1779 1899 1807 caritate
1926 1779 1959 1807 ad
1981 1779 2084 1813 Deum,

1242 1824 1390 1852 dilectione
1409 1824 1442 1852 ad
1464 1825 1633 1861 proximum.
1649 1842 1685 1844 —
1701 1825 1732 1853 Et
1746 1825 1784 1854 sic
1799 1825 1850 1854 ista
1868 1825 1921 1853 tria
1941 1825 2086 1854 coniunxit

1243 1878 1366 1905 summa,
1388 1874 1414 1899 et
1435 1871 1474 1899 sic
1502 1866 1588 1899 unum
1617 1879 1757 1900 summum
1786 1871 1849 1900 fecit
1873 1880 1909 1901 ex
1932 1872 1989 1906 his;
2011 1871 2086 1909 quod

1243 1925 1385 1954 nunquam
1413 1917 1465 1946 alia
1493 1921 1620 1946 creatura
1646 1918 1735 1947 facere
1763 1919 1859 1955 potuit.
1889 1919 2085 1955 Quaecumque

1243 1964 1315 1993 enim
1331 1964 1384 1992 alia
1398 1968 1526 1993 creatura
1536 1964 1624 2001 diligit
1638 1965 1724 1993 filium
1741 1973 1822 1994 suum
1839 1968 1866 1994 et
1879 1966 1966 2002 diligit
1980 1966 2083 1994 Deum:

1243 2011 1271 2038 in
1292 2011 1344 2039 alia
1365 2011 1547 2047 (dilectione),
1570 2011 1590 2039 si
1614 2011 1648 2040 sit
1668 2012 1818 2045 naturalis,
1839 2012 1948 2041 dilectio
1969 2012 2032 2045 filii;
2058 2012 2084 2040 in

1243 2057 1304 2091 alia,
1319 2057 1383 2091 Dei;
1405 2058 1472 2086 haec
1490 2061 1582 2086 autem
1597 2059 1681 2087 Mater
1696 2058 1743 2087 Dei
1759 2059 1816 2087 sola
1830 2059 1943 2088 eandem
1964 2059 2085 2088 dilectio-

1243 2111 1315 2138 nem,
1330 2112 1412 2141 quam
1429 2104 1525 2133 habuit
1545 2104 1579 2133 ad
1597 2105 1694 2134 Filium
1715 2113 1810 2140 suum,
1826 2106 1922 2134 habuit
1942 2106 1976 2134 ad
1997 2106 2083 2134 Deum

1243 2158 1335 2184 suum,
1350 2151 1415 2187 quia
1428 2151 1511 2179 Filius
1531 2151 1604 2185 eius,
1624 2152 1698 2181 Deus
1718 2152 1792 2187 eius;
1815 2155 1841 2181 et
1862 2153 1900 2181 sic
1915 2155 1997 2189 patet,
2012 2151 2085 2189 quod

1243 2197 1270 2225 in
1292 2197 1385 2226 eadem
1407 2197 1458 2226 fuit
1479 2198 1600 2226 caritatis
1621 2198 1759 2235 perfectio.

1321 2244 1405 2272 Sexta
1426 2244 1503 2273 stella
1524 2248 1565 2273 est
1580 2248 1664 2273 actus
1685 2245 1936 2274 excellentissimae
1949 2245 2085 2274 caritatis

1244 2290 1486 2325 communicatio,
1508 2299 1579 2328 quae
1599 2291 1651 2320 fuit
1672 2292 1824 2329 redemptio
1845 2293 1952 2329 generis
1970 2292 2084 2321 humani

1244 2344 1293 2373 per
1314 2337 1483 2373 passionem;
1505 2346 1586 2374 quem
1608 2341 1699 2367 actum
1715 2339 1941 2376 gloriosissimum
1963 2342 1990 2368 et
2010 2347 2085 2368 sum-

1243 2391 1303 2412 mae
1325 2384 1445 2412 caritatis
1466 2384 1619 2419 demeruit,
1641 2385 1700 2422 ipso
1724 2388 1878 2420 attestante,
1892 2387 1939 2423 qui
1961 2386 2012 2415 ait:
2031 2386 2085 2415 Ca-

1243 2429 1359 2458 ·ritatem
1379 2439 1461 2459 nemo
1479 2430 1562 2459 babet
1581 2432 1724 2460 maiorem
1738 2432 1749 2449 ⁹
1767 2436 1817 2461 etc.
1834 2433 1933 2470 (Hunc)
1948 2433 2023 2461 novit
2037 2433 2084 2462 Pa-

1244 2478 1285 2504 ter
1307 2476 1575 2512 misericordiarum,
1598 2478 1655 2507 sive
1676 2479 1760 2508 Mater
1782 2479 1985 2508 misericordiae
2005 2488 2085 2509 exer—

1243 2531 1314 2557 cere,
1331 2526 1425 2560 utpote
1440 2524 1566 2553 effectum
1582 2533 1706 2554 summae
1721 2526 1938 2560 misericordiae;
1954 2527 2001 2556 sed
2015 2527 2083 2563 (ille)

1243 2569 1277 2597 ab
1298 2569 1357 2606 ipsa
1377 2570 1535 2604 adiuvari,
1555 2574 1586 2599 ut
1599 2571 1798 2609 adimpleretur
1818 2573 1891 2609 quod
1913 2573 1946 2602 de
1967 2581 1999 2602 eo
2020 2581 2083 2610 pro-

1243 2615 1350 2652 phetice
1364 2616 1467 2645 dictum
1484 2617 1543 2652 fuit,
1558 2618 1669 2647 Genesis
1690 2619 1810 2648 secundo
1822 2620 1859 2647 ¹⁰:
1876 2620 2038 2649 Faciamus
2058 2621 2085 2649 ei

2107 1691 2159 1712 item.
2172 1695 2213 1714 gra-

2133 1714 2187 1733 tutia.

2113 2249 2140 2268 De
2153 2249 2206 2268 stella

2131 2274 2189 2292 sexta.

412 2780 419 2792 ¹
438 2782 565 2809 Respicitur
583 2783 597 2804 l.
615 2782 667 2805 Cor.
688 2785 705 2812 l,
723 2784 759 2806 24.

412 2818 421 2831 ²
439 2819 487 2841 lsai.
505 2820 541 2848 53,
559 2821 580 2842 8.

412 2856 421 2869 ⁵
438 2858 514 2880 Matth.
534 2859 567 2885 11,
585 2860 610 2886 9;
628 2864 755 2888 sequnntur
773 2863 832 2884 loan.
851 2863 871 2891 1,
889 2864 925 2885 27.
943 2867 965 2886 et
982 2864 1029 2886 lsai.
1047 2865 1088 2891 63,
1107 2865 1128 2886 1.

412 2895 421 2908 ⁴
438 2897 565 2924 Respicitur
582 2898 637 2920 Gen.
655 2899 691 2927 37,
708 2900 729 2921 3.

411 2933 422 2946 ⁵
439 2935 469 2957 De
487 2935 581 2958 Caelest.
597 2937 713 2960 Hierarch.
725 2945 745 2961 c.
756 2939 777 2961 7.
790 2940 803 2968 g
817 2941 836 2962 1.
849 2941 912 2968 apud
924 2941 1015 2969 Hngon.
1027 2948 1039 2964 a
1052 2943 1074 2964 S.
1088 2943 1186 2965 Victore.

1304 2788 1313 2801 ⁶
1331 2789 1375 2811 Cl'r.
1393 2790 1459 2812 Dent.
1477 2791 1516 2819 40,
1534 2791 1555 2813 ’2.
1572 2795 1594 2813 et
1611 2791 1681 2814 Exod.
1700 2792 1740 2818 16,
1758 2792 1800 2819 34;
1817 2792 1921 2821 sequitur
1938 2793 1992 2815 Luc.
2007 2794 2028 2820 2,
2047 2794 2082 2816 19.

1304 2826 1312 2839 ⁷
1330 2827 1391 2850 Libr.
1408 2829 1432 2850 ll.
1448 2829 1504 2856 Reg.
1528 2830 1545 2856 l,
1563 2830 1605 2856 :263
1623 2830 1734 2858 Vulgata:
1751 2831 1781 2853 Et
1796 2830 1906 2854 amabilis
1922 2837 1994 2860 super
2011 2835 2054 2854 etc.

1304 2865 1313 2878 ⁸
1330 2867 1402 2894 Apoc.
1424 2867 1462 2895 it,
1480 2867 1500 2889 t.

1304 2903 1313 2916 ⁹
1332 2906 1391 2927 loan.
1410 2906 1449 2933 15,
1468 2906 1507 2933 13;
1527 2907 1636 2935 Vulgata:
1654 2907 1769 2931 Maiorem
1786 2908 1831 2931 hac
1847 2908 1993 2932 dilectionem
2010 2912 2052 2932 etc.

1304 2943 1324 2956 ¹⁰
1342 2944 1405 2966 Vers.
1425 2945 1461 2966 18.
1478 2957 1508 2961 -
1525 2946 1548 2967 111
1565 2947 1715 2975 sequentibus
1732 2947 1839 2970 videntur
1856 2947 1931 2976 aliqua
1949 2947 2067 2970 excidisse.
