2243 3348
3 149 14 168 1.

2 165 14 207 li

11 199 14 210 i

17 263 58 281 tuor
65 266 107 285 pro-

17 286 64 312 latas
73 284 104 302 sso-

21 313 53 327 Πε-

10 433 13 447 1

0 470 13 526 li

0 526 13 594 ἢ
32 541 101 560 Prima.

4 587 7 596 ι

22 727 93 748 eeuuda

29 961 98 981 Tertia.

753 175 845 203 FERIA
868 176 896 203 ll.
920 176 1002 204 POST
1023 176 1152 205 PASCHA.

118 254 178 284 eius
199 253 374 282 resurrectio
395 253 448 282 sub
469 253 574 281 ratione
594 252 692 289 floris·,
714 252 794 281 cuius
809 256 874 281 sunt
895 261 964 289 qua-

120 305 182 330 tuor
197 301 388 338 proprietates,
404 299 543 336 oppositae
558 299 760 327 conditionibus
774 299 884 327 carnis.
904 300 964 327 Flos

119 348 201 377 habet
222 348 294 376 enim
309 356 346 376 ex
367 351 446 384 parte
466 347 572 375 formae
586 345 812 382 speciositatem,
834 353 869 374 ex
885 349 964 382 parte

118 395 250 423 materiae
270 394 446 431 puritatem,
468 401 504 422 ex
527 395 605 429 parte
625 392 755 429 ponderis
773 392 915 431 levitatem
937 395 964 420 et

118 448 154 470 ex
177 444 255 477 parte
275 440 389 477 originis
409 439 575 467 sanitatem.

199 487 304 521 Primo,
326 487 402 521 dico,
424 486 497 523 quod
519 486 570 514 flos
592 486 674 514 habet
695 493 731 514 ex
760 488 838 521 parte
859 485 964 513 formae

118 534 326 571 speciositatem
348 533 499 570 oppositam
522 532 613 561 carnis
627 531 770 568 opacitati3
793 531 866 560 unde
887 534 965 559 natu-

119 581 213 610 raliter
235 581 352 609 delectat
373 580 479 613 visum;
502 579 575 608 unde
597 579 650 607 iam
674 578 857 607 communiter
879 578 964 606 inole-

118 628 172 662 vit,
194 630 225 656 ut
240 627 394 664 speciosum
409 626 548 663 floridum
564 626 736 662 appelletur,
751 625 963 653 Proverbiorum

121 674 227 703 decimo
249 674 365 710 septimo
382 674 407 701 ι;
430 673 558 701 Animus
577 673 712 710 quatieris
741 676 861 700 aetatem
883 671 965 708 flori-

120 722 190 750 dam
210 720 293 758 facit.
310 738 347 741 —
362 720 487 749 Secundo
509 720 560 748 ilos
582 720 664 748 habet
678 727 713 748 ex
732 721 811 755 parte
834 718 964 746 materiae

115 768 276 805 paritatem
297 767 449 804 oppositam
472 767 563 795 carnis
577 766 714 800 foeditati;
734 766 799 795 dicit
813 766 885 794 enim
902 765 964 793 Phi—

118 815 248 851 losophus
261 815 286 848 ²,
309 814 382 851 quod
404 814 430 842 in
450 813 585 850 principio
599 813 759 850 digestionis
774 813 883 849 plantae
898 812 963 840 sub—

117 860 172 890 tilis
194 861 295 889 humor
317 864 343 889 et
365 868 454 897 purus
476 860 554 896 prius
575 860 602 888 in
623 859 707 888 flores
721 859 866 895 digeritur,
888 862 964 887 ante-

116 916 200 945 quam
221 915 335 944 grossus
364 907 389 935 in
418 907 535 935 fructus.
558 907 633 935 Unde
661 906 813 935 secundum
836 906 964 942 Augusti-

116 956 222 989 num3,
245 955 295 983 flos
317 955 413 991 purior
434 957 475 983 est
496 962 578 991 quam
601 954 718 982 fructus.
741 970 779 974 —-—
800 953 892 981 Tertio
914 953 964 981 flos

71 1030 74 1032 ,
118 1002 200 1031 habet
220 1009 257 1030 ex
278 1005 356 1038 parte
385 1001 514 1037 ponderis
536 1000 676 1029 levitatem
698 1000 850 1037 oppositam
873 1000 964 1028 carnis

23 1103 98 1127 Quarta.

12 1341 56 1355 irum
69 1337 92 1355 si-

12 1360 92 1379 nificatio.

9 1764 42 1778 <ma
53 1764 102 1778 eom-

10 1784 59 1801 »·atur
73 1788 102 1802 ro-

2 2765 4 2805 1

1 2817 4 2840 i

117 1049 260 1086 gravitati;
276 1048 349 1077 unde
366 1048 462 1076 leviter
477 1048 658 1076 circumvolat
679 1047 711 1075 ad
735 1047 873 1075 modicum
890 1047 962 1075 venti

117 1096 278 1133 impulsum.
301 1112 338 1116 —-
360 1095 464 1131 Quarto
483 1095 565 1123 habet
586 1102 622 1123 ex
638 1098 716 1131 parte
737 1094 851 1130 originis
874 1094 964 1122 viridi-

116 1146 199 1172 tatem
228 1143 270 1171 vel
302 1142 459 1171 sanitatem
489 1142 642 1178 oppositam
674 1141 764 1169 carnis
799 1141 962 1169 infirmitati.

117 1190 191 1219 Unde
212 1189 264 1218 ssos
291 1189 382 1218 oritur
411 1193 438 1217 et
466 1189 600 1222 nutritur,
629 1188 713 1217 flante
735 1188 865 1225 zephyro.
888 1188 964 1216 Unde

116 1236 265 1265 verisimile
293 1240 349 1270 est,
371 1235 444 1272 quod
474 1235 576 1264 sanitas
603 1235 646 1264 sui
668 1235 809 1272 originalis
835 1234 961 1271 principii

116 1284 143 1312 in
158 1284 227 1312 flore
242 1283 362 1320 quodam
377 1283 457 1311 modo
472 1283 676 1319 incorporatur,
689 1286 715 1311 et
730 1282 768 1311 sic
783 1282 810 1310 in
825 1282 885 1310 eius
900 1289 963 1310 sua·

116 1331 200 1359 vitate
220 1330 336 1359 olfactus
358 1330 491 1358 reficitur.
516 1346 551 1350 -—
574 1329 736 1365 speciositas
764 1329 841 1357 floris
863 1329 964 1357 indicat

116 1377 142 1405 in
159 1384 241 1405 carne
255 1376 355 1405 Christi
375 1376 465 1404 dotem
481 1376 628 1404 claritatis
634 1386 644 1409 ,·
659 1376 774 1412 puritas,
789 1375 880 1404 dotem
895 1375 963 1403 sub-

116 1424 248 1456 tilitatis,·
270 1423 374 1457 levitas,
397 1423 487 1451 dotem
509 1423 670 1459 ayilz'tatis;
691 1423 825 1456 suavitas,
841 1430 912 1459 quae
927 1430 963 1451 ex

116 1471 219 1499 virtute
240 1470 318 1499 floris
339 1470 438 1504 oritur,
460 1470 550 1498 dotem
573 1470 828 1507 impassibilitatis.
852 1470 883 1498 Et
903 1470 963 1498 ideo

115 1521 235 1555 quatuor
267 1517 383 1546 floribus
414 1517 509 1546 floruit
541 1525 604 1545 caro
632 1517 753 1545 Christi:
773 1517 844 1546 sicut
875 1525 962 1551 rosa,

115 1566 186 1594 sicut
208 1560 315 1599 lilium,
338 1565 410 1593 sicut
431 1565 610 1603 amygdalus
631 1568 658 1593 et
676 1565 747 1593 sicut
765 1565 877 1601 palma.
896 1565 964 1593 Rosa

115 1613 227 1641 excellit
247 1612 362 1646 decore,
384 1612 472 1640 lilium
495 1612 626 1645 candore,
648 1612 810 1648 amygdalus
832 1611 964 1648 temporis

114 1660 317 1693 antecessione,
340 1659 429 1696 palma
450 1659 604 1687 duratione.

194 1707 298 1735 Floruit
318 1714 470 1743 ergo-caro
485 1706 586 1734 Christi
609 1706 681 1734 sicut
695 1714 766 1734 rosa
788 1714 837 1742 per
858 1705 963 1742 pulcri-

115 1754 238 1783 tudinem
253 1753 408 1782 claritatis.
425 1754 501 1781 Sicut
522 1753 593 1781 enim
610 1761 672 1781 rosa
693 1753 810 1789 pulcher
832 1756 873 1781 est
892 1753 963 1781 inter

115 1801 214 1835 flores,
236 1801 274 1829 sic
296 1800 406 1829 claritas
432 1800 501 1829 lucis
529 1800 601 1828 inter
630 1800 752 1834 colores3
782 1800 961 1829 Ecclesiastici

116 1848 345 1885 quinquagesimo
359 1848 387 1875 ¹²:
411 1847 505 1883 Quasi
530 1855 621 1875 arcus
641 1846 791 1884 refulyeus
819 1847 895 1875 iuter
916 1855 963 1875 ue-

116 1895 200 1924 bulas
227 1895 339 1932 qloriae
370 1898 395 1923 et
425 1894 514 1932 quasi
542 1894 596 1931 flos
627 1903 769 1923 rosarum
801 1895 831 1923 iu
863 1894 963 1922 (liebus

117 1942 228 1976 vernis,
249 1942 292 1970 sie
314 1942 365 1970 iste
386 1941 492 1979 effulsit
517 1942 548 1969 iu
570 1941 672 1978 templo
695 1941 753 1969 Dei.
777 1958 815 1961 —-
838 1941 964 1969 Nebulae

113 1989 226 2026 yloriae
251 1989 309 2017 sive
330 1989 434 2025 patriae
464 1992 528 2017 sunt
557 1988 603 2025 qui
636 1989 739 2016 habent
768 1988 886 2024 primam
909 1992 963 2016 sto-

115 2037 167 2065 lam
191 2040 218 2065 et
239 2039 401 2072 exspectant
422 2036 579 2064 secundam.
602 2036 707 2064 Nebula
727 2036 799 2064 enim
823 2036 905 2064 habet
920 2043 963 2064 re-

115 2087 239 2120 spectum
261 2083 294 2112 ad
316 2083 491 2112 serenitatem
508 2083 723 2119 subsequentem
745 2086 772 2111 et
792 2083 824 2111 ad
841 2082 962 2119 pluviam

115 2131 339 2167 praecedentem3
362 2130 401 2159 sic
423 2130 512 2158 Sancti
535 2130 568 2158 ad
591 2138 700 2158 carnem
724 2133 837 2166 propter
858 2129 963 2166 appeti—

115 2181 175 2206 tum
190 2185 338 2214 corporum
358 2185 482 2206 suorum.
500 2178 599 2205 Areus
613 2176 777 2214 refulyeus,
800 2177 847 2205 Dei
864 2176 963 2210 Filius,

115 2225 220 2254 hahens
241 2224 388 2258 chordam,
411 2224 514 2253 scilicet
536 2224 728 2253 rectitudinem
746 2224 900 2252 Divinitatis
922 2224 963 2252 in—

115 2272 261 2305 flexibilis,
283 2275 310 2300 et
333 2272 436 2308 lignum
459 2272 634 2300 incurvatum
657 2271 813 2299 humilitate
835 2270 962 2299 humani-

116 2318 186 2346 tatis.
201 2318 267 2346 Flos
288 2326 430 2346 rosarum
452 2318 482 2346 iu
498 2318 599 2346 cttelms
620 2318 734 2351 vernis,
758 2326 822 2346 caro
837 2318 883 2346 illa
904 2326 963 2346 sau-

115 2366 197 2402 guine
219 2366 360 2394 rubricata
382 2369 505 2402 tempore
527 2366 614 2399 veris,
636 2373 707 2402 quae
728 2365 809 2393 modo
838 2364 963 2402 refulget

117 2413 146 2440 iu
168 2412 269 2449 templo
293 2413 359 2446 Dei,
384 2413 502 2441 Ecclesia
516 2413 619 2441 scilicet
641 2413 833 2449 triumphanti.
852 2413 962 2441 Civitas

115 2460 186 2488 enlm
209 2460 255 2488 illa
275 2468 333 2488 uon
355 2463 413 2497 eyet
434 2460 490 2488 sole
511 2468 600 2497 neque
626 2460 712 2492 tuna,
735 2463 766 2487 ut
789 2459 902 2487 luceant
931 2460 962 2487 iu

116 2515 167 2539 ea,·
183 2515 253 2535 mim
276 2506 400 2534 claritas
423 2507 475 2534 Dei
496 2506 676 2534 illuminavit
697 2514 778 2540 eam,
800 2510 825 2534 et
841 2506 961 2534 lacerna

180 2660 186 2672 ¹
206 2661 270 2683 Vers.
289 2662 326 2682 ⁴22.

179 2699 187 2712 ²
205 2700 265 2722 Libr.
285 2701 308 2722 ll.
325 2701 353 2723 de
378 2701 472 2727 Plantis,
495 2707 515 2723 c.
538 2702 557 2723 2.
582 2701 646 2729 (edit.
668 2701 846 2729 Firmin-Didou
864 2708 884 2724 c.
907 2702 962 2731 lsi.):

116 2739 167 2761 Flos
185 2746 196 2761 e
214 2739 290 2761 subtili
308 2740 402 2762 materia
421 2743 508 2762 tantum
528 2744 572 2766 est,
584 2747 636 2762 cum
650 2741 766 2763 concoctio
780 2741 865 2769 incipit,
877 2745 898 2764 et
911 2741 963 2764 ideo

118 2779 216 2800 fructum
235 2778 255 2800 in
274 2779 355 2806 plantis
373 2780 497 2807 praecedit.

180 2816 188 2829 ³
208 2818 238 2839 De
256 2818 402 2846 qualitatibus
420 2819 503 2840 florum
522 2820 561 2840 cir.
580 2819 676 2846 Plinius,
695 2819 754 2841 XVI.
772 2820 821 2841 Nat.
839 2819 922 2842 Hister.

179 2855 188 2868 ³
206 2856 270 2878 Vers.
290 2857 311 2879 ᾗ.
327 2857 350 2878 7.

180 2895 189 2907 ⁵
208 2896 271 2917 Vers.
289 2896 330 2923 ‘23;
348 2900 476 2925 sequuntur
493 2897 541 2919 lsai.
560 2897 597 2924 60,
616 2898 636 2919 3.
654 2900 676 2919 et
694 2897 748 2919 Phil.
768 2898 789 2925 3,
807 2899 844 2920 21.

178 2932 187 2945 ⁵
206 2934 335 2962 Respicitur
352 2936 402 2957 lsai.
420 2936 456 2962 30,
470 2937 513 2958 ⁴26:
530 2937 577 2958 Lux
594 2936 648 2958 solis
660 2936 703 2958 erit
714 2937 893 2965 septempliciter
905 2937 963 2959 sicut

118 2973 152 2995 lux
171 2977 258 3001 septem
278 2974 376 2996 dierum.

1802 187 1857 215 283

1020 254 1083 281 eius
1111 257 1151 282 est
1179 256 1299 291 Ayuus,
1321 256 1495 293 Apocalypsis
1520 258 1650 294 vigesimo
1678 261 1806 296 primo⁵;
1835 265 1862 290 et

1020 298 1099 326 alibi:
1124 300 1159 327 Et
1172 300 1365 329 ambalabunt
1378 306 1474 338 ,centes
1488 303 1518 331 in
1541 304 1648 332 lumine
1669 309 1733 339 tuo,
1753 308 1861 343 quando

1020 344 1195 381 reformabit
1215 355 1322 383 eorpus
1344 347 1519 376 hamilitatis
1540 354 1673 384 nostrae,
1695 353 1862 389 coufiyura-

1021 394 1082 419 tum
1104 393 1222 428 corpori
1241 393 1388 422 claritatis
1402 402 1489 428 suae,
1505 399 1536 423 ut
1551 396 1704 433 fulgeamus
1724 399 1794 427 sicut
1809 400 1861 433 sol,

1021 444 1084 465 cum
1105 439 1330 474 augmentabitur
1351 440 1411 468 eius
1433 441 1525 469 lumen
1547 444 1704 479 septuplum
1720 445 1739 472 θ.

1099 484 1204 512 Floruit
1225 485 1307 513 etiam
1329 494 1393 514 caro
1414 486 1513 515 Christi
1534 488 1604 517 sicut
1625 490 1720 519 tilium
1740 500 1790 528 per
1812 501 1862 529 pu-

1021 530 1131 558 ritatem
1152 531 1329 560 subtilitatis
1359 533 1384 561 Si
1413 534 1484 562 enim
1514 535 1547 563 de
1574 536 1679 565 Sanctis
1706 538 1807 567 dicitur
1836 540 1861 568 in

1020 577 1187 613 apocryphis
1208 577 1346 606 Esdrae⁷:
1370 579 1471 608 Sancti
1491 581 1549 614 tui,
1567 582 1700 617 Domine,
1721 584 1863 620 florebunt

1020 623 1096 650 sicat
1118 623 1210 651 lilium
1233 628 1257 652 et
1280 625 1356 652 sieut
1383 626 1455 654 octor
1483 627 1609 656 balsami
1628 635 1715 658 erunt
1734 636 1800 660 ante
1821 636 1861 666 te,

1021 672 1134 706 propter
1156 670 1351 705 subtilitatem,
1373 680 1456 708 quam
1479 674 1619 703 habebunt
1641 684 1756 713 corpora
1781 679 1863 715 glori-

1020 716 1116 750 ficata,
1138 717 1248 753 quando
1269 718 1381 747 tolletur
1396 720 1484 748 omnis
1498 723 1683 757 corpulentia,
1706 730 1863 755 remanente

1021 767 1112 792 tamen
1135 765 1326 800 corporeitatis
1348 766 1462 795 veritate
1477 771 1504 795 et
1525 772 1640 802 natura;
1658 771 1744 799 multo
1765 773 1863 801 fortius

1021 810 1073 838 hoc
1097 810 1167 838 valet
1188 810 1221 839 de
1243 811 1340 839 Sancto
1362 813 1537 847 Sanctorum,
1559 816 1605 851 qui
1625 819 1737 853 propter
1759 819 1863 854 purita-

1022 860 1076 885 tem
1099 857 1258 886 subtilitatis
1279 866 1345 887 suae
1368 859 1394 887 in
1418 860 1586 889 humanitate
1607 870 1657 890 sua
1684 864 1764 892 modo
1785 865 1864 894 floret

1021 907 1053 933 ut
1074 905 1172 933 lilium.
1195 905 1269 934 Unde
1291 906 1314 934 ei
1344 907 1475 943 competit
1504 916 1552 943 per
1577 910 1767 938 excellentiam
1797 912 1863 940 illud

1021 952 1095 988 quod
1117 955 1245 980 cantatur
1268 953 1294 980 in
1318 953 1450 981 Ecclesia:
1474 955 1573 982 Iustus
1592 957 1769 992 yet-minabit
1789 958 1864 986 sieut

1022 998 1116 1027 lilium
1138 1003 1163 1027 et
1176 999 1289 1035 florebit
1305 1000 1335 1027 tn
1350 1004 1499 1028 aeteruum
1522 1006 1588 1030 aute
1605 1003 1759 1032 Dominum
1774 1004 1793 1032 8.
1811 1005 1863 1033 lam

1021 1046 1093 1074 enim
1123 1046 1157 1074 ad
1185 1047 1239 1075 alta
1268 1047 1441 1080 conscendit,
1464 1052 1495 1076 ut
1515 1053 1658 1084 pascatur
1685 1050 1758 1078 inter
1786 1051 1864 1085 lilia,

1021 1094 1109 1122 donee
1130 1094 1240 1130 aspiret
1255 1094 1329 1127 dies,
1345 1098 1369 1122 et
1385 1095 1560 1123 inclinentur
1582 1097 1720 1131 umbrae,
1743 1098 1865 1127 Cantico-

1021 1149 1085 1169 rum
1107 1141 1236 1169 secundo.
1259 1142 1336 1169 Tunc
1351 1141 1423 1170 enim
1446 1150 1529 1170 verus
1544 1143 1604 1171 (ties
1625 1145 1783 1180 aspirabit,
1800 1149 1865 1174 tunc

1020 1187 1244 1216 inclinabuntur
1265 1188 1400 1222 ammae,
1424 1193 1450 1217 et
1471 1190 1561 1218 omnis
1584 1191 1720 1219 hebetudo
1741 1193 1864 1220 cessabit.

1021 1251 1057 1254 -—
1072 1234 1195 1263 Foeditas
1216 1234 1288 1262 enim
1311 1236 1548 1271 concupiscentiae
1564 1237 1644 1265 modo
1659 1237 1722 1265 facit
1736 1239 1863 1267 umbram

1020 1281 1047 1309 in
1063 1289 1159 1315 carne,
1180 1281 1328 1310 difficultas
1343 1282 1502 1318 scripturae
1518 1283 1645 1312 umbram
1661 1284 1687 1312 in
1709 1285 1864 1320 intellectu,

1020 1329 1189 1364 perversitas
1210 1329 1360 1357 voluntatis
1375 1329 1502 1358 umbram
1520 1330 1545 1358 in
1561 1331 1669 1359 affectu.
1686 1332 1735 1360 Sed
1750 1332 1866 1368 florente

1020 1383 1103 1404 carne
1118 1379 1213 1404 nostra
1227 1376 1303 1403 sieut
1326 1375 1436 1409 tilium,
1459 1377 1535 1405 nulla
1549 1378 1600 1405 erit
1623 1378 1737 1412 umbra,
1759 1379 1824 1415 quia
1839 1380 1864 1407 in

1020 1430 1103 1451 carne
1124 1425 1219 1451 nostra
1233 1423 1310 1451 nulla
1330 1423 1384 1451 erit
1405 1423 1524 1452 libidinis
1539 1425 1768 1461 concupiscentia,
1784 1426 1810 1454 in
1826 1426 1866 1454 in-

1021 1469 1132 1498 tellectu
1153 1470 1229 1498 nulla
1244 1470 1366 1503 fallacia,
1389 1470 1414 1498 in
1431 1470 1529 1499 aflectu
1547 1472 1622 1499 nulla
1637 1472 1747 1500 malitia.
1767 1473 1789 1500 Ο
1804 1474 1866 1509 quis

1021 1525 1073 1544 non
1096 1516 1233 1545 desiderat
1255 1517 1332 1545 illum
1362 1517 1434 1545 diem
1457 1518 1500 1546 vel
1526 1518 1635 1550 locum,
1664 1520 1710 1548 ubi
1729 1521 1866 1556 pascitur

1020 1563 1137 1592 dilectus
1152 1564 1226 1592 iuter
1243 1563 1322 1597 lilia,
1344 1564 1396 1593 ubi
1410 1565 1497 1593 cubat
1519 1566 1549 1593 iu
1564 1566 1699 1594 meridie!
1722 1567 1791 1595 Bene
1809 1575 1866 1595 me—

1021 1611 1112 1644 ridie,
1135 1611 1181 1639 ubi
1206 1619 1277 1648 pura
1298 1611 1367 1640 lucis
1382 1612 1516 1648 cognitio,
1532 1613 1611 1649 plena
1626 1613 1734 1642 fervens
1748 1614 1864 1642 dilectio.

1100 1658 1203 1686 Floruit
1224 1658 1305 1686 etiam
1329 1661 1360 1687 ut
1388 1659 1566 1696 amyytlatus
1594 1668 1642 1696 per
1670 1661 1759 1689 dotem
1782 1661 1866 1698 ayili-

1021 1705 1097 1733 tatis.
1114 1705 1278 1742 Amygdalus
1300 1706 1390 1739 enim,
1413 1710 1443 1734 ut
1463 1706 1575 1734 tradunt
1594 1707 1747 1744 philosophi
1764 1708 1783 1741 9,
1803 1716 1865 1744 pro-

1020 1755 1082 1788 pter
1104 1752 1223 1781 multum
1245 1753 1304 1781 eius
1330 1753 1431 1781 subtile
1453 1754 1598 1782 humidum
1616 1757 1642 1783 et
1657 1755 1774 1783 calorem
1796 1759 1865 1783 tem-

1020 1802 1147 1835 peratum
1178 1803 1242 1827 ante
1268 1808 1364 1828 omnes
1392 1801 1506 1829 arbores
1535 1801 1651 1829 vestitur
1679 1802 1809 1835 ssoribus3
1838 1805 1864 1830 et

1020 1846 1085 1882 quia
1107 1846 1196 1882 primo
1210 1846 1292 1875 floret
1313 1847 1384 1875 inter
1399 1847 1514 1876 arbores
1536 1848 1706 1882 fructiferas,
1728 1848 1788 1876 ideo
1809 1848 1865 1885 agi-

1021 1893 1104 1921 litatis
1132 1893 1232 1922 Christi
1263 1894 1289 1922 in
1320 1895 1524 1923 resurrectione
1552 1898 1593 1923 est
1624 1895 1769 1929 indicium3
1803 1895 1865 1923 licet

1021 1948 1082 1968 cum
1105 1948 1138 1968 ea
1158 1941 1275 1969 florente
1303 1941 1421 1970 floreant
1442 1942 1575 1978 quaedam
1606 1943 1708 1971 herbae
1730 1944 1864 1976 minores

1020 1987 1086 2023 quia
1109 1986 1243 2015 Christus
1264 1989 1428 2017 resurrexit
1447 1989 1598 2026 primitiae
1613 1990 1819 2018 dormientium
1833 1991 1864 2023 ¹⁰,

1020 2037 1047 2062 et
1068 2042 1132 2062 cum
1154 2043 1185 2063 eo
1207 2036 1352 2073 quaedam
1374 2044 1501 2073 corpora
1531 2036 1703 2065 &tinctorum
1731 2046 1865 2065 surrexe-

1020 2085 1108 2115 runt,
1130 2082 1201 2110 sicut
1216 2083 1387 2111 minutarum
1405 2083 1555 2111 herbarum
1572 2084 1662 2112 flores.
1683 2085 1771 2112 Ficus
1792 2085 1863 2112 enim

1018 2129 1142 2165 protulit
1161 2138 1281 2166 qrossos
1301 2139 1385 2163 sitos,
1408 2134 1434 2158 et
1455 2131 1555 2158 vineae
1574 2131 1706 2167 florentes
1727 2132 1866 2159 dederunt

1020 2176 1135 2204 ociorem
1158 2184 1255 2204 suum.
1290 2177 1394 2205 Grossi
1414 2178 1494 2214 primi
1519 2178 1587 2206 licus
1609 2181 1673 2206 sunt
1694 2182 1720 2206 et
1746 2178 1865 2206 rariores

1020 2226 1047 2251 et
1068 2223 1239 2258 decidentes,
1262 2232 1332 2261 quos
1353 2224 1466 2253 uberior
1496 2225 1622 2261 sequitur
1650 2225 1772 2254 fructus.
1801 2225 1865 2261 quia

1020 2278 1108 2307 pauca
1129 2278 1246 2307 corpora
1268 2272 1431 2300 Sanctorum
1455 2275 1658 2304 surrexerunt,
1684 2275 1710 2300 et
1738 2272 1864 2308 sequitur

1020 2318 1133 2346 uberior
1149 2319 1355 2355 resurgentium
1372 2327 1514 2347 numerus.
1538 2319 1640 2347 Vineae
1653 2318 1784 2354 florentes
1799 2319 1864 2346 otlo-

1021 2374 1079 2393 rem
1102 2365 1259 2399 dederuut,
1282 2366 1392 2402 quando
1408 2366 1501 2394 multis
1517 2366 1546 2393 in
1560 2369 1663 2393 sancta
1685 2366 1799 2393 ciuitate
1813 2374 1865 2401 ap>

1017 2416 1193 2449 paruerunt.
1217 2413 1255 2441 De
1274 2413 1325 2441 hac
1347 2413 1490 2449 amygdalo
1512 2414 1550 2441 sic
1564 2413 1680 2441 florente
1701 2413 1801 2440 dicitur
1817 2413 1865 2440 Ec-

1019 2459 1160 2488 clesiastae
1182 2460 1279 2488 ultimo
1292 2461 1329 2487 11;
1347 2460 1471 2488 Florebit
1486 2460 1679 2497 ainygytlatus,
1702 2459 1866 2496 impiugyua-

1020 2506 1099 2534 bitur
1125 2506 1253 2540 locusta,
1276 2512 1301 2535 et
1322 2507 1516 2544 dissipabitur
1544 2506 1700 2543 capparis,
1726 2507 1864 2544 quouituu

1074 2661 1092 2674 '⁷
1110 2662 1154 2685 Csr.
1174 2662 1275 2684 Breviar.
1290 2663 1363 2689 Rom,
1376 2662 1466 2683 Comm.
1486 2662 1565 2689 Apost.
1584 2665 1653 2689 temp,
1672 2662 1759 2687 Pascn„
1777 2661 1863 2688 antiph.

1025 2703 1042 2724 l.
1061 2703 1088 2724 nd
1103 2702 1173 2724 Laud.

1083 2740 1092 2753 Β
1110 2741 1239 2768 Respicitnr
1257 2741 1314 2763 Osee
1337 2741 1375 2767 tt,
1394 2741 1415 2762 6.
1433 2743 1454 2761 et
1479 2741 1511 2761 Ps.
1536 2740 1578 2766 91,
1606 2740 1637 2761 13,
1660 2745 1722 2768 set1.;
1739 2744 1866 2767 sequuntur

1020 2780 1083 2803 Cant.
1102 2782 1127 2807 ⁵2,
1146 2781 1182 2801 16.
1199 2786 1247 2808 seq.
1266 2782 1287 2801 et
1305 2786 1322 2801 c.
1343 2779 1363 2806 4,
1382 2780 1403 2801 6.

1083 2818 1092 2830 ‘³
1110 2819 1206 2845 Plinius,
1224 2819 1283 2840 XVI.
1302 2819 1349 2840 Nat.
1368 2818 1452 2840 Hister.
1464 2824 1482 2839 c.
1497 2818 1537 2843 42,
1555 2821 1576 2840 ct
1590 2817 1676 2844 isidor„
1689 2818 1756 2839 XVll.
1770 2818 1864 2845 litymol.

1020 2865 1039 2881 c.
1057 2858 1077 2879 7.
1097 2864 1117 2879 n.
1136 2858 1172 2879 23.

1084 2896 1103 2908 ¹⁰
1113 2897 1182 2923 Epist.
1194 2897 1206 2917 l.
1217 2895 1268 2917 Cor.
1280 2896 1316 2922 15,
1326 2896 1355 2917 20
1365 2903 1369 2923 ;
1379 2898 1508 2923 sequuntur
1519 2895 1683 2922 nlattti.27,52.
1697 2894 1817 2921 etCa1il.‘2,
1832 2895 1864 2916 13.

1083 2935 1100 2948 ¹¹
1119 2935 1174 2963 Cup.
1202 2936 1240 2961 12,
1262 2935 1283 2956 5.
1306 2947 1336 2950 —
1358 2934 1404 2956 Alia
1428 2934 1547 2961 explicatio
1571 2933 1638 2956 liuius
1661 2934 1702 2956 loci
1725 2933 1822 2956 liabetur
1843 2934 1863 2955 in

1020 2974 1147 2997 Cormncnt.
1166 2975 1186 2996 iu
1206 2974 1354 2996 Ecclesiasten
1373 2973 1458 3001 (tomus
1476 2973 1531 3001 Vl.).

1878 501 1969 524 Secunda,
1983 502 2003 520 li-

1925 524 1956 543 lio.

1884 1244 1987 1263 Notandum
1992 1259 1996 1263 .

1906 1667 1975 1689 Tertia,

1888 1690 1991 1714 amygdalo.
