2243 3348
260 390 330 412 Primo.
344 390 367 409 de

257 419 268 432 a
282 419 302 433 [Ὃ
315 419 368 432 mun·

258 437 314 456 dialis
330 442 368 456 ma-

258 461 332 480 chinae.

240 1653 332 1674 Secundo.
345 1653 368 1671 de

238 1682 283 1700 agro
298 1678 368 1695 menta-

239 1693 485 1722 lisconscieu-dicitur
508 1692 720 1721 Proverbtorum
750 1692 881 1728 vigesimo
910 1694 1009 1727 quarto
1025 1692 1050 1719 2':

240 1724 284 1742 tiae.

257 2683 326 2704 Tertio.
341 2683 364 2700 de

253 2712 298 2729 agro
310 2707 369 2725 caele-

249 2731 283 2748 stis
294 2730 372 2753 patriae.

387 259 398 287 ¹1
405 259 442 287 94

464 336 554 365 Primo
574 344 639 373 ager
654 336 816 364 nimi-dialis
831 334 986 363 machinae
1000 338 1041 363 est
1056 339 1232 363 contemmen-

389 384 444 411 dus
465 387 578 420 propter
609 383 779 411 occasionem
802 382 906 410 erroris
928 385 955 410 et
975 381 1063 415 devii;
1090 381 1163 410 unde
1190 380 1230 409 di-

385 430 457 459 citur
480 430 524 458 lob
545 429 794 466 quadragesimol:
817 428 910 461 Huic,
932 428 1036 456 scilicet
1065 427 1230 461 Behemoth,

384 481 492 506 montes
506 476 611 505 herbas
621 476 739 513 sertatim
754 483 851 503 onmes
867 474 970 503 bestiae
985 474 1054 511 agyri
1068 474 1167 502 ludent
1182 473 1229 502 ibi.

384 539 421 544 ——
433 523 502 559 Quia
517 526 674 559 peccatores
688 525 801 558 propter
817 520 927 549 nimiam
943 520 1153 557 appositionem
1168 527 1231 548 cor—

383 571 430 598 (lis
450 569 482 598 ad
505 569 581 597 illum
603 576 701 605 agrum
724 567 891 596 mundialem
917 570 1098 595 contemnunt
1126 567 1230 601 Deum;

383 616 444 645 ideo
465 624 501 644 ex
522 615 653 644 cordibus
674 622 770 642 eorum
792 614 946 650 gignuntur
977 614 1103 650 spinosae
1125 612 1229 641 herbae

384 663 532 695 vitiorum,
557 661 660 698 quihus
681 660 804 697 pascitur
825 663 853 689 et
880 660 1033 689 delectatur
1062 660 1229 694 Behemoth,

383 709 486 738 scilicet
506 708 639 736 diabolus.
664 707 768 735 Omnes
790 707 894 735 bestiae
915 707 994 745 (tyri,
1017 707 1043 735 id
1059 710 1100 736 est
1121 707 1230 735 daemo—

383 763 432 784 nes
454 755 590 783 latitantes
611 754 638 782 in
660 754 712 783 hoc
734 754 853 788 mundo,
876 753 982 783 Zmin-nt
1002 754 1044 782 z‘tn·
1064 758 1090 782 et
1112 754 1227 791 applau-

383 803 461 836 dunt,
482 804 588 830 mentes
610 801 746 830 humanas
766 801 800 829 ad
823 801 869 830 Dei
891 801 1038 838 imaginem
1053 801 1137 829 factas
1151 801 1231 830 devio

383 849 487 878 erroris
508 849 541 877 ad
564 852 689 877 terrenas
709 848 866 877 affectiones
887 848 1082 885 pertrahendo,
1098 848 1175 877 vanis
1189 856 1231 877 co-

383 896 561 934 gitationibus
582 904 678 925 errore
700 896 841 932 praecipiti
863 896 898 924 ab
925 904 1019 924 amore
1048 895 1230 932 poenitentiae

384 943 551 972 retrahendo
563 943 632 971 etad
645 942 817 971 dulcedinem
831 942 962 971 mundani
974 942 1064 979 gaudii
1078 943 1228 971 alliciendo.

384 990 459 1019 Unde
480 989 514 1018 de
530 990 624 1026 loseph
640 989 741 1017 dicitur
756 989 868 1017 Genesis
883 989 1023 1026 trigesimo
1038 989 1169 1026 septimo:
1186 989 1230 1017 ln-

384 1037 460 1065 veuit
471 1045 537 1064 enm
551 1037 599 1064 vir
610 1040 755 1064 errantem
773 1036 803 1064 in
819 1044 900 1073 [tyro.
914 1053 951 1057 -—
963 1035 1063 1073 Ioseph
1078 1045 1184 1064 errans
1200 1037 1228 1064 iu

385 1092 470 1121 (tyro,
492 1083 537 1120 qui
562 1083 761 1119 interpretatur
783 1083 942 1120 appositio,
965 1086 1055 1120 potest
1076 1083 1230 1120 significare

385 1131 411 1159 in
435 1131 486 1159 hoe
508 1131 565 1159 loco
588 1130 727 1158 hominem
749 1133 930 1166 apponentem
953 1138 1000 1158 cor
1022 1138 1103 1158 suum
1129 1130 1162 1158 ad
1184 1130 1230 1158 de-

386 1178 502 1206 ssuentes
523 1177 634 1206 delicias
649 1177 797 1205 mundialis
818 1177 886 1213 agri,
910 1185 1029 1214 quarum
1052 1185 1145 1205 amore
1166 1177 1230 1205 alie-

385 1228 482 1258 natur,
503 1228 535 1253 ut
556 1228 630 1253 erret
651 1232 666 1252 a
688 1224 731 1252 via
753 1224 909 1260 inquirendi
933 1232 1050 1261 regnum
1072 1224 1136 1257 Dei,
1166 1232 1229 1252 cum

386 1272 420 1300 sit
440 1271 602 1308 gratuitum,
625 1271 742 1299 liberum
758 1274 785 1299 et
800 1271 1066 1299 comnmnissimum.
1083 1271 1134 1299 Cor
1154 1271 1229 1299 avari

386 1318 453 1346 adeo
474 1321 558 1351 errat,
581 1321 611 1346 ut
632 1317 706 1354 quod
728 1321 768 1346 est
789 1317 952 1354 gratuitum,
975 1318 1038 1345 velit
1061 1317 1151 1346 facere
1173 1325 1230 1345 ser-

386 1365 448 1398 vile,
470 1368 497 1393 et
518 1364 591 1401 quod
613 1368 654 1393 est
676 1365 805 1395 liberum,
828 1365 931 1397 venale,
954 1367 981 1392 et
1002 1364 1074 1401 quod
1097 1367 1138 1392 est.
1157 1372 1230 1392 com-

386 1412 594 1445 nuluissinuim‚
616 1412 666 1440 sibi
689 1412 877 1447 appropriare.
900 1411 931 1439 Et
954 1411 1058 1439 ratione
1080 1411 1160 1439 istius
1187 1419 1231 1439 er-

386 1459 458 1487 roris
479 1461 506 1487 et
526 1458 596 1487 devii
619 1458 668 1486 iste
690 1466 755 1494 ager
777 1458 923 1486 mundialis
940 1457 1081 1485 n·iacl]inae
1106 1461 1147 1486 est
1169 1466 1231 1486 con-

386 1506 562 1539 lenzncnclzm,
583 1505 644 1533 licet
666 1508 778 1541 propter
793 1504 999 1533 sustentationis
1014 1507 1123 1533 nostrae
1138 1512 1231 1533 neces-

386 1552 492 1580 sitatem
516 1552 551 1580 sit
572 1560 654 1588 parce
676 1552 804 1580 utendus.

465 1599 590 1627 Secundo
611 1606 676 1635 ager
702 1598 835 1626 mentalis
864 1598 1054 1626 conscientiae
1082 1601 1122 1626 est
1150 1606 1231 1625 cxco-

386 1646 486 1674 temtus
516 1649 628 1682 propter
657 1645 860 1681 susceptionem
889 1645 1000 1673 seminis
1028 1645 1129 1677 divini;
1159 1644 1231 1672 unde

1077 1691 1231 1728 Diligyeuter

384 1747 482 1767 exerce
503 1747 612 1775 (tyrann
639 1742 739 1771 tini-ni,
769 1746 802 1766 ne
830 1738 934 1766 scilicet
962 1737 1115 1766 sterilescat
1146 1737 1232 1773 spinis

385 1787 531 1819 vitiorum;
560 1785 634 1814 unde
662 1785 775 1821 Sapiens
800 1785 865 1812 dicit
894 1784 1012 1813 ibidem:
1037 1785 1094 1812 Per
1123 1792 1230 1821 [ιφ-ατη

385 1834 511 1862 leontinis
530 1833 613 1870 βίῳ-ἱ
634 1832 761 1860 transivi
788 1836 812 1860 et
840 1840 893 1868 per
917 1832 1027 1859 zu'nectui
1051 1831 1111 1859 ruiri
1140 1831 1230 1859 stulti.

386 1882 421 1909 Et
442 1889 517 1913 ecce,
541 1884 631 1908 totuin
653 1879 831 1915 repleverunt
854 1878 983 1911 urticae,
1006 1881 1029 1905 et
1055 1881 1232 1914 operuerunt·

385 1927 568 1964 superficiem
596 1927 658 1954 cius
685 1926 797 1963 spinae,
820 1929 844 1953 et
873 1925 1004 1953 mecei-ia
1030 1925 1162 1961 lapidum
1185 1925 1231 1952 ‹lc-

385 1978 499 2003 strnctrt
520 1978 592 2002 crat.
617 1974 700 2009 Quod
721 1981 788 2001 cnon
811 1973 963 2005 tullissent,
983 1972 1071 2008 posui
1091 1972 1122 1999 in
1147 1972 1231 2000 corde

386 2030 446 2050 ineo
468 2026 492 2049 et
514 2020 640 2057 exemplo
662 2020 753 2048 (Iitlz'ci
774 2019 970 2056 disciplinam.
997 2035 1033 2039 —-
1057 2019 1105 2047 l'er
1121 2027 1230 2055 apruni

386 2077 488 2105 corpus
509 2071 535 2096 et
558 2076 606 2104 per
627 2067 741 2095 vincum
765 2067 857 2094 anima
877 2066 1066 2103 designantur,
1083 2073 1162 2102 qnae,
1179 2066 1229 2094 nisi

386 2115 550 2143 excolantur
573 2122 621 2150 per
642 2117 762 2142 sanctam
779 2113 949 2149 disciplinam
965 2117 992 2141 et
1007 2113 1109 2141 bonum
1124 2113 1231 2140 exerci-

387 2162 465 2195 tium,
488 2161 645 2197 implentur
665 2160 758 2197 spinis
781 2161 910 2188 vitiorum
933 2163 959 2188 et
981 2159 1085 2187 urticis
1103 2159 1231 2195 prurien-

386 2208 455 2236 tium
472 2208 680 2236 desideriorum.
697 2207 747 2235 Sed
763 2207 894 2234 mecerin
910 2206 1042 2243 lapidum
1057 2206 1231 2240 destruitur,

387 2255 496 2292 quando
518 2255 689 2283 munimenta
710 2254 845 2281 virtutum
868 2253 1045 2285 deseruntur,
1068 2253 1145 2290 qnod
1165 2261 1232 2281 cuin

388 2302 490 2330 uiderit
522 2301 645 2337 sapiens,
677 2301 804 2337 cremplo
832 2300 951 2333 (inlicit,
974 2304 1004 2328 ut
1032 2303 1170 2336 expurget
1198 2299 1232 2328 ab

386 2357 452 2386 agro
474 2348 600 2377 mentalis
621 2347 802 2376 conscientiae
821 2350 848 2375 et
864 2347 947 2375 totius
962 2347 1086 2383 corporis
1102 2346 1230 2374 vitiorum

385 2396 488 2432 spz'mis
510 2403 558 2431 per
580 2395 745 2423 exercitium
768 2394 870 2422 bouum
893 2394 950 2422 sive
972 2394 1111 2422 virtuosae
1135 2401 1231 2430 opera-

387 2443 476 2473 tionis,
499 2447 525 2471 et.
546 2442 659 2470 urticas
681 2441 866 2477 prurientium
895 2440 1096 2469 desideriorum
1122 2447 1171 2476 per
1192 2440 1233 2468 di-

387 2489 529 2525 sciplinam
551 2488 696 2517 continuae
718 2487 910 2516 macerationis
925 2488 951 2520 ὃς
977 2490 1003 2515 et
1029 2487 1176 2522 impleatur
1201 2486 1232 2514 it-

388 2535 434 2563 lnd
450 2535 598 2563 Zachariae
613 2534 736 2562 decimo:
753 2533 839 2561 Dabit
857 2533 998 2561 Dominus
1012 2532 1139 2570 siugulis
1154 2532 1232 2561 annis

388 2581 506 2609 herbum
528 2582 559 2609 in
581 2590 663 2618 apro.

466 2629 557 2657 Tertio
585 2636 650 2664 ager
671 2627 800 2655 caelestis
819 2626 938 2664 pati-tae
958 2630 1000 2655 est
1020 2626 1233 2654 desiderandus

389 2679 501 2712 propter
513 2675 624 2703 odorem
641 2674 698 2702 sive
713 2673 927 2710 pulcritudinem
944 2673 1030 2701 Floris
1044 2672 1143 2706 divini3
1160 2672 1233 2701 uude

387 2722 488 2750 dicitur
510 2722 536 2749 iu
560 2721 664 2749 Psalmo
679 2721 706 2748 4:
731 2720 857 2757 Coqnomt
876 2720 976 2748 omnia
997 2719 1129 2747 volatitia
1150 2719 1232 2752 ccccli,

388 2772 413 2796 et
442 2767 611 2804 pulcritudo
634 2767 704 2803 <tyri
724 2775 836 2794 mecum
857 2770 904 2794 est.
936 2782 971 2785 —
995 2766 1045 2794 lsta
1068 2765 1139 2793 enim
1167 2765 1232 2802 pnl-

451 2928 457 2940 ¹
478 2929 542 2950 Yers.
565 2929 602 2956 15;
620 2928 723 2956 sequitur
741 2928 798 2949 Gen.
816 2928 852 2955 27,
875 2928 907 2950 15.

450 2967 458 2979 ἓ
478 2968 542 2989 N'ers.
561 2968 598 2989 27.
616 2971 637 2989 et
654 2967 706 2989 dein
725 2973 745 2989 v.
765 2967 842 2988 30-32.

451 3005 459 3018 ³
477 3008 506 3029 lta
525 3007 551 3033 F,
565 3007 615 3028 Vnt.
634 3006 702 3028 habet
720 3005 896 3033 commotionis,
914 3005 929 3028 C
947 3005 1097 3033 imitationis,
1119 3006 1134 3027 E
1152 3011 1232 3028 corrro-

388 3045 493 3068 catioui's.
511 3058 541 3062 —
559 3046 666 3073 Sequitur
683 3046 749 3067 Zach⁴
773 3046 805 3071 lo,
828 3046 845 3066 l.

1051 257 1223 286 SERMONES
1244 257 1287 285 DE
1308 257 1472 286 TEMPORE.

1288 334 1404 363 erituclo
1425 334 1549 363 caelestis
1564 335 1678 371 patriae,
1700 344 1771 372 quae
1792 339 1833 365 est
1854 336 1881 364 in
1907 337 1962 365 Deo
1984 338 2071 372 Patre,
2093 338 2133 367 ni-

1288 381 1327 409 hil
1348 381 1422 409 aliud
1444 384 1485 409 est
1506 389 1590 417 quam
1613 381 1783 410 sensibilium
1806 385 1834 411 et
1854 383 2068 418 insensibilium,
2090 393 2133 413 ra-

1287 427 1431 456 tionalium
1454 430 1481 456 et
1501 427 1716 463 irrationalium,
1739 429 1918 458 humanitatis
1946 430 2063 464 Christi,
2085 431 2133 460 Dei

1288 474 1371 502 unius
1393 474 1515 510 trinique
1537 474 1711 510 pulcritudo,
1739 483 1822 512 quam
1854 476 1969 512 exponit
1999 477 2133 513 glorifica-

1288 521 1322 549 tis
1354 520 1498 557 spiritibus
1529 521 1782 557 contemplandam,
1813 522 1860 559 qui
1893 523 2002 552 nomine
2033 523 2133 553 volati-

1287 566 1359 595 lium
1382 566 1455 595 caeti
1474 566 1670 603 designantur,
1692 575 1724 596 eo
1746 568 1819 604 quod
1841 569 1939 605 pennis
1966 570 2133 607 contempla-

1288 612 1370 641 tionis
1390 613 1535 641 elevantur
1556 621 1646 650 usque
1667 614 1700 642 ad
1721 614 1876 643 contuitum
1900 615 1966 644 caeli
1982 615 2132 645 Trinitatis.
2232 624 2237 640 t

1288 660 1328 688 Ex
1350 660 1401 688 ista
1422 663 1515 688 auten]
1537 660 1596 697 agri
1618 660 1805 696 pulcritudine
1826 664 1919 690 tantus
1940 662 2008 690 odor
2029 663 2133 700 fragrat
2152 671 2229 694 uorandi

1288 710 1435 742 penetrans
1456 714 1546 743 usque
1567 706 1601 735 ad
1621 707 1754 735 interiora
1776 707 1977 743 medullarum,
1993 711 2024 737 ut
2048 712 2133 738 totam

1287 753 1432 781 caelestem
1455 753 1561 781 citriam
1576 753 1701 782 inebriet.
1718 754 1795 782 llunc
1809 754 1921 783 odorem
1937 755 2059 784 sentiens
2072 763 2133 785 san-

1287 803 1349 828 ctus
1371 800 1443 829 Isaac
1465 801 1493 829 in
1515 800 1605 834 laceb,
1631 800 1730 837 spiritu
1756 801 1917 838 prophetico
1938 802 2024 830 dixit:
2048 803 2132 838 Ecce,

1288 847 1359 875 odor
1379 846 1436 883 lilii
1454 847 1512 875 ‘mei
1531 847 1608 875 sicut
1630 847 1702 875 odor
1723 847 1794 884 (tyri
1808 847 1900 883 pleni,
1923 848 1973 876 cni
1993 848 2134 878 benedixit

1290 894 1440 922 Dominus.
1463 894 1534 922 Vere
1562 894 1689 922 Christus
1714 894 1767 922 suit
1794 902 1866 931 aper
1891 894 1996 931 plenus
2017 895 2133 925 floribus

1288 940 1437 975 virtutum,
1459 941 1563 969 scilicet
1584 940 1654 969 rosis
1674 940 1810 969 donorum
1840 944 1867 969 et
1890 941 1952 970 liliis
1983 942 2133 972 charisma-

1288 989 1345 1015 tum
1362 987 1480 1024 Spiritus
1495 987 1591 1021 sancti,
1607 987 1745 1016 fructibus
1760 987 1887 1016 suavium
1903 988 2132 1024 consolationum

1287 1033 1367 1061 cuius
1388 1033 1500 1062 odorem
1523 1034 1643 1062 sentiens
1667 1033 1828 1070 aliqualiter
1855 1034 1946 1063 anima
1967 1035 2134 1072 contempla-

1288 1080 1343 1108 tiva
1363 1080 1444 1109 dicit:
1473 1081 1549 1114 Veni,
1572 1081 1669 1109 dilecte
1683 1081 1734 1114 vni,
1757 1081 1946 1118 eyredfflmnr
1963 1081 1993 1110 in
2015 1090 2132 1118 aprum.
2239 1098 2241 1116 μ

1367 1128 1405 1156 lll.
1428 1128 1520 1156 'l'ertio
1542 1128 1711 1164 exprimitur
1733 1128 1835 1156 creatio
1858 1128 1977 1157 hominis
1998 1131 2132 1165 quantum
2149 1119 2241 1171 Paratus}

1286 1173 1320 1202 ad
1342 1177 1438 1202 actutu
1462 1174 1665 1203 internzeditmi
1696 1174 1722 1202 in
1749 1174 1812 1202 boni
1841 1174 1953 1203 seminis
1974 1175 2132 1209 iactatione,

1287 1228 1350 1248 cum
1372 1220 1452 1249 dicit:
1474 1221 1628 1249 seiizinctoit
1651 1220 1757 1249 bonum
1777 1229 1880 1249 semen.
1898 1221 2078 1258 Appropriate
2098 1221 2134 1250 lo-

1287 1268 1406 1304 quendo,
1429 1268 1518 1304 primo
1538 1268 1665 1304 potentia
1680 1276 1777 1296 creans
1793 1268 1818 1296 in
1834 1276 1901 1305 agro
1917 1268 2065 1297 mundialis
2081 1276 2134 1297 ma-
2149 1277 2243 1304 Sumtus(

1287 1314 1384 1342 chinae
1406 1314 1551 1343 seminavit
1576 1314 1734 1351 spirituales
1762 1322 1793 1343 ac
1815 1315 1973 1351 corporales
2000 1314 2134 1344 substan-

1289 1361 1346 1389 tias
1367 1361 1456 1389 dando
1488 1361 1660 1389 substratum
1689 1369 1748 1389 esse
1778 1365 1909 1395 naturae;
1937 1361 2058 1390 secundo
2084 1370 2132 1390 sa-

1286 1408 1398 1444 pientia
1419 1408 1578 1444 gubernans
1600 1408 1626 1436 in
1649 1416 1715 1444 agro
1738 1409 1863 1437 mentalis
1885 1408 2067 1437 conscientiae
2090 1416 2132 1437 se-

1288 1455 1402 1483 minavit
1424 1455 1555 1483 caelestes
1583 1454 1752 1491 influentias
1777 1455 1866 1483 dando
1895 1455 2047 1491 perfectum
2075 1463 2134 1484 esse

1288 1502 1407 1538 gratiae3
1433 1502 1512 1530 tertio
1534 1501 1647 1530 bonnus
1669 1510 1864 1531 consummans
1879 1502 1905 1530 in
1926 1510 1993 1539 agro
2011 1502 2134 1531 caelestis

1288 1548 1393 1584 patriae
1409 1548 1553 1576 seminavit
1569 1548 1751 1584 sempiternas
1762 1547 1954 1585 refulyente'cts
1964 1548 2053 1577 (lando
2065 1556 2134 1577 com-

1289 1595 1393 1631 pletum
1416 1603 1475 1623 esso
1496 1595 1607 1632 gloriae.

1369 1641 1459 1669 l'rimo
1481 1649 1546 1678 ergo
1567 1642 1695 1678 potentia
1717 1650 1814 1670 ereans
1841 1642 1868 1670 iu
1896 1650 1963 1679 agro
1988 1641 2134 1670 mundialis
2169 1651 2235 1679 pum„

1289 1688 1433 1717 machinae
1465 1688 1610 1717 seminavit
1638 1688 1796 1725 spirituales
1823 1697 1854 1717 ac
1882 1689 2040 1725 corporales
2067 1688 2133 1717 sub·
2145 1677 2234 1726 ffiffii'p‘isss

1288 1734 1431 1768 stantius,
1453 1734 1542 1763 dando
1569 1735 1741 1763 substratum
1765 1742 1825 1763 esse
1846 1737 1977 1769 naturae;
1999 1734 2073 1763 unde
2093 1734 2132 1763 di-
2145 1724 2222 1742 mmm*

1289 1782 1362 1810 citur
1385 1781 1514 1810 leremiae
1535 1782 1656 1810 seeundo
1671 1782 1698 1809 ⁵:
1726 1783 1784 1819 Epo
1804 1782 1940 1818 plantavi
1968 1785 1992 1810 tc
2018 1782 2132 1810 vineam

1289 1828 1421 1861 electam„
1451 1837 1532 1857 omne
1560 1837 1655 1857 ‚senten
1682 1837 1785 1857 verum
1813 1832 1864 1857 etc.
1896 1846 1935 1849 -
1969 1829 2056 1857 Vinea
2083 1829 2134 1857 ista

1288 1875 1423 1912 plantula
1444 1884 1459 1903 a
1481 1876 1535 1904 Deo
1557 1876 1744 1912 omnipotente
1766 1879 1807 1904 est
1828 1876 1964 1910 mundus,
1987 1879 2014 1905 et
2040 1884 2133 1905 semen

1288 1923 1349 1951 eius
1372 1930 1472 1950 ommi
1494 1926 1535 1950 est
1558 1923 1652 1956 homo,
1669 1923 1714 1959 qui
1739 1922 1845 1951 ratione
1867 1923 1992 1959 imaginis
2013 1926 2039 1952 et
2060 1923 2132 1951 simi-

1289 1969 1412 1997 litudinis
1434 1969 1480 1997 Dei
1503 1969 1651 2005 dispositus
1673 1973 1714 1997 est
1742 1969 1775 1997 ad
1803 1969 1914 1997 modum
1941 1969 2052 1998 seminis
2077 1977 2132 1998 me-

1288 2016 1380 2044 diante
1402 2016 1539 2044 stillicidio
1561 2016 1685 2044 caelestis
1708 2016 1866 2045 influentiae
1887 2016 2025 2053 pullulare
2046 2016 2072 2044 in
2094 2016 2133 2045 vi-

1289 2071 1382 2099 gorem
1405 2063 1509 2099 gratiae
1531 2066 1557 2091 et
1588 2071 1714 2091 crescere
1743 2063 1768 2091 in
1797 2070 1914 2091 messem
1942 2063 2054 2100 gloriae.
2083 2062 2132 2092 Sed

1290 2110 1427 2138 ininn'cns
1449 2109 1542 2143 laonio,
1563 2110 1586 2137 iil
1603 2113 1644 2138 est
1659 2110 1793 2143 diabolus,
1809 2109 1957 2147 aliquando
1972 2110 2132 2147 superplan-

1289 2159 1328 2185 tat
1342 2156 1452 2193 satanin
1476 2164 1585 2190 semen,
1607 2157 1631 2184 id
1655 2161 1695 2185 est
1717 2156 1782 2185 vitia
1803 2160 1830 2185 et
1851 2159 1974 2193 peccata,
1996 2157 2029 2185 ad
2051 2156 2132 2185 suffo-

1289 2203 1406 2231 candum
1437 2211 1533 2231 verum
1562 2211 1667 2237 semen,
1697 2212 1730 2232 ne
1768 2206 1932 2240 prorumpat
1966 2203 1992 2232 in
2021 2210 2133 2240 germen

1289 2250 1400 2286 gratiae.
1431 2250 1460 2278 Et
1490 2250 1541 2278 hoc
1570 2254 1610 2278 est
1638 2250 1712 2286 quod
1741 2250 1842 2279 dicitur
1871 2250 1998 2279 Matthaei
2027 2250 2132 2279 decimo

1290 2297 1386 2325 tertio:
1411 2297 1539 2330 Domine,
1561 2306 1655 2325 ‘nonne
1678 2297 1783 2325 bonnm
1804 2305 1900 2325 senten
1923 2297 2077 2325 seminasti
2102 2296 2132 2325 in

1289 2352 1363 2381 (tyro
1386 2343 1455 2372 tuo?
1483 2343 1561 2372 Uinlc
1580 2352 1648 2381 erqo
1670 2343 1753 2372 lnibet
1770 2343 1918 2372 zizania?
1941 2344 1976 2372 Et
1997 2343 2040 2372 ait
2059 2342 2131 2372 illis:

1290 2391 1432 2419 Inimicus
1454 2389 1536 2418 laonio
1559 2390 1610 2419 hoc
1631 2390 1706 2427 fecit.

1369 2437 1494 2465 Secundo
1514 2438 1661 2474 supientia
1682 2438 1841 2474 gubernans
1863 2438 1889 2466 iu
1912 2445 1979 2474 agro
2008 2437 2133 2466 mentalis
2148 2446 2230 2474 sequuta.

1289 2484 1470 2512 conscientiae
1486 2485 1630 2512 seminavit
1645 2484 1775 2513 caelestes
1791 2484 1958 2521 influentias
1972 2484 2061 2513 dando
2075 2491 2132 2521 per·
2143 2472 2226 2520 fafftffli?

1289 2530 1391 2559 fectum
1422 2538 1481 2559 esse
1509 2531 1628 2567 gratiam
1657 2531 1730 2559 unde
1752 2531 1854 2560 dicitur
1882 2531 1951 2560 Osee
1976 2517 2227 2560 secundossz¹¹⁰⁰⁰¹¹³⁵'

1291 2577 1444 2605 Seminaho
1465 2586 1529 2606 eain
1551 2579 1582 2606 in
1598 2582 1678 2606 terra
1693 2583 1717 2606 et
1733 2578 1889 2607 miserebor
1903 2578 1966 2606 eins
1987 2586 2061 2616 quac
2074 2576 2132 2615 fuit

1290 2624 1397 2662 absque
1419 2624 1633 2653 misericordia.
1657 2641 1692 2646 -
1714 2626 1792 2653 Tunc
1812 2625 1886 2653 Deus
1900 2625 2056 2653 miseretur
2076 2624 2132 2653 ani-

1290 2679 1350 2699 mae
1373 2671 1504 2707 peccanti,
1527 2672 1637 2708 quando
1659 2672 1797 2708 exstirpat
1817 2680 1853 2700 ex
1875 2679 1906 2700 ea
1927 2679 2023 2700 omnes
2044 2671 2133 2708 spinas

1292 2718 1433 2752 vitiorum,
1456 2722 1486 2746 ut
1508 2719 1624 2747 seminet
1645 2719 1671 2747 in
1691 2726 1723 2747 ea
1744 2719 1820 2747 velut
1841 2718 1868 2747 in
1892 2722 1966 2747 terra
1986 2719 2072 2747 electa
2092 2725 2132 2746 se—

1291 2773 1353 2793 men
1376 2765 1452 2793 verbi
1475 2765 1522 2794 Dei
1545 2766 1707 2802 pullulantis
1729 2765 1755 2794 in
1784 2773 1896 2802 germen
1921 2765 2025 2802 gratiae
2052 2768 2132 2802 atque

1353 2926 1361 2938 *¹
1381 2928 1462 2949 Psalm.
1482 2927 1521 2954 te,
1544 2928 1581 2955 ll;
1599 2930 1728 2956 sequnntur
1745 2928 1800 2949 Gen.
1819 2927 1859 2954 27,
1878 2927 1916 2948 27.
1936 2928 1957 2948 ct
1975 2925 2038 2948 Cant.
2054 2925 2075 2952 7,
2096 2924 2130 2946 ll.

1353 2965 1362 2977 ⁵
1380 2967 1445 2988 Yers.
1464 2967 1505 2993 213
1523 2967 1627 2995 seqnitur
1644 2967 1720 2988 lttaun.
1743 2967 1775 2993 13,
1794 2967 1831 2988 27.
1847 2972 1897 2994 seq.

1353 3004 1362 3017 ὃ
1382 3005 1445 3027 Vcrs.
1465 3006 1507 3032 ‘333
1525 3006 1629 3034 sequitur
1646 3006 1721 3027 Manu.
1742 3006 1777 3033 13,
1795 3005 1834 3027 23.
