2243 3348
714 134 871 163 DOMtNtCA
895 136 911 163 l.
934 136 1116 166 ADVENTUS.
1140 138 1249 167 SERMO
1272 140 1311 167 111.

222 213 347 242 Secundo
368 216 410 241 est
430 213 603 241 desideratus
624 213 767 247 Christus,
789 213 855 249 quia
875 217 989 250 propter

26 264 220 290 &tundente-suam
236 260 443 297 preciositatem
458 259 654 287 illumiuantis
668 259 785 296 qratiae
799 260 911 288 decorat
926 268 989 296 pro-

29 295 31 308 1
41 290 110 311 [insitas.

12 859 70 896 tertia.
78 872 127 891 oble·

35 897 92 917 elatio.

2 1294 126 1342 1616311

2 1333 53 1365 iilum.

43 1824 86 1842 Pars
98 1824 127 1842 111.

14 1963 84 1984 Utilitas
96 1965 127 1983 tri-

44 1988 92 2012 plex.

25 2237 51 2257 De
61 2238 127 2262 prima.

145 307 236 344 prium
257 306 417 334 subiectum
433 306 459 334 in
482 306 653 342 possidendo.
670 306 744 334 Unde
761 306 843 334 Isaiae
859 306 989 342 vigesimo

144 358 223 383 sexto
236 355 260 381 ¹:
285 353 395 381 Anima
416 361 479 381 mea
500 353 676 381 desiderauit
698 356 721 381 te
744 353 774 380 in
795 356 890 386 nocte,
908 357 937 381 ut
952 353 989 381 vi-

143 402 205 430 deat
221 401 316 429 lumen
328 401 359 428 in
371 400 479 428 lumine
492 404 548 428 tuo.
561 416 598 420 -—
611 400 721 428 Anima
735 408 800 428 mea
814 400 990 428 desiderauit

144 452 168 477 te
189 448 220 476 in
241 452 336 480 noete,
359 447 462 475 scilicet
478 446 680 475 tenebrositatis
702 450 729 475 et
751 446 936 483 ignorantiae,
960 450 989 474 ut

144 495 239 523 lumen
261 494 350 522 videat
371 494 400 521 in
430 493 537 521 lumine
553 498 609 521 tao.
634 494 664 521 Et
688 493 793 521 ratione
819 493 902 521 huius
927 501 990 529 pre-

144 541 269 570 tiositatis
290 541 391 569 dicitur
414 541 626 569 Proverbiorum
643 540 724 568 tertio
736 541 762 568 2:
784 540 900 574 Omnia,
915 549 989 578 quae

144 588 368 621 desiderantur,
391 586 459 615 ltuie
489 596 548 615 11011
579 587 674 615 ualent
695 588 884 624 comparari,
907 588 987 624 quia,

143 635 214 664 sicut
236 643 289 663 000
311 638 352 663 651
373 635 541 671 comparatio
564 634 635 662 inter
667 634 793 662 umbram
816 639 843 663 et
864 634 988 663 similitu-

143 681 233 710 dinem
262 681 296 709 ad
324 681 485 714 veritatem,
508 681 546 709 sic
575 688 628 708 non
657 684 698 709 est
726 681 895 717 comparatio
916 680 989 709 inter

143 732 299 757 creaturam
330 732 357 757 et
379 728 498 756 divinam
521 728 690 764 sapientiam.
714 728 778 756 Nam
802 728 891 756 onmis
912 736 988 756 crea-

145 779 207 805 tura
227 779 268 804 est
289 775 440 804 similitudo
462 779 487 803 et
511 776 610 803 umbra
630 775 738 803 divinae
754 775 885 803 veritatis.

221 823 313 851 Tertio
334 825 376 851 est
396 822 524 850 Christus
538 822 726 850 desiderabilis
742 825 854 858 propter
870 821 989 850 obleeta—

144 870 247 898 tionem
268 869 452 906 sapientialis
473 869 696 902 demulcentiae,
712 869 777 905 quia
797 869 914 897 delectat
932 869 989 897 sive

142 917 268 946 dulcorat
297 921 417 954 qustum
446 917 472 944 in
501 916 677 953 perfruendo.
706 916 782 945 Unde
813 916 988 945 Canticorum

143 963 263 993 secundo
276 963 301 991 ³:
325 963 384 992 Sub
406 963 514 991 umbra
536 963 615 991 illius
640 972 722 1000 quem
742 963 988 996 desideraveram,

141 1011 211 1044 sedi,
227 1014 251 1039 et
265 1010 383 1047 ft'uetus
397 1010 459 1038 eius
473 1010 568 1038 duleis
581 1011 698 1047 gutturi
711 1019 780 1039 meo.
797 1027 835 1031 —
851 1010 909 1039 Sub
925 1019 988 1038 um-

143 1057 207 1091 bra,
224 1058 412 1094 refrigerantis
427 1058 540 1094 gratiae,
556 1057 645 1091 itlius,
661 1058 765 1086 scilicet
779 1058 889 1091 Christi,
905 1066 989 1095 quem

142 1104 387 1138 desideraveram,
400 1112 449 1141 per
464 1112 610 1133 excessum
626 1104 811 1133 inflammatae
826 1104 988 1137 dilectionis,

141 1152 218 1185 sedi,
241 1160 290 1188 per
312 1151 411 1179 mentis
432 1151 638 1188 quietationem,
660 1159 713 1179 non
736 1151 918 1179 discurrendo
941 1159 989 1187 per

143 1199 242 1227 mentis
264 1199 451 1235 vagationem,
473 1203 497 1226 et
517 1197 636 1235 fruetus
667 1199 730 1226 eius
758 1198 852 1226 duleis
872 1198 991 1236 qutturi

143 1254 219 1279 meo,
236 1248 349 1282 propter
368 1245 585 1282 degustationem
608 1246 766 1282 sapientiae.
790 1245 864 1274 Unde
878 1245 911 1273 ad
928 1246 988 1279 hoc,

143 1296 174 1322 ut
195 1293 286 1321 anima
306 1292 433 1329 degustet
454 1292 627 1320 dulcedinem
648 1292 757 1321 divinae
771 1293 929 1329 sapientiae,
946 1300 990 1321 re-

143 1340 281 1377 quiritur,
297 1343 328 1368 111
349 1343 486 1376 purgetur
501 1347 516 1367 a
532 1343 658 1376 peccato,
674 1340 830 1370 resolvatur
846 1340 871 1368 in
887 1348 988 1376 aquam

142 1387 294 1417 devotionis
315 1389 342 1415 et
362 1387 541 1415 abstrahatur
562 1387 596 1415 ab
617 1394 711 1415 amore
726 1386 874 1420 mundano,
889 1389 989 1415 utnon

143 1436 178 1464 sit
197 1435 322 1471 dispersa
342 1434 375 1462 ad
397 1434 553 1467 exteriora,
570 1434 655 1461 immo
678 1434 854 1470 recolligatur
869 1433 990 1462 totaliter

144 1483 175 1511 ad
199 1482 346 1515 interiora,
369 1489 402 1509 ne
434 1481 627 1517 interponatur
648 1481 741 1517 aliqua
762 1481 865 1517 caligo,
887 1484 919 1509 ut
940 1481 990 1509 im-

144 1529 260 1558 mediate
292 1528 407 1564 recipiat
437 1528 605 1556 stillicidium
638 1527 746 1556 divinae
778 1528 938 1556 influentiae
964 1531 991 1557 et

143 1575 270 1613 degustet
283 1575 424 1604 dulcorem
442 1579 569 1603 aeternae
584 1574 736 1603 suavitatis.
756 1575 833 1603 Hunc
848 1575 989 1603 dulcorem

144 1622 300 1659 aliqualiter
322 1621 442 1650 sentiens
460 1621 545 1650 David
561 1621 709 1658 Propheta,
725 1621 832 1650 dicebat
843 1622 870 1649 41
888 1622 991 1657 Quem-

145 1670 303 1698 admodum
329 1669 476 1697 desiderat
496 1677 599 1697 eerous
627 1669 667 1697 ad
697 1667 790 1706 fontes
821 1677 990 1707 aquarum,

145 1718 185 1745 ita
207 1717 354 1745 desiderat
374 1716 478 1745 anima
498 1724 564 1744 mea
585 1716 625 1744 ad
646 1719 680 1750 te,
705 1716 788 1744 Deus.

224 1764 263 1792 111.
286 1764 378 1792 Tertio
400 1766 512 1792 notatur
534 1763 647 1791 utilitas
668 1763 699 1791 in
727 1762 783 1799 fme
804 1763 991 1801 subsequente

145 1819 180 1841 ex
203 1814 281 1848 parte
295 1811 388 1848 populi
405 1810 524 1847 gentilis,
539 1818 601 1838 cum
618 1810 698 1839 dicit:
716 1810 834 1839 Cunctis
847 1811 989 1847 pentibus.

145 1859 240 1887 Merito
261 1862 321 1886 erat
342 1857 514 1886 desideratus
535 1865 551 1885 a
571 1857 672 1885 sanctis
694 1857 821 1885 Patribus
836 1860 863 1886 et
884 1857 992 1886 cunctis

144 1905 288 1942 gentibus,
310 1912 342 1933 eo
363 1904 436 1941 quod
458 1904 586 1933 Christus
615 1905 640 1932 10
663 1904 716 1932 1510
746 1904 866 1933 adventu
888 1905 992 1933 meruit

144 1953 251 1981 cunctis
279 1952 408 1989 gentibus
429 1952 518 1988 primo
545 1951 793 1988 gratificationem
825 1952 992 1988 adoptionis

145 1999 284 2036 beniqnae
304 1999 419 2027 delendo
440 1999 601 2035 originalem
619 1999 744 2035 culpam;
760 1999 891 2033 secundo,
907 2008 992 2036 aper-

145 2046 250 2074 tionem
271 2045 399 2074 caelestis
421 2045 531 2073 ianuae
553 2045 704 2073 relaxando
726 2045 881 2073 iudicialem
903 2045 992 2074 vindi-

144 2096 231 2127 ctam;
253 2093 351 2126 tertio,
367 2092 576 2120 sublimitatem
596 2092 697 2129 finalis
710 2092 824 2129 9loriae
839 2092 991 2121 amovendo

145 2140 254 2168 totalem
277 2140 425 2168 miseriam.

223 2187 314 2215 Primo
334 2191 430 2223 gentes
452 2194 500 2223 per
528 2186 676 2215 adventum
705 2186 806 2215 Christi
828 2190 992 2216 consecutae

145 2237 210 2262 sunt
216 2233 461 2271 gratificationem
470 2234 638 2270 adoptionis
647 2233 785 2271 benignae
797 2238 911 2271 propter
922 2234 993 2263 dele-

145 2281 247 2309 tionem
261 2281 402 2317 originalis
417 2281 522 2317 culpae.
539 2280 613 2309 Unde
629 2281 744 2309 Actuum
769 2281 913 2310 undecimo
928 2281 993 2310 dicit

146 2328 242 2356 Petrus
254 2328 280 2355 ⁵:
298 2327 330 2356 Si
344 2336 412 2364 erqo
431 2327 550 2356 eandem
570 2328 703 2365 qratiam
726 2327 802 2356 dedit
821 2328 878 2356 illis
900 2329 991 2362 Deus,

145 2375 248 2403 scilicet
269 2374 413 2411 gentihus,
429 2375 504 2403 sieut
523 2379 548 2402 et
569 2374 666 2409 uobis,
688 2375 740 2412 qui
761 2375 941 2403 credidimus
962 2376 992 2404 in

147 2422 303 2450 Dominam
333 2422 429 2449 Iesum
460 2420 626 2455 Christum,
656 2422 694 2450 sic
726 2430 794 2459 erqo
815 2425 839 2450 et
859 2422 993 2459 pentibus

1849 149 1884 176 29

1043 215 1247 250 poenitentiam
1270 217 1347 245 dedit
1370 219 1444 247 Deus
1476 220 1516 248 ad
1548 221 1645 249 uitam.
1668 223 1779 252 Ratione
1805 225 1887 254 huius

1046 260 1169 289 beneficii
1191 262 1277 291 David
1306 264 1441 300 Propheta
1469 266 1601 295 invitabat
1621 276 1716 297 omnes
1736 274 1830 305 gentes
1855 272 1889 299 ad

1046 308 1200 343 gratiarum
1230 310 1380 343 actionem,
1412 311 1542 341 dicensss:
1571 315 1702 343 Laudale
1733 316 1888 345 Dominum

1046 362 1143 382 omnes
1162 359 1271 391 9611163,
1295 356 1413 385 laudate
1427 366 1492 386 eum
1507 368 1603 388 omnes
1617 362 1733 397 populi.-
1749 364 1888 399 quoniam

1046 400 1222 436 confirmata
1243 406 1282 429 est
1302 411 1392 439 saper
1412 413 1465 432 1103
1487 406 1691 436 miscuicordia
1713 409 1790 442 eius,
1814 410 1889 437 heni-

1046 455 1114 483 gnae
1135 448 1296 484 adoptionis.

1125 495 1249 523 Secundo
1281 500 1396 525 cunctae
1428 501 1522 534 gentes
1554 503 1716 529 consecutae
1748 506 1812 530 sunt
1840 511 1889 539 per

1046 540 1130 569 istum
1152 541 1299 569 adventum
1317 544 1492 579 apertionem
1510 546 1637 574 caelestis
1653 548 1761 576 ianuae
1777 553 1889 585 propter

1046 587 1245 615 relaxationem
1274 589 1408 618 iudicialis
1436 591 1585 626 vindictae3
1608 597 1634 621 et
1659 594 1692 622 de
1715 595 1765 623 hoc
1789 596 1890 624 dicitur

1046 634 1129 662 Isaiae
1151 634 1282 670 vigesimo
1303 639 1383 663 sexto
1395 637 1420 664 ⁷:
1437 638 1554 673 Aperite
1570 643 1688 675 portas,
1704 645 1728 669 et
1743 641 1890 678 1119161110-

1046 683 1095 708 tur
1115 689 1186 717 96113
1215 682 1311 715 iusta,
1334 684 1496 712 custodiens
1527 687 1694 721 veritatein;
1716 693 1795 716 1161113
1817 690 1890 717 601111

1046 736 1131 755 error
1153 728 1240 761 abiit,
1262 729 1327 765 quia
1356 730 1488 759 Dominus
1520 732 1594 761 lesus
1625 734 1750 763 Christus
1772 736 1890 765 habebat

1046 775 1149 803 clavem
1172 776 1311 803 reserandi
1335 776 1438 804 aditum
1461 780 1638 808 aeternitatis.
1669 781 1728 809 ideo
1760 785 1890 819 tanquam

1045 822 1237 850 auctoritatem
1262 823 1365 851 habens
1386 825 1515 860 angelicis
1537 826 1679 862 spiritibus
1699 828 1784 856 dixit:
1801 829 1890 857 Attol-

1046 868 1093 896 lite
1110 872 1229 905 portas,
1250 869 1416 905 principes,
1437 875 1567 905 uestras,
1590 874 1718 909 quoniam
1736 882 1783 910 per
1799 883 1890 903 meum

1046 915 1206 951 sanguinem
1230 915 1301 943 facta
1322 919 1363 944 651
1384 918 1522 952 reparatio
1538 919 1699 948 concordiae
1718 921 1891 955 universalis,

1046 962 1181 990 relaxatio
1204 962 1338 991 vindictae
1354 963 1496 992 iudicialis.
1513 964 1590 993 Nunc
1608 974 1688 1002 ergo,
1710 970 1800 995 amoto
1814 968 1892 996 flam-

1046 1017 1108 1037 meo
1128 1009 1217 1046 gladio
1239 1009 1272 1037 de
1294 1012 1373 1045 porta
1396 1011 1549 1046 paradisis,
1572 1013 1646 1046 volo,
1668 1016 1699 1041 ut
1717 1013 1764 1041 fiat
1787 1022 1892 1043 resera-

1046 1057 1084 1085 tio
1106 1057 1203 1085 ianuae
1226 1057 1365 1090 caelestis,
1389 1061 1419 1085 ut
1446 1058 1633 1094 tnyrfflttatur
1662 1068 1732 1096 96113
1763 1060 1842 1089 iusta
1868 1064 1894 1089 et

1046 1104 1210 1132 custodiens
1234 1104 1399 1137 ueritatem,·
1414 1109 1494 1132 1161113
1509 1106 1581 1133 6111111
1596 1115 1680 1134 error
1696 1107 1799 1143 primae
1816 1116 1892 1144 prae-

1048 1151 1237 1184 varicationis,
1260 1151 1359 1179 merito
1391 1151 1471 1180 6111115
1502 1152 1676 1189 obligabatur
1704 1154 1736 1181 ad
1760 1162 1891 1190 poenam,

1046 1197 1127 1226 abiit.

1125 1245 1217 1273 Tertio
1245 1248 1340 1282 gentes
1369 1253 1418 1282 per
1446 1246 1530 1274 istun]
1559 1246 1706 1275 adventum
1731 1251 1893 1277 consecutae

1046 1295 1111 1321 sunt
1132 1292 1340 1320 sublimitatem
1370 1292 1471 1328 finalis
1500 1292 1612 1329 qloriae
1635 1298 1746 1330 propter
1782 1296 1894 1323 amotio-

1046 1347 1108 1368 nem
1131 1339 1222 1367 totalis
1244 1339 1379 1367 miseriae.
1396 1339 1471 1367 Unde
1487 1339 1569 1368 lsaiae
1589 1340 1686 1369 ultimo
1698 1341 1724 1368 ⁰:
1743 1341 1894 1370 Deelinabo

1046 1395 1135 1423 super
1156 1394 1219 1414 eam
1241 1386 1330 1423 quasi
1348 1385 1474 1423 fluvium
1502 1387 1588 1423 pacis
1615 1390 1641 1415 et
1667 1388 1754 1425 quasi
1784 1392 1895 1417 torren-

1047 1436 1100 1461 tem
1123 1433 1314 1461 inundantem
1336 1433 1465 1470 gloriam
1492 1434 1631 1470 9611110111.
1656 1434 1685 1462 Ε1
1707 1434 1733 1462 10
1756 1435 1895 1471 praedicto

1047 1481 1170 1509 themate
1191 1480 1293 1508 dicitur
1315 1480 1348 1508 de
1371 1480 1438 1508 hoc:
1467 1481 1561 1508 Veniet
1582 1481 1764 1509 deszderatus
1783 1482 1895 1510 eunetis

1046 1527 1190 1564 pentibus,
1206 1530 1230 1555 et
1242 1527 1363 1564 implebo
1374 1528 1494 1555 domum
1509 1528 1597 1556 istam
1611 1528 1716 1565 qloria.
1733 1546 1769 1548 —
1785 1529 1894 1557 Domus

1048 1574 1106 1602 ista
1136 1574 1235 1611 qloria
1267 1574 1434 1611 implebitur
1465 1575 1492 1602 in
1524 1575 1644 1611 generali
1674 1576 1894 1610 resurrectione,

1048 1621 1158 1658 quando
1179 1629 1195 1649 a
1216 1629 1333 1658 corpore
1348 1622 1496 1650 cuiuslibet
1512 1622 1600 1655 Beati,
1616 1623 1696 1651 cuius
1718 1630 1819 1659 corpus
1843 1623 1895 1651 suit

1048 1669 1147 1697 domus
1168 1671 1195 1697 61
1216 1668 1406 1697 habitaculum
1434 1669 1553 1705 Spiritus
1575 1670 1660 1698 sancti
1682 1677 1731 1706 per
1762 1670 1894 1706 gratiam,

1048 1715 1221 1744 amovebitur
1243 1716 1333 1744 omnis
1354 1717 1497 1753 corruptio
1520 1724 1568 1753 per
1589 1716 1679 1745 dotem
1695 1717 1895 1753 impassibilita-

1049 1763 1096 1797 tis,
1118 1763 1208 1792 omnis
1228 1763 1389 1792 deformitas
1410 1767 1437 1792 et
1458 1764 1613 1793 obscuritas
1634 1772 1683 1801 per
1704 1764 1793 1792 dotem
1815 1764 1895 1793 clari-

1049 1810 1121 1844 tatis,
1136 1810 1225 1839 omnis
1246 1810 1361 1839 tarditas
1377 1818 1426 1847 per
1441 1811 1531 1839 dotem
1554 1811 1694 1848 agilitatis,
1709 1811 1798 1839 omnis
1819 1811 1896 1839 infir-

1049 1857 1129 1886 mitas
1150 1860 1177 1885 et
1198 1857 1352 1886 animalitas
1373 1865 1422 1894 per
1443 1858 1534 1886 dotem
1559 1858 1669 1886 virtutis
1690 1861 1717 1886 et
1738 1858 1896 1897 subtilitatis

1049 1904 1106 1933 sive
1122 1904 1334 1940 spiritualitatis.
1347 1904 1422 1933 Unde
1438 1905 1607 1941 Augustinus
1621 1905 1654 1933 de
1669 1905 1782 1933 Civitate
1798 1904 1844 1933 Dei
1858 1905 1895 1932 1⁰:

1054 1962 1067 1975 «
1082 1951 1231 1979 Abiicietur
1252 1959 1268 1978 a
1298 1950 1464 1987 corporibus
1486 1951 1588 1979 nostris
1610 1951 1700 1979 omnis
1720 1951 1895 1986 deformitas,

1048 1997 1138 2026 omnis
1154 1997 1276 2031 tarditas,
1292 1998 1381 2026 omnis
1395 1998 1542 2026 infirmitas
1556 1998 1700 2035 omnisque
1715 1998 1857 2034 corruptio
1868 2009 1895 2025 ».

1049 2045 1127 2081 Quod
1148 2044 1227 2073 1101115
1248 2049 1390 2081 praestare
1404 2045 1534 2082 dignetur
1550 2049 1600 2074 etc.

1374 2139 1466 2168 Sentio
1488 2140 1562 2167 11111.

1120 2226 1204 2251 Sermo
1223 2226 1322 2250 Fratris
1340 2226 1531 2251 Bonaventurae
1557 2234 1637 2251 coram
1657 2233 1714 2257 rege
1733 2226 1851 2250 Franciae
1870 2226 1895 2249 iu

1050 2268 1144 2299 palatio
1163 2268 1234 2292 extra
1253 2268 1365 2293 Parisius
1384 2269 1451 2300 apud
1470 2276 1564 2297 nemus,
1578 2269 1601 2292 in
1624 2269 1703 2299 prima
1722 2267 1849 2292 Dominica
1867 2267 1895 2291 de

1051 2312 1169 2336 Adventu
1189 2312 1247 2337 ante
1266 2312 1367 2336 Natale.

1132 2378 1212 2412 Eece,
1235 2379 1306 2406 odor
1327 2378 1383 2415 (ilii
1404 2378 1460 2407 mei
1479 2378 1557 2406 sieut
1571 2378 1642 2405 odor
1657 2377 1727 2414 aqri
1739 2376 1826 2413 pleni,
1848 2375 1897 2404 eui

1052 2424 1197 2453 benedixit
1220 2425 1374 2459 Dominus,
1396 2425 1508 2454 Genesis
1530 2425 1660 2461 vigesimo
1682 2424 1798 2460 septimo
1811 2424 1842 2451 ¹2.

209 2547 216 2560 ¹
236 2548 302 2570 Vei-s.
322 2548 348 2576 93
367 2548 471 2576 sequitur
489 2548 524 2570 Ρ5.
542 2548 584 2575 33,
604 2549 640 2570 110,
844 2548 853 2561 ²
873 2550 937 2572 Vers.
960 2551 993 2573 15.

208 2586 217 2599 ³
230 2589 293 2609 x'ers.
304 2588 324 2609 3.
335 2600 364 2603 -
375 2587 461 2609 Deinde
472 2588 523 2609 loco
535 2587 702 2617 rep-tymantis
715 2589 730 2610 F
742 2588 811 2610 habet
822 2589 993 2618 remum-antis.

207 2626 217 2638 4
235 2627 316 2648 psalm.
336 2626 371 2654 41,
390 2628 412 2648 2.
778 2626 787 2639 ⁵
806 2628 872 2650 Vers.
892 2628 926 2650 17.
945 2635 994 2657 seq.

208 2665 217 2677 ⁶
235 2666 316 2688 Psalm.
337 2667 389 2693 116,
408 2667 428 2688 l.
446 2672 493 2694 seq.

208 2704 216 2717 ⁷
236 2706 300 2727 Vers.
319 2706 340 2727 2.
357 2712 405 2734 seq,
424 2706 532 2734 Sequitur
550 2706 585 2728 ΡΞ.
604 2707 640 2733 23,
658 2706 680 2728 9.

208 2743 217 2756 ⁸
235 2745 364 2772 Respiciiur
381 2745 438 2767 Gen.
455 2745 476 2772 3,
495 2745 532 2767 24.

208 2782 217 2795 ⁰
237 2785 300 2806 vers.
323 2785 356 2806 12.
632 2784 652 2797 ¹⁰
669 2785 730 2808 Libr.
748 2786 818 2808 XXll.
836 2792 856 2809 c.
877 2787 913 2809 20.
931 2793 954 2809 n.
972 2787 994 2809 3.

209 2822 227 2835 ¹¹
247 2824 306 2845 Loco
325 2824 450 2846 multorum
469 2824 602 2852 spuriorum
620 2831 763 2852 sermonum,
781 2826 821 2854 qui
840 2826 861 2848 in
879 2826 917 2848 ed.
936 2826 995 2848 Vati-

146 2868 202 2885 cana
220 2866 362 2891 sequuntur,
380 2862 541 2885 substituimus
559 2863 595 2885 hic
613 2866 634 2885 et
652 2864 674 2885 in
699 2864 850 2892 sequentibus
869 2865 994 2887 Dominicis

146 2902 242 2923 aliorum
269 2908 404 2924 sermonum
431 2903 560 2930 schemata,
586 2903 724 2931 plerumque
742 2905 795 2931 prol
814 2904 883 2926 nimis
900 2904 994 2933 brevia,

146 2947 206 2970 quae
224 2940 338 2963 habentur
356 2941 475 2963 Mediolani
494 2941 515 2964 in
533 2941 628 2970 antiquo
646 2944 667 2963 et
684 2942 785 2969 pretioso
797 2943 877 2965 codice
889 2943 994 2965 biblioth.

1051 2551 1220 2574 Ambrosianae
1237 2553 1262 2579 A,
1280 2552 1309 2574 de
1326 2558 1373 2581 quo
1391 2552 1473 2574 diffuse
1491 2551 1566 2579 agitur
1583 2557 1595 2573 a
1608 2551 1630 2572 Ρ.
1644 2550 1713 2572 Fideli
1725 2556 1736 2571 a
1755 2550 1830 2571 Fauna
1844 2550 1897 2576 (Ra-

1052 2590 1082 2613 tio
1100 2597 1175 2614 norae
1193 2591 1336 2614 collectionis
1354 2594 1396 2613 etc.
1416 2597 1470 2618 pag.
1490 2590 1587 2619 <ao-135)
1601 2593 1622 2612 et
1635 2590 1701 2611 etiam
1719 2595 1730 2611 a
1749 2588 1815 2611 nobis
1827 2594 1896 2616 supra

1051 2630 1073 2651 in
1086 2630 1268 2657 Prolegomenis.
1288 2630 1373 2651 l-lorum
1386 2635 1520 2651 sermonum
1534 2629 1666 2655 complures
1677 2627 1812 2649 exhibentur
1828 2626 1896 2648 etiam

1051 2668 1073 2690 in
1092 2669 1143 2691 rod.
1162 2669 1283 2691 Parisiensi
1293 2669 1318 2695 Β,
1332 2672 1354 2690 61
1371 2669 1408 2690 alii
1425 2668 1446 2690 in
1464 2668 1513 2690 aliis
1524 2667 1652 2694 codicilJuS,
1664 2667 1777 2689 interdum
1790 2666 1812 2687 111
1825 2667 1897 2687 forma

1052 2708 1127 2735 magis
1139 2708 1229 2736 diffusa,
1243 2712 1266 2730 ut
1278 2711 1448 2736 consequenter
1460 2708 1489 2729 ad
1499 2708 1583 2729 calcem
1595 2706 1718 2728 notabitur.
1734 2706 1754 2727 ln
1765 2706 1808 2727 hoc
1818 2705 1897 2726 11111010

1051 2746 1131 2769 codice
1148 2747 1247 2774 scriptor
1259 2747 1384 2774 praemittit
1402 2746 1551 2768 monitionem
1564 2751 1633 2773 supra
1647 2745 1814 2772 transcriptam,
1828 2747 1851 2765 ut
1863 2749 1898 2765 er-

1050 2792 1115 2808 rores
1133 2785 1153 2807 in
1166 2786 1329 2808 contrahendis
1341 2785 1489 2808 sermonibus
1500 2785 1616 2807 commissi
1630 2784 1771 2811 imputentur
1784 2783 1835 2810 sibi,
1852 2788 1898 2805 non

1050 2831 1185 2847 sermonum
1198 2825 1293 2853 auctori,
1306 2825 1369 2853 quod
1382 2824 1450 2846 etiam
1463 2824 1541 2852 quood
1553 2824 1667 2845 schemata
1686 2828 1755 2849 saepe
1767 2821 1841 2843 vitiosi
1859 2827 1897 2843 eo-

1050 2864 1108 2887 dicis
1125 2865 1142 2886 A
1153 2863 1272 2886 observari
1286 2864 1355 2886 iuvat.
1370 2863 1428 2885 Vide
1440 2863 1469 2885 de
1487 2863 1521 2884 his
1539 2868 1610 2889 supra
1628 2862 1798 2889 Prolegomena.
1813 2873 1843 2877 —
1857 2861 1898 2882 Hic

1050 2909 1127 2925 sermo
1151 2902 1248 2925 babetur
1265 2902 1296 2925 ibi
1315 2903 1353 2925 sol.
1374 2902 1381 2924 l
1404 2908 1430 2929 r.,
1448 2901 1489 2924 sed
1506 2902 1598 2923 schema
1622 2903 1656 2922 est
1678 2900 1797 2922 manifeste
1815 2899 1898 2921 incom-

1051 2943 1146 2970 pletum.
1740 2938 1759 2952 ¹²
1779 2941 1842 2962 Vers.
1861 2939 1898 2961 27.

1906 506 1933 526 De
1945 508 2033 527 secunda.

1910 1259 1938 1278 De
1952 1260 2013 1279 tertia.
