2243 3348
223 779 341 799 introductio.

262 966 339 985 Divisio.

272 1668 318 1687 Pars
331 1668 344 1686 1.

230 2183 345 2203 subdivisio.

239 2558 309 2580 Primo,
322 2558 346 2578 de

240 2582 348 2601 luxuriosis.

357 230 412 259 306

1020 226 1193 256 SERMONES
1213 226 1255 255 DE
1277 227 1440 255 TEMPORE.

992 375 1151 404 DOMlNlCA
1174 375 1213 403 111.
1235 374 1317 404 POST
1340 375 1467 404 PASCHA.

702 496 794 523 Sannio
816 495 824 522 l
837 495 855 522 ¹.

436 590 564 618 Mundus
585 592 680 616 aiacem
710 586 867 625 9auctebit,
888 594 938 614 vos
966 590 1061 614 autem
1095 585 1203 614 contri-

358 636 523 669 stabimini,
538 635 588 663 secl
609 634 731 663 tristitia
745 637 843 662 vestra
857 636 985 661 vertebar
1001 633 1031 660 iu
1044 632 1202 669 gaudium,

359 683 464 711 ioannis
484 682 590 711 decimo
611 684 691 710 sexto
703 681 722 708 Β.

437 730 506 766 Quia
521 740 535 754 α
543 729 667 766 opposita
680 729 759 757 iuxta
770 735 799 756 se
811 727 898 764 posita
909 727 995 764 magis
1006 727 1203 760 elucescunt»,

358 776 419 805 ideo
440 776 573 804 Dominus
594 775 621 803 in
643 775 728 803 verbo
751 774 890 811 proposito
911 773 1000 810 aperit
1021 776 1123 802 statum
1140 773 1204 801 reli-

358 823 491 860 giositatis
512 822 677 859 apostolieae
699 829 748 858 per
769 821 926 858 oppositum
948 820 1104 848 mundanae
1120 819 1204 848 lubri-

358 870 462 904 citatis,
484 878 547 898 cum
569 869 650 898 dicit:
666 869 794 897 Mundus
809 871 907 896 autem
920 866 1070 905 yauclebit,
1085 875 1135 895 vos
1150 875 1205 895 aa·

359 921 411 946 tem
444 916 700 946 contristabimini.
734 916 762 943 ln
794 923 849 952 quo
871 914 982 951 quidem
1008 914 1093 942 verbo
1114 913 1205 950 primo

360 967 471 993 notatur
494 963 596 992 illicita
617 963 764 991 delectatio
785 962 924 990 humanae
956 961 1136 994 lubricitatis;
1163 968 1205 989 se-

360 1011 466 1045 cundo,
482 1014 668 1047 temporanea
690 1009 841 1038 tribalatio
863 1008 1028 1045 apostolicae
1043 1008 1206 1044 religiosita-

360 1058 409 1092 tis3
433 1058 530 1090 tertio,
552 1056 660 1094 frama
686 1055 843 1084 consolatio
868 1058 996 1083 aeternae
1018 1054 1204 1083 iucunditatis.

360 1105 451 1133 Primo
472 1107 584 1133 notatur
606 1103 699 1132 illicita
721 1103 864 1131 delectatio
886 1102 1041 1130 mundanae
1062 1101 1205 1130 lubricita-

363 1152 408 1185 tis,
431 1159 493 1180 cum
515 1151 596 1179 dicit:
619 1150 747 1178 Mzmdus
766 1149 922 1186 9auaebzt;
944 1149 1081 1183 secundo,
1100 1153 1206 1189 tempo-

361 1206 443 1226 ranea
466 1197 608 1225 tribulatio
636 1196 801 1233 apostolicae
834 1195 1034 1232 religiositatis,
1056 1202 1119 1223 cum
1141 1194 1206 1223 sub-

360 1244 414 1272 dit:
436 1252 486 1272 vos
508 1248 605 1272 autem
627 1242 875 1271 contristabimini
882 1252 891 1275 ;
906 1242 1003 1275 tertio,
1023 1241 1119 1270 futura
1143 1249 1207 1269 con-

361 1291 457 1319 solatio
486 1294 615 1319 aeternae
647 1289 839 1322 iucunditatis,
875 1296 937 1317 cum
973 1288 1126 1317 subinfert:
1158 1288 1207 1316 secl

362 1338 484 1366 tristitia
505 1341 602 1365 vestra
624 1340 750 1365 vertetur
781 1336 812 1363 in
831 1335 988 1373 yaaaiam.
1011 1335 1078 1363 Mira
1098 1335 1207 1371 dispen-

361 1385 430 1413 satio
451 1384 558 1413 divinae
580 1383 724 1416 honitatis,
746 1383 820 1419 quod
849 1390 903 1410 non
925 1382 1007 1410 datur
1028 1381 1144 1410 dulcedo
1165 1389 1208 1409 sa-

362 1431 480 1468 pientiae
504 1431 555 1459 nisi
578 1430 689 1467 praevia
710 1429 894 1458 amaritudine
919 1428 1117 1465 poenitentiae,
1139 1437 1208 1465 quo-

362 1478 434 1506 niam
457 1486 506 1515 per
528 1479 633 1506 luctum
656 1477 843 1505 tribulationis
864 1480 891 1505 et
912 1476 1055 1513 angustiae
1080 1476 1208 1512 exemplo

363 1525 462 1553 Christi
493 1528 601 1562 oportet
628 1532 680 1552 izos
702 1524 817 1552 intrare
842 1524 871 1551 in
899 1523 1044 1560 re9num3
1073 1522 1209 1551 felicitatis

362 1576 499 1600 aeternae.

442 1619 458 1646 1.
481 1618 551 1647 Dicit
572 1626 654 1655 ergo:
682 1618 811 1646 Mandas
840 1617 993 1655 yaialebit,
1016 1617 1063 1645 ubi
1095 1620 1208 1645 notatur

362 1666 465 1694 illicita
486 1665 632 1694 delectatio
664 1665 819 1693 mundanae
847 1664 1020 1693 lubricitatis.
1047 1665 1114 1692 Tota
1143 1672 1209 1692 vero

361 1713 505 1742 delectatio
527 1712 583 1741 sive
605 1711 737 1749 gaudium
759 1711 913 1740 mundanae
935 1711 1100 1739 lubricitatis
1120 1713 1210 1747 potest

362 1759 557 1797 comprehendi
580 1759 633 1788 sub
656 1759 754 1795 triplici
777 1758 930 1787 differentia
946 1758 1100 1792 hominum,
1116 1765 1211 1786 secun-

363 1807 429 1836 dum
452 1806 526 1843 quod
547 1806 674 1834 innuitur
688 1806 794 1842 primae
811 1805 917 1833 loannis
931 1804 1052 1833 secundo
1064 1805 1088 1832 ¹²:
1111 1804 1209 1838 Omne,

363 1854 441 1892 quod
460 1857 499 1881 est
522 1853 552 1881 in
572 1853 699 1886 viando,
722 1856 770 1880 aut
791 1855 831 1880 est
846 1852 1079 1888 concupiscentia
1094 1851 1209 1884 caruis,

364 1901 466 1929 faciens
488 1900 609 1928 lubricos
640 1902 667 1928 et
698 1899 875 1933 luxuriosos,
903 1902 952 1927 aut
977 1898 1211 1935 coucupiscentia

364 1947 531 1981 oculorum,
553 1947 655 1976 faciens
676 1955 774 1975 avaros
795 1950 822 1975 et
843 1946 1021 1983 pecuniosos,
1044 1948 1093 1974 aut
1111 1954 1211 1982 sti-per-

365 1995 413 2023 bia
434 1995 523 2028 vitae,
545 1994 646 2023 faciens
668 1994 827 2030 magnificos
848 1996 876 2022 et
896 1993 1063 2022 ambitiosos.
1080 1992 1154 2021 Unde
1169 2000 1211 2021 se-

365 2041 486 2070 cundum
509 2041 587 2070 istam
610 2041 745 2077 triplicem
774 2041 955 2069 differentiam
986 2040 1146 2073 hominum,
1175 2047 1210 2067 ex

365 2096 421 2125 qua
453 2088 590 2124 pullulant
620 2088 712 2116 omnia
743 2095 843 2124 genera
872 2090 1065 2123 peccatorum,
1097 2086 1123 2114 in
1156 2094 1212 2122 qua

366 2135 490 2163 consistit
518 2138 605 2163 totum
635 2134 766 2171 gaudium
799 2133 988 2167 mundanum,
1022 2136 1110 2170 potest
1141 2133 1210 2167 dici,

366 2182 439 2218 quod
462 2182 552 2218 primo
574 2181 694 2217 gaudent
715 2181 865 2209 luxuriosi
879 2181 905 2209 in
921 2181 1093 2217 experientia
1115 2188 1211 2209 carna-

366 2229 399 2257 lis
420 2229 563 2262 lasciviae;
586 2228 707 2257 secundo
728 2228 850 2265 gaudent
877 2228 968 2256 avari
992 2228 1018 2256 in
1041 2228 1119 2264 copia
1140 2228 1212 2256 insa-

367 2275 467 2304 tiabilis
489 2275 636 2312 pecuniae3
659 2275 741 2303 tertio
769 2275 892 2312 gaudent
917 2274 1066 2303 ambitiosi
1086 2275 1143 2303 sive
1165 2282 1211 2303 su-

367 2323 444 2360 perbi
477 2323 504 2351 in
536 2323 701 2351 excellentia
728 2323 843 2351 honoris
870 2326 897 2350 et
925 2322 1077 2350 iactantiae.
1100 2322 1213 2350 Ratione

367 2370 449 2406 primi
481 2370 549 2398 illud
581 2369 712 2406 gaudium
741 2369 874 2405 depravat
902 2372 1030 2397 naturam
1053 2368 1212 2405 propriam,

367 2417 473 2445 ratione
495 2416 606 2445 secundi
629 2416 732 2453 obligat
752 2416 786 2444 ad
807 2424 922 2452 poenam
938 2418 1092 2449 aeternam,
1108 2415 1213 2443 ratione

368 2464 440 2492 tertii
464 2467 594 2500 provocat
615 2463 735 2491 divinam
757 2463 897 2491 offensam.

448 2510 552 2544 Primo,
575 2510 695 2547 gaudent
717 2509 867 2538 luxuriosi
881 2509 907 2537 in
924 2508 1096 2545 experientia
1117 2516 1215 2536 carna-

368 2557 401 2585 lis
423 2557 548 2585 lasciviae
580 2557 756 2593 depravantis
787 2560 915 2584 naturam
944 2555 1100 2592 propriann
1123 2558 1150 2583 et
1181 2554 1214 2583 de

369 2604 420 2632 hoc
442 2604 543 2632 dicitur
566 2604 647 2632 isaiae
663 2604 794 2640 vigesimo
816 2603 974 2631 secundo⁵:
995 2603 1029 2631 Et
1050 2610 1119 2636 ecce,
1139 2610 1213 2639 ycizi-

368 2651 452 2679 {lium
473 2654 497 2678 el
519 2650 646 2684 laetitia„
669 2650 797 2678 occidere
819 2650 923 2678 vitulos
938 2654 962 2678 et
977 2649 1115 2686 iiiyalare
1137 2649 1214 2677 arie-

370 2701 418 2731 tes,
441 2698 586 2725 comedere
607 2706 711 2725 carues
732 2702 756 2725 et
779 2697 872 2725 bibere
893 2697 1013 2730 tunam,-
1028 2696 1092 2733 quia
1115 2696 1212 2724 lubrici

432 2871 440 2884 ²
458 2872 488 2893 Ex
502 2872 610 2894 Vaticana
624 2874 646 2893 et
663 2871 678 2894 C
689 2872 707 2894 D
717 2872 732 2894 E
742 2872 757 2893 F
773 2877 799 2894 ac
812 2871 906 2894 brevius
918 2878 944 2894 ex
956 2871 1008 2894 cod.
1020 2871 1115 2894 Tudert.
1127 2878 1150 2893 u.
1165 2871 1216 2893 104.

372 2911 407 2932 sol.
430 2911 469 2932 178
488 2917 513 2933 r..
532 2915 553 2932 et
570 2910 587 2933 Ο
607 2911 744 2939 (Zwickau).
761 2923 791 2927 —
810 2911 928 2933 Prothema
948 2911 1019 2933 deest,

433 2949 441 2962 ²
460 2951 525 2973 Vers.
544 2951 581 2972 ²20.
598 2963 629 2966 -
647 2950 755 2979 Sequitur
772 2950 871 2976 Ariston,
889 2949 1003 2972 Problem.
1021 2953 1076 2972 sect.
1093 2950 1168 2972 2211.
1182 2950 1216 2971 11.

433 2988 442 3001 ³
460 2990 590 3017 Respicitur
607 2990 655 3012 Act.
677 2990 709 3017 14,
728 2990 765 3011 21.

435 3029 445 3041 ⁴
463 3029 527 3051 Ycrs.
550 3030 583 3051 16.

1260 492 1386 522 homines
1408 501 1462 521 non
1485 493 1631 522 intendunt
1657 502 1755 523 vacare
1777 494 1828 523 nisi
1860 495 2002 529 lasciviae,
2024 496 2104 532 gulae

1260 543 1286 568 et
1309 539 1448 568 luxuriae.
1470 540 1536 568 Nam
1559 540 1656 568 vitium
1678 541 1758 577 gulae
1773 541 1887 569 attrahit
1902 541 1934 570 ad
1951 542 2104 576 luxuriam,

1260 586 1321 614 ideo
1342 586 1460 614 dicitur:
1485 587 1570 620 Eece,
1584 587 1730 624 yamliam
1746 587 1874 616 occidere
1888 588 2011 622 vitulos,-
2025 597 2105 618 mane

1260 632 1406 661 eomeclere
1433 641 1538 661 carnes
1570 636 1705 670 quantum
1734 633 1768 662 ad
1801 634 1937 663 lasciviam
1960 635 2055 671 gulae;
2080 639 2104 664 et

1261 680 1372 709 laetitia
1384 679 1477 708 bibere
1491 680 1592 708 vinum
1609 684 1743 717 quantum
1755 681 1788 709 ad
1804 681 1942 710 lasciviam
1959 682 2104 717 luxuriae;

1260 734 1323 755 nam
1346 726 1504 755 lamiriosa
1524 735 1571 755 res
1592 730 1633 755 est
1653 727 1764 755 vinarii.
1787 727 1833 756 Illa
1851 728 1923 756 enim
1945 731 1986 757 est
2000 728 2105 765 duplex

1261 773 1371 802 lascivia
1392 773 1419 801 in
1441 773 1545 807 anima,
1567 781 1639 810 quae
1659 781 1675 801 a
1691 773 1745 802 Deo
1766 774 1918 808 avertitur,
1940 777 1984 809 ut,
2006 775 2105 804 amisso

1262 821 1367 849 honore
1399 821 1531 849 castitatis
1562 824 1589 849 ct
1620 820 1786 855 munditiae,
1809 821 1899 850 brutis
1924 821 2104 856 animalibus,

1261 868 1366 906 quibus
1388 877 1446 896 uon
1467 871 1506 896 est
1527 867 1695 901 intellectas,
1717 871 1914 904 comparetur,
1930 876 1962 896 eo
1984 868 2057 905 quod
2078 868 2104 896 in

1261 915 1300 943 eis
1322 915 1492 952 pervertitur
1514 914 1582 943 ordo
1603 914 1755 948 naturaliS,
1778 914 1888 951 quando
1903 917 2005 951 cogunt
2026 914 2106 952 spiri-

1263 966 1320 990 tum
1343 961 1467 990 ancillari
1489 965 1515 990 et
1536 969 1648 990 carnem
1680 961 1815 989 dominari
1838 965 1865 990 et
1896 961 1929 990 ad
1951 961 2107 990 similitudi-

1262 1017 1324 1037 nem
1347 1009 1423 1045 porci
1444 1017 1499 1037 non
1521 1008 1667 1037 intendunt
1689 1008 1740 1036 nisi
1763 1008 1898 1036 curationi
1922 1008 2001 1037 cutis.

1341 1055 1479 1089 Secundo,
1500 1055 1620 1092 gaudent
1642 1055 1732 1084 avari
1746 1055 1772 1083 in
1789 1055 1866 1091 copia
1887 1055 2047 1083 insatiabilis
2061 1063 2108 1092 pe-

1263 1102 1376 1135 cuniae,
1398 1102 1544 1139 obligantis
1568 1102 1601 1130 ad
1624 1109 1739 1139 poenam
1771 1105 1927 1135 aeternam,
1949 1101 2022 1130 unde
2044 1102 2108 1131 Eze—

1263 1149 1359 1178 chielis
1381 1149 1511 1185 vigesimo
1532 1149 1671 1185 quarto⁶z
1701 1148 1810 1177 Tollam
1833 1148 1869 1177 ab
1895 1148 1935 1176 eis
1955 1147 2108 1185 fortitudi-

1263 1204 1328 1223 nem
1349 1203 1451 1223 eorum
1472 1198 1496 1223 ct
1523 1195 1670 1232 yaadiimi
1702 1195 1856 1232 (liyiiitatis
1884 1199 1909 1223 el
1930 1195 2107 1224 desiderium

1263 1242 1416 1270 oculorum
1447 1250 1558 1275 eoram,
1579 1250 1669 1278 saper
1701 1250 1756 1279 quo
1787 1242 1969 1279 requiescunt
1991 1242 2109 1270 animae

1263 1297 1372 1317 eoram.
1396 1289 1464 1325 Quia
1486 1288 1578 1322 avari,
1600 1288 1626 1316 in
1648 1289 1751 1325 quihus
1772 1292 1812 1317 est
1838 1292 1981 1318 terrenum
2003 1289 2109 1318 deside-

1264 1336 1338 1364 riuin
1360 1339 1387 1364 et
1408 1335 1630 1372 concupiscentia
1651 1335 1807 1369 oculorum,
1829 1338 1937 1372 ponunt
1958 1335 2040 1364 finem
2056 1336 2110 1364 lae-

1264 1382 1339 1410 titiae
1360 1385 1387 1410 et
1408 1389 1485 1418 spem
1507 1382 1660 1410 dilectionis
1682 1382 1708 1410 in
1728 1382 1829 1410 divitiis
1851 1382 1923 1416 suis,
1939 1382 1970 1410 in
1990 1390 2109 1419 quarum

1264 1429 1450 1457 inultitmliiie
1469 1428 1640 1465 yloriantur
1662 1432 1688 1457 et
1710 1429 1889 1466 requiescunt
1907 1429 1985 1466 quasi
2007 1429 2034 1457 in
2057 1429 2111 1458 fine

1265 1475 1378 1509 ultimo;
1401 1475 1461 1504 ideo
1483 1475 1616 1504 Dominus
1638 1475 1759 1503 minatur
1781 1476 1820 1504 eis
1842 1476 1938 1504 tollere
1959 1475 2068 1504 divitias
2083 1475 2110 1504 in

1266 1523 1403 1559 praesenti
1426 1526 1452 1551 et
1474 1522 1655 1551 nihilominus
1676 1523 1776 1559 punire
1798 1530 1844 1551 eos
1865 1523 1892 1551 in
1914 1523 2009 1552 futuro
2024 1530 2111 1560 poena

1266 1570 1410 1604 infernali,
1425 1578 1457 1598 eo
1479 1569 1552 1606 quod
1570 1570 1718 1598 maximam
1735 1570 1864 1598 iniuriam
1879 1570 1930 1599 sibi
1946 1570 2111 1604 ii‘itulerunt,

1266 1625 1330 1646 cum
1353 1620 1576 1654 praeposuerunt
1596 1617 1718 1646 Creatori
1740 1620 1854 1646 aeterno
1875 1621 1901 1646 et
1922 1617 1994 1646 bono
2009 1616 2112 1645 incom-

1266 1663 1392 1692 mutabili
1425 1666 1582 1692 creaturam
1615 1663 1794 1700 temporalem
1817 1667 1844 1692 et
1871 1663 2011 1692 caducam.
2037 1663 2112 1692 Unde

1266 1710 1382 1739 avaritia
1403 1710 1437 1739 ab
1459 1711 1586 1747 Apostolo
1614 1711 1770 1747 appellatur
1800 1710 1947 1739 idolorum
1977 1711 2111 1739 servitus.

1266 1757 1424 1786 Bernardus
1452 1765 1537 1794 super
1569 1757 1636 1785 illud
1665 1758 1754 1786 Lucae
1785 1757 1891 1786 decimo
1923 1757 2041 1786 sexto⁷:
2070 1757 2113 1785 Tu

1267 1813 1334 1833 uero
1356 1805 1521 1833 cruciaris:
1548 1804 1647 1841 «Quid
1676 1812 1742 1841 ergo
1774 1804 1897 1833 dicemus
1922 1804 1956 1833 ad
1982 1804 2070 1833 haec?
2091 1804 2112 1833 si

1268 1851 1330 1879 talis
1351 1854 1392 1879 est
1414 1850 1520 1885 exitus,
1541 1851 1562 1879 si
1586 1851 1639 1879 tale
1668 1851 1814 1885 iudicium,
1836 1853 1868 1879 ut
1888 1854 2019 1879 extrema
2038 1858 2114 1888 qau-

1268 1897 1312 1926 (lii
1332 1898 1428 1926 lactus
1449 1901 1576 1934 occupet,
1598 1897 1723 1934 nunquid
1755 1906 1809 1926 non
1842 1897 2021 1934 praeferenda
2049 1892 2114 1925 sunt

1268 1945 1294 1973 in
1317 1946 1369 1974 hoc
1391 1945 1500 1974 saeculo
1522 1945 1593 1973 mala
1616 1945 1694 1973 bonis
1709 1947 1739 1973 »?
1761 1945 1838 1981 quasi
1861 1944 1948 1973 dicat:
1971 1944 2017 1973 sic.

1347 1992 1452 2026 Tertio,
1469 1992 1589 2029 gaudent
1604 1991 1754 2020 cliiibiliosi
1774 1992 1800 2019 in
1823 1991 1987 2020 excellentia
2002 1991 2115 2020 honoris
2131 1997 2231 2040 arggtiifflug

1268 2043 1295 2068 et
1317 2039 1459 2068 iactantiae
1481 2039 1656 2075 provocantis
1676 2038 1796 2067 divinam
1818 2039 1965 2072 offensam;
1981 2038 2054 2067 unde
2070 2037 2115 2068 iob

1268 2086 1439 2123 vigesimoss:
1465 2086 1617 2114 Gaudium
1639 2085 1809 2123 hypocritae
1830 2085 1989 2114 adtira-star
2000 2084 2111 2122 parieti.

1270 2134 1302 2162 Si
1322 2134 1452 2161 aseendit
1473 2141 1563 2170 usqae
1585 2133 1624 2161 acl
1646 2133 1757 2161 caelum
1778 2132 1919 2170 superbia
1933 2132 2012 2166 eius,
2027 2136 2052 2160 et
2067 2140 2115 2160 ca-

1264 2184 1320 2218 put
1341 2181 1403 2208 eius
1424 2180 1514 2209 niibes
1529 2180 1662 2217 tetiyerit,
1678 2180 1766 2218 quasi
1778 2179 1995 2217 sterquilinium
2014 2179 2044 2207 iri
2059 2178 2115 2215 sine

1267 2228 1412 2265 perdetur.
1428 2244 1467 2247 —
1481 2228 1550 2264 Quia
1571 2227 1703 2264 gaudium
1725 2227 1861 2255 ambitiosi
1884 2230 1925 2255 est
1947 2233 2062 2260 vanum,
2084 2233 2115 2254 eo

1269 2275 1342 2312 quod
1364 2274 1396 2303 ad
1419 2274 1530 2303 modum
1557 2274 1711 2311 hypocrisis
1737 2282 1791 2302 non
1813 2274 1895 2302 habet
1926 2273 2115 2307 existentiam,

1269 2321 1315 2350 sed
1338 2325 1444 2349 tantum
1467 2321 1672 2358 apparentiam3
1694 2321 1755 2349 ideo
1776 2320 1877 2349 dicitur
1897 2320 2043 2357 yatadiam
2065 2318 2116 2357 Ity-

1266 2368 1414 2405 poeritae,
1437 2368 1484 2396 sed
1504 2368 1629 2396 additur:
1656 2367 1696 2396 aa
1718 2368 1814 2395 instar
1832 2367 1953 2404 parieti,
1976 2367 2042 2403 quia
2062 2366 2115 2394 tale

1269 2415 1401 2452 gaudium
1423 2420 1464 2444 est
1485 2415 1563 2452 quasi
1581 2418 1813 2448 momentaneum,
1835 2418 1861 2443 et
1883 2414 1943 2443 eius
1963 2413 2031 2451 finis
2047 2414 2116 2442 inte-

1270 2462 1356 2490 ritus.
1379 2460 1430 2491 Sed
1451 2463 1517 2499 quia
1531 2462 1692 2490 ambitiosus
1707 2465 1734 2490 et
1748 2462 1887 2498 superbus
1908 2469 1958 2498 per
1972 2468 2050 2490 suam
2073 2468 2117 2489 re-

1270 2509 1439 2546 putationem
1463 2509 1540 2546 quasi
1563 2509 1688 2538 elevatur
1712 2517 1803 2547 usqae
1824 2509 1855 2537 iu
1877 2508 1990 2537 eaelum
2011 2507 2116 2545 praefe-

1271 2556 1356 2584 rendo
1378 2564 1405 2585 se
1427 2556 1568 2590 omnibus,
1598 2556 1657 2584 ideo
1689 2556 1841 2585 secundum
1874 2558 1977 2584 rectam
2009 2555 2117 2583 divinae

1271 2603 1390 2631 iustitiae
1412 2603 1536 2640 regulam
1555 2603 1747 2639 deprimentur
1776 2610 1865 2639 usque
1893 2602 1926 2630 ad
1948 2601 2115 2638 profundum

1271 2650 1360 2686 abyssi
1382 2649 1534 2678 secundum
1562 2650 1721 2683 veritatem,
1744 2650 1873 2686 quoniam
1896 2649 1922 2677 in
1946 2649 1999 2677 fine
2021 2648 2117 2676 mortis

1272 2704 1337 2725 suae
1359 2697 1446 2734 qua-si
1468 2696 1519 2725 vile
1541 2696 1759 2734 sterquiliuiam
1770 2696 1919 2733 perdetur.

1335 2870 1344 2882 ⁶
1362 2872 1426 2893 Vers.
1448 2872 1486 2898 133
1504 2874 1633 2899 sequuntur
1651 2871 1718 2893 Prov.
1736 2871 1772 2899 ⁵20,
1794 2871 1811 2892 l.
1829 2873 1851 2893 et
1870 2871 1903 2892 ΡΞ.
1922 2870 1958 2898 321,
1976 2870 1997 2891 9.

1335 2908 1344 2921 ⁶
1362 2910 1427 2932 Vers.
1446 2911 1487 2938 25;
1505 2914 1633 2939 sequuntur
1650 2911 1708 2938 Eph.
1725 2910 1752 2936 ὅ,
1770 2910 1791 2932 5.
1809 2913 1830 2932 et
1849 2910 1883 2931 ΡΞ.
1902 2909 1942 2935 48,
1959 2908 1981 2931 7,

1334 2947 1342 2960 ⁷
1361 2949 1439 2971 Potius
1455 2950 1586 2977 Gauii-idus,
1604 2950 1728 2971 Dec-laniat.
1746 2949 1814 2977 (iuter
1831 2955 1901 2976 opera
1914 2948 2033 2977 Beruardi)
2047 2954 2066 2970 c.
2079 2948 2116 2970 23.

1273 2995 1296 3010 n.
1314 2988 1351 3015 27,
1370 2988 1408 3010 ubi
1427 2989 1553 3016 allegantur
1572 2990 1625 3010 Luc.
1647 2989 1681 3015 16,
1700 2988 1738 3010 25.
1755 2992 1776 3010 et
1794 2989 1861 3010 prov.
1883 2987 1916 3014 14,
1936 2988 1972 3009 13.

1336 3027 1344 3040 ³
1363 3028 1428 3050 Vei-s.
1446 3028 1496 3055 5-7;
1514 3028 1571 3050 infra
1590 3028 1711 3056 respicitur
1728 3028 1782 3050 Phil.
1801 3028 1827 3056 37
1851 3028 1882 3049 19.

2123 1060 2212 1089 Secundo,
2222 1062 2235 1081 di

2155 1089 2219 1104 avam.
