2243 3348
225 778 272 797 Caro
284 777 354 796 Christi

249 802 277 820 est
288 806 331 819 caro

259 826 327 843 nostra.

370 228 426 256 282

370 304 573 334 resurrectione
585 304 617 332 de
630 303 738 332 tumulo
750 301 891 338 processit,
903 301 974 328 sicut
985 300 1072 336 vii-qa
1083 300 1102 326 A
1110 306 1185 326 arou
1193 299 1212 331 ¹,

370 360 441 389 quae
462 352 514 380 fuit
534 351 623 384 arida,
645 350 743 378 educta
757 348 790 376 de
806 346 996 379 tabernaculo,
1011 344 1109 373 florida
1130 352 1213 380 appa-

371 399 436 427 ruit.
458 398 484 427 Si
511 398 666 426 inviolatam
696 395 785 424 credis
813 393 946 426 radicem,
968 392 1033 428 quia
1061 391 1144 419 flante
1169 398 1213 418 ze-

370 446 459 482 phyro
480 443 607 481 producit
628 443 740 474 florem;
763 440 805 468 vel
831 439 926 467 florem
949 437 1126 469 inviolatum,
1148 435 1213 472 quia

371 493 475 529 profert
495 491 622 521 odorem;
645 488 804 516 inviolatum
827 486 908 514 crede
930 484 1063 521 pudorem
1083 483 1212 520 Virginis,

370 546 453 575 quae,
475 537 613 573 aspirante
634 534 737 571 Spiritu
759 536 866 566 sancto,
899 531 1013 568 protulit
1034 530 1212 558 Salvatorem.

370 585 394 612 Si
418 583 521 619 virgam
543 581 647 610 aridam
676 581 762 608 Aaron
792 578 881 607 credis
910 578 935 605 in
958 576 1136 605 tabernaculo
1163 575 1212 604 sso-

370 631 473 663 ruisse,
496 629 589 662 crede,
606 635 698 655 veram
714 633 824 654 carnem
846 624 951 653 Domini
975 623 1166 651 resurrexisse
1186 626 1214 651 et

368 677 480 713 (ipsium
502 675 622 703 dixisse:
646 672 786 709 Belloi-uit
807 679 878 699 curo
898 678 963 699 pica
980 670 998 697 2.

447 723 514 756 Nota
536 729 617 757 ergo,
639 720 672 748 ad
695 718 920 748 manifestandam
950 716 1143 754 poenalitatem
1171 724 1214 744 as—

370 773 475 799 sumtae
496 767 658 797 conditionis
678 766 819 794 Christum
835 764 954 793 dixisse:
969 772 1041 792 curo
1062 771 1136 791 mea.
1155 763 1214 799 Ipse

369 817 442 846 euim
466 824 536 844 curo
551 810 652 843 ‘nostra
675 817 699 841 ct
719 812 817 850 frater
832 815 927 840 noster
949 815 989 839 cst
1004 811 1024 844 ³,
1048 813 1079 839 ut
1100 813 1214 847 propter

370 865 447 893 istam
463 870 574 891 carnem
598 868 661 889 vere
683 860 821 897 possimus
835 858 942 887 dicere:
959 858 1019 886 Hoc
1040 866 1119 886 nuuc
1134 865 1165 886 os
1179 866 1213 885 cx

370 911 483 940 ossibus
497 909 578 943 meis,
591 912 616 937 et
630 915 700 936 curo
715 907 749 935 cte
760 914 850 935 carue
861 914 936 939 meu,
950 905 1062 934 Genesis
1077 904 1212 938 secundo:

369 963 396 988 et
411 959 468 995 ipse
489 957 522 985 de
537 956 615 985 nobis
630 955 700 983 dixit
715 953 788 990 quod
804 952 889 981 David
909 952 1011 989 populo
1032 960 1082 980 suo
1101 951 1213 980 secundi

370 1006 473 1042 Regum
494 1003 599 1032 decimo
620 1009 706 1029 nono:
730 1001 853 1028 Fratres
874 999 946 1032 mci,
972 1007 1022 1027 vos
1044 1007 1075 1027 os
1101 1006 1213 1031 meum,

368 1056 392 1080 et
414 1060 484 1080 curo
506 1058 570 1078 mest
584 1057 641 1076 υοε.
665 1047 701 1076 Ad
723 1054 805 1083 quam
822 1046 1021 1075 fraternitatem
1043 1045 1214 1082 aspiraverat

369 1107 480 1136 sponsa,
496 1097 603 1125 dicens:
621 1095 693 1131 Quis
707 1093 781 1122 milti
795 1094 838 1122 (let
854 1098 878 1122 te
892 1092 1017 1130 fratrem
1034 1101 1143 1126 uicum,
1165 1101 1214 1120 su-

368 1149 475 1184 gentem
493 1144 584 1172 ubera
600 1142 705 1171 matris
726 1149 822 1174 mede,
845 1144 876 1169 zu
899 1140 1045 1168 tricenium
1062 1143 1086 1168 te
1100 1139 1176 1176 foris
1191 1143 1215 1167 et

370 1192 515 1221 deosculer
537 1196 577 1223 te,
599 1194 623 1218 et
638 1190 698 1217 ium
713 1197 758 1217 me
772 1196 853 1216 izemo
868 1187 1022 1224 despiciat,
1038 1187 1213 1215 Canticorum

369 1244 464 1268 octavo
473 1239 492 1266 4.
509 1255 546 1258 —
563 1237 635 1273 Quis
650 1235 723 1264 milii
736 1235 791 1269 det,
807 1235 880 1272 quod
896 1235 972 1263 nulla
987 1234 1057 1263 soret
1072 1241 1214 1271 praesum-

370 1288 442 1316 tione
457 1285 638 1322 sperandum,
654 1283 704 1312 uisi
721 1286 795 1311 tanta
810 1282 966 1319 dignatione
987 1281 1084 1310 fuisset
1099 1281 1216 1317 promis-

370 1343 430 1363 sum
447 1333 495 1369 tet)
511 1332 642 1360 divinitus
658 1331 759 1359 sactum
776 1330 796 1357 ⁵.
818 1329 840 1357 Ο
856 1329 1001 1357 ineffabilis
1015 1328 1146 1365 dignatio⁷
1161 1336 1216 1356 ma-

369 1381 493 1409 nifestata
509 1387 557 1416 per
572 1378 663 1406 carnis
677 1377 891 1411 assumtionem,
916 1384 963 1413 per
978 1383 1061 1412 quam
1082 1375 1215 1403 Dominus

370 1436 449 1457 meus
468 1427 557 1455 factus
579 1428 620 1454 est
640 1425 726 1453 frater
743 1426 836 1453 meust
855 1424 1005 1461 Suqeuteuz
1022 1423 1122 1451 ubera..
1139 1422 1161 1450 O
1176 1422 1215 1451 se-

370 1476 429 1504 licia
451 1476 501 1503 ista
517 1474 617 1507 ubera,
640 1472 697 1501 sola
718 1472 783 1500 solis
804 1472 903 1500 lactata
924 1470 1002 1499 labiis
1022 1470 1214 1503 Dei-hominis,

369 1522 449 1550 Verbi
466 1520 590 1549 infantis!
614 1523 640 1548 et
661 1519 750 1547 felicia
765 1518 835 1546 labia
857 1518 915 1546 sola
929 1517 994 1546 solis
1015 1517 1150 1545 uberibus
1165 1516 1214 1544 im-

370 1576 464 1606 pressa
486 1566 616 1604 virgineis
638 1566 746 1599 Matris,
768 1569 799 1593 ut
824 1565 859 1593 sit
880 1564 946 1592 felix
973 1564 1057 1592 Mater
1080 1563 1155 1597 talis,
1177 1563 1214 1592 fe-

370 1617 408 1644 lix
437 1616 528 1643 Proles
550 1614 595 1642 tali
624 1614 728 1641 Matre!
752 1612 857 1640 Matris
884 1620 980 1645 uwuc,
1007 1611 1213 1647 subdistingue:

369 1663 476 1695 MatriS,
498 1669 569 1698 quae
591 1661 626 1689 sit
647 1668 722 1693 moa,
746 1662 772 1687 et
794 1667 843 1695 per
862 1659 914 1686 boc
937 1661 966 1686 tu
989 1658 1025 1686 sis
1046 1666 1134 1691 meus,
1150 1657 1215 1694 quia

369 1709 445 1738 liberi
472 1712 537 1737 sunt
558 1710 703 1745 parentum
727 1706 876 1743 possessio;
900 1705 949 1734 etsi
979 1713 1032 1733 non
1062 1705 1097 1733 sit
1126 1707 1214 1732 mater

369 1765 443 1791 mea,
466 1757 516 1784 hoc
538 1758 595 1789 est,
616 1755 650 1783 de
673 1762 715 1783 me
737 1753 864 1791 prodeat,
886 1760 958 1789 quae
980 1755 1005 1781 te
1028 1751 1157 1789 proferat.
1182 1752 1215 1779 Et

369 1804 515 1832 *iuventam
546 1807 570 1831 te
590 1801 684 1839 foris,
707 1810 759 1829 non
790 1800 928 1829 inclusum
950 1803 981 1828 ut
1002 1799 1066 1827 olim
1097 1799 1122 1827 in
1146 1799 1215 1835 Lege

369 1851 531 1888 figuraliter,
547 1850 592 1879 sed
608 1850 743 1882 effusum,
765 1850 942 1885 apparentem
965 1847 991 1875 in
1014 1854 1096 1875 carne
1118 1854 1214 1882 corpo-

370 1899 471 1927 raliter.
495 1898 624 1925 Scissum
654 1896 731 1924 cuim
756 1899 795 1923 est
823 1895 915 1923 velum
932 1895 953 1928 ⁶¹,
982 1897 1014 1922 ut
1043 1894 1215 1922 revelaretur

369 1947 484 1975 Sanctus
505 1948 672 1974 sanctorum.
705 1945 738 1971 Et
765 1942 912 1971 deosculer
930 1946 970 1977 tc,
993 1941 1109 1970 osculor
1133 1942 1216 1970 devo-

369 1993 449 2021 tionis
473 1992 588 2025 affectu,
616 1990 766 2019 deosculor
787 1990 946 2019 intentionis
964 1989 1071 2017 effectu.
1100 1990 1133 2017 Et
1155 1989 1216 2017 ium

369 2049 412 2068 uie
436 2048 514 2068 nemo
536 2038 693 2075 despiciat,
723 2041 837 2074 propter
866 2044 976 2065 carnem
998 2043 1103 2069 meam,
1133 2043 1215 2072 quam

369 2086 537 2120 assumsisti,
555 2086 579 2114 in
597 2094 651 2122 qua
667 2093 717 2122 pro
734 2093 777 2113 me
798 2083 1010 2121 dispensationis
1025 2091 1109 2119 opera
1128 2082 1216 2119 perfe-

370 2134 428 2162 cisti
445 2137 471 2162 et
486 2141 544 2161 eam
562 2132 752 2168 multipliciter
768 2131 918 2159 honorasti.
935 2131 1000 2158 Nam
1017 2130 1042 2158 in
1058 2137 1141 2158 carne
1157 2137 1217 2158 mea

369 2185 458 2209 uatus
472 2188 516 2213 es:
541 2180 645 2208 loannis
664 2179 754 2216 primo
769 2179 795 2206 ⁷:
818 2178 939 2206 Verbum
962 2186 1033 2205 curo
1047 2176 1160 2214 fuctum
1176 2181 1217 2205 cst

370 2233 393 2256 ct
409 2227 550 2256 habitavit
565 2227 595 2255 iu
610 2226 700 2254 uobis.
726 2226 751 2254 ln
772 2233 854 2254 carne
873 2225 954 2253 etiam
968 2233 1079 2261 passus
1100 2232 1144 2257 es;
1161 2224 1216 2260 pri-

371 2283 430 2303 mae
452 2275 521 2303 Petri
551 2278 667 2311 quarto.-
692 2273 806 2302 Christo
829 2281 919 2309 passo
941 2272 972 2300 iii
994 2280 1100 2305 carue,
1122 2276 1147 2299 ct
1167 2279 1217 2299 vos

370 2322 466 2350 eudem
490 2321 662 2358 eoye'tau'one
687 2319 867 2353 uruntmiui,
897 2319 968 2357 quia
987 2327 1097 2356 passus
1125 2322 1165 2346 cst
1186 2318 1217 2346 iu

371 2377 458 2397 curae
481 2369 561 2396 Deus.
590 2369 615 2396 ln
645 2376 727 2396 carne
748 2368 830 2396 etiam
860 2367 885 2395 iu
915 2367 1044 2403 sepulcro
1066 2365 1216 2403 quievisti,-

370 2416 507 2443 Psalmus:
532 2415 608 2443 Caro
631 2423 694 2442 meu
715 2414 871 2452 requiescet
892 2413 922 2441 iu
946 2421 995 2449 spe
1003 2423 1013 2446 ,·
1034 2416 1061 2441 et
1082 2413 1108 2440 in
1135 2420 1216 2445 carne

371 2463 507 2499 gloriosus
521 2462 696 2494 surrexisti:
713 2462 817 2498 primae
839 2461 871 2489 ad
894 2461 1069 2489 Timotheum
1092 2460 1174 2488 tertio
1188 2459 1216 2487 8:

372 2510 509 2546 ,lluynuiu
533 2513 572 2537 cst
591 2509 709 2545 pictatis
733 2512 971 2541 suci-cuneatum,
994 2508 1071 2545 quod
1091 2506 1216 2544 manife—

435 2669 441 2681 ¹
461 2670 589 2697 Respicitur
607 2671 672 2692 Num.
692 2671 728 2697 17,
747 2672 768 2692 8.

435 2707 443 2720 2
461 2709 501 2731 Hic
524 2709 595 2731 codex
618 2710 750 2731 Basileensis
771 2710 889 2738 sequentia
913 2710 988 2732 addit:
1013 2710 1064 2732 ideo
1085 2710 1216 2732 dominicae

373 2748 545 2770 resurrectionis
561 2752 730 2771 sacramentum
749 2749 815 2772 nobis
832 2749 971 2771 describitur
994 2750 1016 2771 in
1034 2748 1112 2771 verbis
1133 2755 1217 2777 propo·

373 2787 420 2808 sitis
438 2791 549 2815 quantum
567 2788 597 2810 ad
615 2788 668 2815 tria,
685 2788 770 2810 scilicet
787 2792 900 2817 quantum
923 2789 951 2811 ad
974 2789 1111 2816 resurgendi
1128 2788 1216 2810 uox-iia-

373 2830 430 2847 iem:
449 2826 576 2854 Rcstoruit;
593 2830 703 2855 quantum
722 2828 749 2849 ad
769 2828 944 2850 resurrectionis
955 2828 1088 2855 veritatem,
1107 2834 1160 2850 cum
1178 2827 1216 2849 ad-

373 2866 416 2887 dit:
439 2872 510 2894 curo;
531 2870 643 2894 quantum
666 2867 693 2889 ad
718 2867 858 2894 resurgentis
882 2866 1038 2895 identitatem,
1063 2873 1117 2889 cum
1140 2866 1217 2889 subin·

375 2906 426 2927 sert:
445 2910 505 2927 mccl.

435 2943 444 2955 3
461 2945 516 2965 ch.
534 2945 570 2972 37Υ
589 2945 628 2972 27;
645 2948 773 2973 sequuntur
790 2952 810 2967 (κ
830 2947 851 2972 ·2‚
869 2946 905 2967 23.
924 2949 945 2967 et
963 2946 986 2968 ll.
1004 2946 1061 2973 Reg.
1082 2946 1116 2972 19,
1138 2946 1170 2967 12.

435 2982 444 2994 ⁴
463 2983 528 3006 Yers.
547 2984 566 3005 t.
584 2987 606 3006 et
622 2991 642 3006 c.
663 2985 681 3010 1,
700 2985 720 3006 11.

437 3021 445 3033 ³¹
463 3021 508 3043 Cl‘r.
525 3028 601 3044 sermo
623 3023 641 3044 1.
657 3023 679 3045 iu
698 3023 779 3050 vigilia
798 3024 936 3050 Nativitatis,
954 3030 1024 3052 supra
1037 3030 1092 3052 pag.
1104 3024 1132 3046 88
1149 3030 1215 3052 seqq.

1028 221 1200 250 SERMONES
1222 221 1264 249 DE
1286 220 1448 249 TEMPORE.

1269 301 1377 325 statum
1400 301 1440 325 est
1461 297 1493 325 iu
1514 306 1620 331 car-uc,
1650 298 1840 336 iustificatum
1870 303 1909 328 cst
1930 299 1962 328 iu
1989 300 2115 336 spiritu,
2239 299 2243 374 ι

1270 344 1414 381 apparuit
1437 344 1571 381 Amyclis,
1592 345 1798 381 praedicatum
1821 349 1860 373 est
1880 346 2029 383 pentibus,
2055 355 2116 375 crc—

1269 391 1364 419 ditum.
1385 395 1425 419 est
1446 391 1478 419 iu
1493 391 1619 425 mundo,
1642 396 1806 421 assumtum
1823 396 1864 420 est
1879 393 1909 421 iu
1929 393 2035 430 yloriu.
2052 394 2116 422 Ber-

1270 437 1415 466 nardus9:
1442 439 1650 467 Sacramentum
1679 439 1770 468 carnis
1795 440 1887 468 crucis
1914 440 2013 468 Christi
2044 441 2116 470 vela-
2241 451 2243 467 l

1271 487 1411 518 mentum,
1430 485 1503 522 quod
1518 484 1625 522 decepit
1639 485 1787 514 diabolum.
1804 486 1879 514 Sicut
1894 486 2000 522 hydrus
2014 490 2041 515 et
2055 495 2116 515 cro-

1270 531 1384 560 codilus.
1400 531 1508 568 Hydrus
1523 532 1594 561 enim
1611 531 1676 560 limo
1691 540 1719 561 se
1734 540 1796 560 cum
1813 533 1942 567 involvit,
1964 533 2116 570 deglutitur

1270 587 1285 606 a
1307 578 1459 612 crocodilo,
1482 579 1527 606 sed
1557 579 1668 607 illaesus
1695 579 1850 608 custoditur
1873 580 1898 608 in
1925 583 2021 609 ventre
2042 580 2115 614 eius,

1270 628 1297 653 et
1311 625 1433 653 resoluto
1449 625 1545 662 (luto),
1566 625 1679 662 dissipat
1694 629 1866 660 voratorem,
1888 630 1915 655 et
1936 634 1968 655 eo
1990 630 2116 660 mortuo,

1271 672 1351 700 vivus
1372 672 1439 700 exit.
1456 672 1498 700 Sic
1514 673 1579 700 limo
1601 675 1710 701 nostrae
1726 673 1817 701 carnis
1839 673 1968 707 vestitus,
1984 673 2117 702 Dominus

1273 723 1395 748 ventrem
1417 719 1531 753 diaboli,
1547 719 1651 748 scilicet
1666 719 1818 754 infernum,
1835 720 1962 754 intravit,
1979 720 2116 749 lul'ernum

1270 766 1434 799 momordit,
1457 766 1522 803 quia
1543 766 1665 794 foramen
1682 766 1757 800 fecit,
1773 767 1838 795 dum
1860 766 1987 795 liberavit
2006 767 2116 799 electos,
2240 773 2243 789 ¹

1271 817 1297 842 et
1318 813 1426 842 diabolo
1448 814 1530 850 ligato
1551 813 1629 850 quasi
1653 816 1778 848 mortuo,
1800 814 1880 842 vivus
1905 814 1992 842 exivit
2013 817 2040 842 et
2060 814 2117 851 glo-

1272 860 1343 888 riose
1365 860 1556 897 triumphavit.
1580 860 1610 888 Et
1633 860 1684 888 boc
1713 864 1754 889 est
1774 864 1992 888 sacramentum
2021 861 2117 889 maui-

1271 906 1409 944 fcstatum
1433 908 1462 935 iu
1484 916 1589 941 carne,
1619 907 1692 944 quod
1721 907 1802 935 hodie
1823 911 1991 936 assumtum
2018 911 2058 936 cst
2086 907 2118 935 iu

1270 954 1385 992 θέον-ἴα,
1407 957 1433 982 et
1454 953 1581 983 Christus
1604 954 1634 982 iu
1654 954 1800 990 scuzyuiue
1820 962 1874 982 suo
1893 954 2021 982 initiavit
2035 953 2118 982 nohis

1270 1000 1351 1029 vium
1373 1009 1480 1029 novam
1500 1004 1524 1028 et
1546 1001 1682 1029 viventem
1702 1009 1756 1037 per
1777 1000 1919 1034 velamen,
1942 1000 1972 1029 id
1993 1005 2033 1029 cst
2051 1009 2116 1029 car-

1271 1056 1336 1075 uem
1357 1056 1461 1081 suum,
1484 1048 1517 1075 ad
1540 1048 1676 1076 Hebraeos
1696 1047 1803 1076 decimo
1820 1048 1850 1075 ¹⁰.

1351 1095 1384 1123 Ut
1405 1094 1490 1131 igitur
1511 1102 1542 1123 ea
1564 1102 1634 1131 quae
1662 1094 1789 1123 dicentur
1817 1095 1850 1123 de
1875 1094 2059 1123 sacratissima
2079 1094 2118 1122 se-

1272 1141 1408 1175 stivitate‚
1430 1141 1554 1178 apertius
1569 1142 1741 1175 elucescant,
1763 1141 1930 1175 notandum⁷
1952 1141 2025 1178 quod
2047 1149 2118 1170 caro
2242 1142 2243 1179 1

1272 1192 1367 1216 nostra
1387 1196 1423 1217 ex
1447 1188 1551 1224 primae
1573 1188 1760 1224 corruptionis
1781 1188 1887 1225 origine
1903 1188 1984 1216 babet
2006 1191 2032 1216 et
2054 1196 2118 1216 con-
2242 1185 2243 1190 ’

1272 1235 1360 1264 traxit
1380 1239 1501 1272 quatuor
1522 1235 1645 1264 defectus
1668 1235 1855 1263 lamentabiles
1875 1238 1903 1263 et
1923 1243 1976 1263 non
2003 1242 2117 1271 parvos,
2132 1242 2243 1273 (asamona¹

1273 1283 1398 1311 videlicet
1420 1282 1608 1319 opacitatem,
1630 1281 1809 1319 foeditatem,
1830 1282 2017 1319 yruvz'tcttmu,
2039 1281 2119 1318 fragi-
2132 1265 2236 1285 mmm„

1272 1330 1375 1359 litatem
1398 1338 1448 1359 sen
1470 1329 1670 1366 infirmitatem
1688 1331 1719 1357 ¹¹.
1741 1346 1779 1350 —
1801 1329 1885 1358 Habet
1906 1329 1996 1365 primo
2024 1329 2119 1366 opaci·
2136 1336 2216 1356 Primus.
2242 1360 2243 1369 ἵ

1272 1381 1356 1406 tutem
1379 1377 1586 1406 obnubilantem
1613 1377 1797 1410 intellectum}
1820 1376 1893 1405 unde
1919 1376 2045 1404 Matthaei
2072 1375 2119 1404 de-
2242 1375 2243 1410 i

1272 1425 1344 1453 cimo
1366 1427 1445 1453 sexto
1461 1425 1498 1452 ¹2:
1522 1425 1631 1452 Bcctlus
1652 1432 1697 1457 cs,
1720 1423 1838 1457 Simiou,
1859 1424 2026 1457 Bur-loua,
2048 1423 2119 1461 quia
2242 1423 2243 1427 ’

1272 1480 1342 1500 caro
1364 1475 1390 1499 ct
1410 1471 1535 1508 sanquis
1549 1479 1608 1499 uon
1623 1470 1760 1498 revelavit
1775 1470 1836 1504 tibi,
1851 1471 1900 1499 sect
1923 1471 2012 1498 Pater
2026 1478 2118 1503 uicus,

1271 1519 1323 1557 qui
1337 1519 1367 1547 in
1383 1518 1469 1547 curetis
1490 1522 1538 1546 est.
1561 1517 1688 1554 Opacitas
1703 1518 1774 1546 enim
1791 1517 1881 1545 carnis
1896 1517 2023 1554 spiritum
2039 1517 2118 1545 deor—

1272 1574 1333 1595 sum
1357 1566 1488 1602 impellit,
1518 1568 1549 1593 ut
1576 1573 1626 1593 nec
1651 1573 1683 1593 ea.
1704 1572 1775 1601 quae
1798 1565 1843 1593 Dei
1867 1567 1947 1599 sunt,
1970 1564 2117 1601 intelligat:

1272 1613 1377 1650 primae
1399 1613 1430 1641 ad
1454 1612 1610 1641 Corinthios
1632 1612 1728 1640 tertio:
1753 1612 1828 1648 Epo,
1849 1610 1979 1648 fratres,
2000 1620 2059 1639 ‘nou
2070 1619 2119 1648 po-

1273 1660 1317 1688 tui
1337 1659 1416 1687 vobis
1438 1659 1516 1696 ioqui
1536 1658 1624 1697 quusi
1637 1657 1861 1695 spiritualibus,
1883 1657 1933 1686 sest
1954 1657 2041 1695 quasi
2055 1665 2119 1686 car-

1271 1706 1397 1735 mitibus.
1419 1723 1458 1727 -—
1481 1706 1564 1734 Habet
1585 1705 1705 1734 secundo
1726 1704 1892 1743 foeditatem
1921 1708 2034 1741 propter
2055 1712 2118 1733 con—

1272 1754 1485 1790 cupiscentiam,
1508 1761 1579 1790 quae
1600 1756 1641 1781 est
1663 1753 1689 1781 in
1706 1760 1804 1786 carne,
1827 1752 1932 1781 ratione
1953 1752 2034 1781 cuius
2048 1760 2119 1780 caro

1272 1801 1452 1837 concupiscit
1472 1800 1615 1828 aduersus
1629 1800 1787 1837 spiritum,
1802 1800 1834 1827 ad
1850 1799 1958 1828 Galatas
1972 1799 2069 1836 quinto
2085 1798 2117 1827 ¹⁵.

1272 1848 1342 1876 Adeo
1364 1848 1436 1876 enim
1459 1847 1645 1885 persequitur
1666 1855 1740 1875 nunc
1763 1847 1788 1875 is
1809 1846 1861 1884 qui
1874 1846 2034 1874 secuudum
2056 1854 2120 1874 cur-

1272 1903 1334 1923 ucm
1357 1899 1413 1928 cst,
1436 1903 1499 1922 cum
1523 1895 1574 1932 qui
1593 1894 1752 1922 secuudum
1775 1894 1930 1930 spiritum,
1952 1896 1983 1921 ut
2003 1901 2062 1921 nou
2082 1893 2121 1921 sit

1271 1950 1333 1978 paa·
1356 1942 1511 1970 universae
1532 1941 1635 1975 curui,
1659 1941 1787 1969 Ieremiae
1808 1941 1979 1969 duodecimo.
2006 1957 2045 1960 -—
2069 1940 2119 1968 Ha-

1274 1989 1319 2017 bet
1341 1989 1422 2017 tertio
1442 1988 1616 2026 gratuitatem
1646 1991 1673 2017 et
1701 1988 1948 2025 ponderositatem,
1970 1987 2036 2024 quia
2057 1995 2120 2016 cor-

1270 2045 1343 2073 pus,
1359 2036 1435 2074 quod
1450 2036 1665 2072 corrumpitur,
1681 2038 1828 2072 ctqyi‘avut
1843 2035 1992 2068 unimam,
2008 2034 2120 2071 Sapien-

1274 2083 1327 2111 tiae
1349 2091 1421 2111 nouo
1438 2083 1468 2110 ¹⁴.
1487 2082 1616 2119 Corpus,
1638 2082 1714 2120 quod
1730 2081 1944 2118 corrumpitur,
1960 2081 1985 2109 id
2001 2084 2042 2110 est
2056 2089 2120 2110 caro

1274 2133 1422 2166 corrupta:
1438 2129 1550 2158 Genesis
1571 2132 1666 2157 sexto:
1685 2129 1785 2157 Omnis
1806 2128 1911 2166 quippe
1926 2137 1996 2156 curo
2017 2136 2120 2157 corru-

1271 2182 1359 2213 perat
1380 2177 1458 2205 viam
1481 2185 1578 2204 suam.
1607 2193 1645 2196 —
1668 2176 1752 2205 Habet
1773 2179 1873 2212 quarto
1902 2174 2120 2211 infirmitatem,-

1274 2224 1307 2252 ad
1331 2225 1465 2253 Romanos
1487 2227 1566 2252 sexto
1582 2224 1620 2251 ¹⁵:
1644 2224 1816 2252 Humanum
1839 2222 1919 2256 (lico,
1938 2226 2058 2259 propter
2076 2223 2120 2250 iu-

1272 2271 1442 2308 firmitatem
1474 2271 1577 2299 cumis
1612 2275 1742 2304 vestrae,-
1773 2274 1799 2299 et
1831 2270 1957 2299 Matthaei
1990 2270 2121 2307 vigesimo

1274 2322 1368 2347 sexto:
1393 2318 1523 2355 Spiritus
1544 2318 1659 2356 quictem
1679 2322 1835 2355 promptus
1856 2321 1911 2351 est,
1934 2325 2004 2346 curo
2023 2320 2121 2345 autem

1274 2365 1404 2402 infirmit.

1354 2413 1382 2440 H.
1406 2413 1468 2441 inde
1490 2416 1546 2446 est,
1562 2413 1634 2449 quod
1653 2413 1700 2441 has
1716 2412 1890 2449 indignitates
1905 2412 1996 2441 carnis
2010 2415 2120 2440 nostrae
2136 2417 2182 2459 53ss
2194 2415 2233 2458 Ἠ

1273 2460 1401 2488 Christus
1429 2460 1573 2488 evacuavit
1601 2460 1627 2488 in
1658 2459 1877 2493 resurrectione,
1901 2459 1980 2487 modo
2006 2459 2032 2487 iu
2055 2464 2234 2495 spe‚surreetion

1275 2507 1320 2536 sed
1343 2507 1369 2535 in
1396 2507 1491 2535 futuro
1518 2507 1545 2535 in
1575 2515 1613 2535 re.
1637 2507 1667 2535 Et
1696 2506 1755 2534 ideo
1784 2506 1970 2534 introducitur
1998 2505 2119 2534 secundo

2133 540 2238 562 Similitudui

2136 1711 2236 1730 secundum

2136 1946 2217 1965 Tertius.

2138 2181 2226 2205 Quartus.

1336 2669 1345 2682 ⁶
1363 2671 1439 2692 ualui.
1457 2670 1493 2697 27,
1512 2670 1550 2691 51.

1337 2708 1344 2722 ⁷
1362 2709 1430 2731 Vers.
1452 2709 1490 2735 115
1508 2712 1636 2737 sequuntur
1655 2709 1668 2730 1.
1687 2709 1744 2730 i’etr.
1764 2707 1784 2734 i,
1806 2708 1823 2729 1.
1841 2710 1862 2729 et
1881 2707 1916 2729 Ps.
1937 2707 1970 2733 15,
1988 2708 2010 2728 9.

1335 2747 1344 2760 '³
1362 2748 1428 2770 Vers.
1447 2749 1482 2770 iti.

1335 2786 1345 2799 ⁹
1362 2787 1405 2810 Csr.
1425 2788 1505 2809 Sermo
1524 2789 1564 2810 scr.
1582 2788 1618 2809 lV.
1637 2786 1707 2809 hebd.
1724 2789 1829 2813 sanctae,
1848 2792 1870 2808 n.
1893 2786 1926 2808 10.

1337 2826 1355 2839 ¹⁰
1373 2827 1439 2849 Vers.
1458 2828 1494 2849 iii.
1512 2833 1561 2855 seq.

1336 2866 1354 2878 ¹¹
1374 2866 1535 2889 Praecedentia
1552 2869 1628 2889 sumta
1645 2869 1698 2888 suut
1715 2872 1741 2888 ex
1758 2865 1836 2888 codice
1855 2864 1986 2887 Basileensi.

1337 2905 1356 2918 ¹²
1375 2906 1441 2928 Vers.
1460 2906 1500 2932 '¹73
1518 2905 1622 2934 sequitur
1639 2905 1653 2927 l.
1672 2904 1724 2927 Cor.
1741 2905 1765 2932 37
1786 2905 1806 2926 l.

1337 2944 1356 2957 ¹³
1374 2945 1440 2967 Vers.
1461 2944 1499 2971 i7;
1517 2948 1645 2973 sequuntur
1662 2950 1680 2966 c.
1700 2943 1725 2971 li,
1744 2944 1781 2966 ἓξ).
1799 2947 1819 2966 et
1839 2944 1879 2965 ler.
1900 2944 1932 2969 12,
1956 2943 1988 2965 1-2.
2219 2961 2222 2964 .
2242 2954 2243 2970 i

1337 2984 1356 2996 ¹⁴
1374 2984 1439 3007 Vers.
1458 2984 1497 3011 115;
1515 2984 1620 3012 sequitur
1637 2984 1693 3006 Gen.
1711 2984 1732 3010 6,
1755 2984 1787 3005 12.

1337 3022 1356 3035 ¹⁵
1375 3023 1440 3046 vers.
1458 3023 1497 3050 119ς
1515 3023 1619 3051 sequitur
1636 3023 1711 3045 mauu.
1730 3023 1767 3046 26.
1785 3022 1821 3044 41,
