2243 3348
29 362 30 371 1

26 384 30 397 Ι

24 399 30 434 l

60 452 149 475 secundo,

43 476 170 496 benedictione

23 512 26 518 .
46 499 165 520 connaturali.

9 1197 16 1210 =
9 1137 17 1190 -2›
10 1087 18 1130 ⁴⁴2⁴

3 1466 11 1664 auom—-n-——ss
0 1304 13 1454 ›zm-2³⁴2*
8 1269 11 1290 Ἴ,
9 1251 11 1254 ,

46 1106 114 1129 Tertio,
127 1106 159 1125 be-

49 1129 154 1149 nerlii-,tione

48 1153 154 1172 universali.

32 2463 84 2487 item,
97 2464 153 2484 bene-

28 2487 113 2507 dictionis
128 2488 153 2507 et*-

27 2510 74 2530 fusio
82 2516 116 2535 pei·
125 2512 157 2530 tri-

28 2534 94 2558 plicem
100 2535 155 2554 viam.

616 184 659 212 DE
682 185 945 214 ANNUNTlATlONE
967 185 993 213 B.
1017 186 1158 215 VlRGlNlS
1178 187 1305 217 MARIAE.
1328 189 1438 218 SERMO
1460 190 1500 218 Vt.

184 263 210 289 et
232 260 289 297 ipse
310 261 386 289 solus
401 261 489 297 potuit
510 270 560 291 nos
581 262 717 291 redimere
731 262 765 291 de
784 263 926 292 maledicto
948 263 1029 300 legis,

183 307 255 335 sicut
269 307 370 335 dicitur
385 307 417 336 ad
433 308 541 337 Galatas
556 309 637 337 tertio
649 310 675 336 ¹:
693 308 827 337 Clu-istus
842 318 893 338 nos
911 310 1031 338 redemit

184 353 217 381 de
238 353 389 382 maledicto
410 354 510 391 Leyis,
531 354 631 392 factus
651 364 706 392 pro
726 355 808 384 nobis
834 356 1028 385 maledictum.

263 400 424 429 Benedictus
446 401 526 430 etiam
549 401 600 430 fuit
625 402 812 431 benedictione
840 403 1031 431 connaturali

183 450 318 483 qnantum
341 447 374 475 ad
396 448 512 484 gratiam
535 448 664 482 unioniS,
680 457 751 485 quae
772 449 834 478 fecit
854 450 943 486 ipsum
966 457 1029 478 vere

182 501 241 522 esse
262 493 359 522 Filium
382 494 439 527 Dei,
462 502 515 522 non
538 494 713 531 adoptivum,
735 495 781 524 sed
804 496 968 529 naturalem,
988 503 1029 524 se-

182 540 303 568 cundum
319 540 392 577 quod
408 541 434 569 in
450 541 555 569 Psalmo
568 541 578 557 2
594 542 765 570 insinuatur:
785 542 963 576 Benedictus,
978 542 1030 580 qui

181 586 256 615 venit
277 587 308 615 in.
329 588 444 616 nornine
468 588 591 616 Domini.
616 589 691 617 Deus
716 589 867 623 Dominus,
886 595 910 617 et
932 589 1028 619 illuxit

180 633 270 661 nobis.
294 634 351 670 lpse
372 634 445 662 enim
468 634 628 663 benedictus
650 635 700 663 fuit
722 643 775 663 non
798 638 906 664 tantum
928 639 958 664 ut
979 636 1026 664 Dei

180 680 295 713 amicus,
319 681 366 709 sed
387 681 468 709 etiam
492 685 523 710 ut
544 689 628 710 verus
651 682 727 710 Deus
749 685 776 710 et
798 682 956 716 Dominus,
985 691 1027 711 se-

180 727 300 755 cundum
327 727 395 755 illud
422 728 596 764 Apocalypsis
627 728 732 757 decimo
764 736 850 756 nono:
873 729 964 756 Habet
995 730 1026 757 in

179 774 343 802 vestimento
364 778 390 802 et
410 775 441 803 in
461 774 570 812 femore
590 784 645 803 suo
665 776 825 812 scriptum:
850 776 908 803 Rex
923 784 1026 812 regunt

179 824 203 849 et
226 821 369 849 Dominus
390 821 615 850 dominantium.
638 822 669 850 Et
690 822 742 850 hoc
757 822 845 850 credit
865 826 892 850 et
914 823 1026 851 confite-

179 871 226 896 tur
248 868 414 897 universitas
435 869 648 902 salvandorum,
670 868 821 897 secundum
854 869 927 905 quod
955 869 1026 897 desi-

178 918 292 951 gnatum
313 914 364 943 fuit
386 915 513 943 Matthaei
536 915 667 952 vigesimo
683 915 784 952 primo:
808 915 935 949 Turbae,
951 924 1026 953 quae

177 961 387 998 praecedebant
408 965 432 990 et
453 970 527 1000 quae
548 961 752 1000 sequebamur,
775 962 959 996 clamabant,
981 962 1025 991 di-

178 1012 284 1036 centes:
307 1009 450 1037 Hosanna
472 1009 546 1037 Filio
570 1008 681 1036 Dauid:
708 1008 887 1043 benedictae,
909 1009 961 1047 qui
983 1018 1025 1037 ve-

176 1056 219 1083 nit
240 1056 272 1083 in
292 1056 408 1084 nomine
431 1056 548 1084 Domini
555 1066 564 1089 ;
586 1055 720 1084 hosanna
747 1056 777 1084 in
802 1056 963 1084 altissimis.
986 1073 1024 1077 —-

177 1102 269 1130 Tertio
291 1102 450 1131 benedictus
471 1102 523 1130 fuit
544 1102 733 1130 benedictione
754 1102 917 1130 uniuersali
937 1110 1024 1138 quan-

177 1152 235 1177 tum
257 1148 290 1177 ad
311 1149 426 1185 gratiam
449 1149 555 1185 capitis
577 1152 704 1185 respectu
727 1149 811 1177 totius
830 1149 978 1183 Ecclesiae;
997 1152 1024 1177 et

177 1196 243 1224 haec
264 1196 399 1232 promissa
422 1196 475 1224 fnit
503 1196 528 1224 in
556 1195 745 1224 benedictione
773 1196 913 1230 Abrahae,
941 1196 1025 1235 Gene-

176 1243 212 1271 sis
233 1242 395 1271 duodecimo
410 1243 436 1271 ³:
460 1243 633 1271 Benedieam
656 1243 708 1271 tibi
721 1247 745 1271 et
765 1243 962 1280 magnificabo
977 1252 1023 1271 no-

176 1298 238 1318 men
262 1294 356 1323 tuum,
378 1290 492 1328 erisque
513 1290 685 1324 benedictus,
708 1295 794 1328 atque
814 1290 845 1318 in
867 1295 891 1318 te
912 1290 1022 1319 benedi-

175 1340 276 1365 centur
308 1337 464 1365 universae
495 1337 680 1373 coynationes
712 1341 815 1365 terrae.
844 1337 898 1365 Hoc
929 1341 1021 1366 autem

175 1386 281 1412 constat
302 1391 361 1412 esse
383 1384 549 1420 completum
573 1383 599 1411 in
619 1383 665 1412 illo
686 1384 766 1412 cuius
787 1383 939 1412 benedictio
961 1384 1022 1412 red-

175 1430 260 1458 undat
290 1430 318 1458 in
348 1438 443 1459 omnes
470 1434 599 1467 tanquam
631 1438 647 1458 a
679 1438 787 1459 summo
818 1431 921 1467 capite;
951 1431 1022 1459 sicut

174 1477 245 1506 enim
267 1477 294 1505 in
317 1477 404 1514 capite
425 1485 521 1506 omnes
536 1485 634 1506 sensus
655 1477 844 1514 reperiuntur,
866 1478 904 1506 sic
925 1486 1021 1506 omnes

175 1524 377 1553 benedictiones
400 1524 509 1552 Patrum
532 1524 647 1552 fuerunt
668 1524 694 1552 in
709 1524 818 1552 Christo
841 1528 970 1561 tanquam
992 1525 1019 1552 in

174 1571 321 1599 universali
344 1571 432 1608 capite
447 1574 636 1607 congregatae.
652 1571 730 1607 Quod
752 1571 821 1600 bene
835 1571 1019 1608 significatum

174 1617 225 1646 fnit
246 1618 273 1646 in
295 1618 532 1646 benediCtionibus
555 1618 660 1654 loseph,
681 1618 793 1647 Genesis
808 1618 1019 1655 quadragesimo

173 1673 260 1694 nono:
298 1665 483 1702 Omnipotens
515 1665 654 1693 benedicet
689 1665 741 1693 tibi
776 1665 1019 1693 benedictionibus

172 1712 246 1740 caeli
265 1712 399 1749 desuper,
422 1711 666 1740 benedictionibus
681 1711 782 1749 abyssi
795 1711 916 1739 iacentis
937 1712 1018 1739 deor-

172 1768 249 1793 sum,
273 1758 515 1787 benedictionibus
531 1758 652 1787 uberum
668 1762 693 1787 et
713 1758 824 1786 vulvae.
840 1758 892 1787 Has
907 1758 1017 1795 quidem

173 1806 375 1835 benedictiones
390 1809 495 1835 constat
511 1814 570 1835 esse
591 1806 716 1842 impletas
731 1806 758 1834 in
774 1813 814 1840 eo,
836 1806 869 1834 de
884 1814 940 1843 quo
954 1806 1019 1834 dicit

172 1854 315 1891 Apostolus
335 1854 369 1882 ad
391 1854 578 1890 Philippenses
599 1853 734 1882 secundo:
757 1853 791 1881 ln
816 1854 932 1881 nomine
954 1854 1018 1881 Iesu

171 1909 253 1929 omne
272 1909 349 1938 qenu
369 1900 515 1937 flectatur,
533 1900 709 1933 caelestium,
725 1900 907 1928 terrestrium
929 1905 953 1928 et
974 1900 1017 1928 in-

170 1947 333 1985 fernorum.
357 1948 394 1976 De
417 1948 467 1976 hac
488 1947 588 1984 triplici
616 1947 804 1976 benedictione
827 1951 914 1984 potest
939 1947 1018 1976 intel-

171 1995 215 2033 ligi
237 1995 305 2024 illud
327 1995 400 2032 quod
422 1995 524 2023 dicitnr
546 1994 572 2022 in
596 1994 701 2023 Psalmo
715 1995 741 2022 4:
765 1994 808 2022 Sit
829 2002 932 2022 nomen
955 1994 1017 2023 eius

172 2042 348 2071 benedictum
371 2042 401 2070 in
418 2041 554 2075 saccula;
569 2046 636 2069 ante
649 2041 735 2069 solem
750 2045 901 2078 pern'ianet
914 2050 1017 2069 nornen

170 2090 240 2118 eius.
258 2090 293 2118 Et
314 2089 514 2117 benedicentur
535 2089 564 2117 in
585 2088 648 2125 ipso
669 2096 766 2116 omnes
787 2088 882 2116 tribus
904 2091 1015 2122 terrae,

170 2145 267 2166 omnes
286 2141 382 2174 gentes
410 2135 644 2173 magnificabunt
665 2143 739 2163 eum.
768 2135 939 2163 Benedictus
962 2135 1016 2163 Do-

172 2184 269 2212 minus
292 2184 368 2211 Deus
389 2182 492 2216 Israel,
515 2182 566 2220 qui
585 2181 661 2218 facit
686 2181 840 2209 mirabilia
867 2181 964 2215 solus;
992 2185 1017 2210 et

171 2230 347 2259 benedictum
369 2238 470 2258 nomen
493 2228 655 2257 maiestatis
676 2228 738 2256 eius
760 2228 791 2256 in
812 2233 977 2262 aeternum,
992 2231 1017 2257 et

170 2277 326 2315 replebitur
347 2277 497 2305 maiestate
524 2276 587 2304 eius
615 2275 708 2303 omnis
737 2278 835 2308 terra,·
855 2275 926 2311 fiat,
954 2274 1015 2312 siat.

170 2340 208 2346 ψ-
229 2324 272 2353 Sic
293 2324 378 2361 igitur
400 2324 426 2351 in
449 2323 558 2351 Christo
572 2325 613 2351 est
634 2322 723 2350 omnis
744 2322 941 2350 benedictionis
962 2322 1016 2351 col-

171 2372 242 2400 latio.

247 2417 286 2446 Ab
307 2417 366 2454 ipso
393 2417 474 2445 etiam
503 2420 544 2444 est
571 2415 661 2444 omnis
688 2415 886 2444 benedictionis
914 2414 1015 2453 effusio

170 2467 300 2501 tanquam
322 2472 338 2492 a
359 2464 448 2500 capite
476 2470 592 2491 summo.
617 2462 738 2491 Effluunt
758 2466 849 2490 autem
870 2470 886 2490 a
906 2461 1015 2490 Christo

169 2511 372 2540 benedictiones
386 2511 412 2539 in
436 2510 561 2539 membra
581 2517 631 2538 sua
653 2517 701 2545 per
717 2509 851 2545 triplicem
869 2509 948 2542 viam,
964 2508 1015 2537 sci-

170 2558 232 2587 licet
253 2566 302 2594 per
323 2557 486 2586 custodiam
513 2556 621 2585 divinae
650 2556 734 2592 16913,
764 2563 813 2592 per
841 2555 1015 2584 instantiam

169 2605 277 2634 divinae
295 2605 392 2642 precis
416 2607 444 2632 et
472 2611 520 2640 per
541 2602 734 2640 frequentiam
763 2602 871 2631 divinae
899 2602 1013 2636 laitdis,

170 2652 207 2680 ita
226 2652 300 2689 qnod
322 2651 443 2688 primum
466 2650 578 2686 respicit
600 2649 793 2686 perfectionem
825 2649 944 2683 activae,
967 2657 1014 2685 po—

169 2702 304 2727 stremum
326 2697 519 2734 perfectionem
542 2696 780 2732 contemplativae,
803 2696 922 2724 medium
950 2703 1014 2724 vero

1877 195 1931 223 685

1085 264 1289 301 dispositionem
1307 270 1432 303 respectu
1448 269 1603 306 utriusque.
1622 287 1656 290 -
1674 270 1762 299 Prima
1780 271 1864 308 igitur
1880 272 1931 306 via,
1955 279 2017 298 Prima
2030 280 2059 307 via

1086 319 1135 347 per
1163 320 1245 348 quam
1275 313 1453 350 adipiscimur
1484 315 1698 345 benedictionem
1732 317 1868 352 divinam,
1891 321 1932 347 est
1945 304 2071 349 fflifigiissfm

1086 359 1219 387 custodia
1244 360 1360 388 (livinae
1385 361 1482 398 Leyis,
1512 363 1663 391 secundum
1692 364 1765 400 quod
1791 364 1855 393 dicit
1883 366 1931 394 Le-

1085 405 1197 441 gislator
1220 406 1422 435 Deuteronomii
1446 408 1632 437 undecim05:
1657 411 1715 443 En,
1739 420 1871 448 propono
1899 412 1930 440 in

1085 456 1236 489 conspectu
1257 457 1350 481 vestro
1372 453 1454 483 bodie
1476 455 1693 485 benedictionem
1709 461 1734 486 et
1754 458 1929 487 maledictio-

1084 505 1166 525 nem:
1182 497 1413 534 benedictionem,
1428 501 1455 528 si
1468 501 1632 531 obedieritis
1646 504 1796 532 mandatis
1813 505 1930 533 Domini

1087 543 1138 571 Dei
1156 545 1254 578 vestri,
1277 554 1351 583 quae
1371 555 1421 583 eyo
1443 546 1526 576 bodie
1545 550 1694 586 praecipio
1718 550 1812 584 vobis,·
1844 551 1928 579 male-

1084 590 1250 625 dictionem,
1272 592 1300 620 si
1319 601 1376 621 non
1398 593 1560 623 obedieritis·
1578 597 1728 625 mandatis
1745 598 1862 626 Domini
1876 598 1930 626 Dei

1085 637 1180 665 uestri.
1202 638 1255 667 Hoc
1277 639 1366 675 ipsum
1382 641 1555 677 expressius,
1571 642 1774 672 Deuteronomii
1799 644 1927 681 vigesimo

1083 686 1194 712 octavo:
1217 684 1250 713 Si
1267 691 1424 722 praecepta
1452 688 1557 716 Domini
1588 690 1736 724 audieriS,
1766 690 1927 719 benedictus

1084 734 1114 757 tu
1136 730 1166 758 in
1189 731 1304 760 ciuitate
1318 736 1342 760 et
1357 732 1518 762 benedictus
1532 735 1563 762 in
1578 744 1660 772 ayro.
1677 737 1846 765 Benedictus
1859 736 1926 774 fru-

1083 781 1146 804 ctus
1167 778 1275 806 ventris
1297 779 1342 806 tui
1361 783 1385 807 et
1405 779 1524 816 fructus
1546 785 1641 810 terrae
1664 786 1730 811 tinae
1754 782 1926 822 fructusque

1083 827 1277 851 iumentorum
1304 827 1440 859 tuorum,
1460 834 1561 863 meges
1582 833 1783 856 armentorum
1807 833 1926 858 tuorum

1082 873 1107 896 ct
1127 869 1230 897 caulae
1251 871 1349 898 ovium
1371 876 1502 900 tuarum.
1526 874 1679 902 Benedicta
1701 874 1807 903 horrea
1829 879 1880 904 tua
1901 880 1927 904 et

1082 915 1242 944 benedictae
1264 917 1404 955 reliquiae
1419 922 1493 947 tuac.
1511 920 1680 948 Benedictus
1698 922 1756 949 eris
1778 926 1808 949 tu
1830 923 1925 959 ingre—

1082 961 1163 990 diens
1183 967 1207 990 et
1229 964 1394 1000 eyrediens;
1415 966 1462 993 ubi
1480 967 1601 1003 tangitur
1623 967 1775 996 benedictio
1789 972 1925 1005 quantum

1081 1009 1113 1036 ad
1129 1007 1346 1044 habitationem,
1360 1016 1493 1048 quantum
1510 1013 1542 1041 ad
1555 1015 1825 1051 praeparationem,
1838 1024 1924 1052 quan-

1081 1058 1140 1083 tum
1162 1056 1195 1084 ad
1214 1058 1421 1093 possessionem
1439 1063 1465 1087 et
1486 1060 1690 1095 operationem.
1708 1061 1724 1088 E
1740 1062 1879 1090 contrario
1900 1063 1923 1090 ei

1081 1101 1128 1138 qui
1151 1103 1263 1139 negligit
1291 1104 1377 1140 legem
1400 1105 1516 1134 debetur
1539 1107 1706 1141 maledictio;
1732 1108 1805 1136 unde
1832 1108 1925 1137 subdit

1081 1148 1197 1177 ibidem:
1221 1150 1254 1178 Si
1273 1151 1380 1179 audire
1400 1152 1529 1181 nolucris
1552 1162 1645 1182 vocem
1667 1154 1784 1182 Domini
1799 1155 1850 1183 Dei
1870 1155 1922 1188 tui,

1082 1195 1253 1224 maledictus
1274 1198 1332 1225 eris
1348 1198 1377 1225 in
1399 1199 1522 1233 civitate,
1538 1200 1708 1228 maledictus
1722 1201 1753 1229 in
1768 1210 1850 1238 [tyro.
1867 1202 1924 1230 Ma-

1081 1241 1214 1271 ledictum
1243 1242 1381 1272 borreum
1414 1249 1497 1273 tuunz
1528 1250 1553 1274 et
1583 1246 1753 1275 maledictae
1784 1248 1923 1285 reliquiae

1082 1293 1157 1317 tuae.
1179 1290 1349 1318 Maledictus
1363 1290 1482 1328 fructus
1497 1293 1606 1321 ventris
1629 1294 1672 1321 tui
1691 1297 1715 1321 et
1735 1293 1854 1331 fructus
1869 1298 1923 1322 ter.-

1079 1344 1131 1364 rae
1153 1340 1235 1370 tuae,
1257 1342 1392 1366 armenta
1411 1338 1496 1367 boum
1521 1343 1639 1367 tuorum
1661 1343 1685 1368 et
1705 1349 1804 1377 yreyes
1826 1341 1923 1369 ocium

1080 1386 1211 1412 tuarum.
1234 1384 1403 1413 Maledictus
1424 1386 1483 1413 eris
1508 1386 1673 1423 inqrecliens
1700 1391 1726 1415 et
1752 1387 1923 1416 maledictus

1078 1431 1234 1467 eyrediens.
1251 1447 1287 1452 -
1303 1432 1376 1460 Licet
1390 1435 1483 1461 autem
1500 1433 1587 1461 multa
1602 1434 1656 1462 sint
1673 1438 1818 1471 praecepta
1840 1435 1921 1471 legis,

1078 1485 1126 1514 per
1158 1486 1229 1514 quae
1260 1479 1400 1508 obtinetur
1428 1479 1580 1509 benedictio
1607 1481 1714 1515 divina,
1740 1482 1805 1518 quia
1830 1485 1921 1511 tamen

1077 1525 1133 1553 Lex
1156 1526 1279 1554 maxime
1299 1526 1408 1555 ordinat
1432 1526 1465 1554 ad
1488 1527 1657 1563 proximum,
1679 1528 1830 1557 secundum
1854 1529 1921 1558 illud

1076 1572 1109 1600 ad
1133 1573 1265 1601 Romanos
1286 1573 1392 1601 decimo
1412 1574 1492 1602 tertio
1507 1574 1533 1601 ⁶:
1558 1574 1616 1609 Qui
1635 1574 1730 1611 clitiyit
1748 1576 1920 1612 proximum

1076 1620 1176 1656 Leyem
1208 1620 1350 1657 impleuit,
1383 1621 1534 1649 secundum
1568 1621 1702 1658 triplicem
1740 1622 1921 1651 differentiam

1075 1667 1196 1702 proximi
1219 1667 1271 1695 tria
1296 1670 1361 1695 sunt
1381 1667 1413 1695 ad
1445 1668 1517 1695 illam
1546 1668 1743 1704 impetrandam
1772 1670 1919 1705 potissima.

1076 1713 1121 1741 Est
1142 1713 1213 1741 enim
1237 1714 1398 1750 proximus,
1421 1714 1467 1750 qni
1490 1717 1531 1743 est
1553 1723 1657 1751 supra,
1673 1718 1700 1743 et
1722 1715 1786 1744 huic
1804 1716 1920 1744 debetur
1959 1722 2034 1748 Triplex

1933 1746 2013 1768 proximi
2022 1745 2058 1764 dif-

1076 1758 1313 1796 lconorificentim
1334 1763 1361 1789 et
1383 1761 1538 1796 proximus,
1560 1762 1606 1797 qui
1630 1765 1670 1790 est
1691 1761 1785 1799 inf-ra,
1808 1766 1838 1790 ut
1853 1770 1919 1799 pau-
1941 1769 2021 1795 serepua
2034 1770 2054 1788 et

1075 1814 1134 1843 per,
1156 1810 1183 1835 et
1205 1807 1269 1835 huic
1289 1807 1406 1835 debetur
1421 1807 1643 1841 misericordia;
1657 1811 1684 1836 et
1699 1809 1856 1844 proximus,
1872 1809 1918 1846 qui
1948 1792 2047 1842 alffrl'is‘iijo

1075 1856 1116 1881 est
1137 1857 1252 1887 eontra,
1274 1857 1300 1882 et
1322 1854 1387 1882 huic
1401 1854 1518 1882 debetur
1533 1854 1704 1887 tolerantia,·
1725 1858 1752 1883 et
1766 1855 1917 1883 secundum
1939 1839 2054 1857 benedmm'

1075 1900 1142 1929 haec
1164 1901 1216 1928 tria
1238 1908 1287 1937 per
1308 1901 1510 1929 observantiam
1533 1901 1610 1938 Legis
1638 1901 1781 1938 tripliciter
1802 1902 1919 1939 acquiri-

1075 1949 1121 1975 tur
1142 1946 1295 1975 benedictio
1315 1947 1415 1975 divina.

1154 1994 1243 2022 Primo
1264 1994 1367 2023 scilicet
1388 2003 1437 2031 per
1451 1994 1699 2032 honorificentiam
1723 1999 1849 2032 respectu
1871 2004 1919 2032 pa-

1074 2041 1125 2069 tris
1132 2051 1139 2075 ;
1164 2041 1340 2070 Ecclesiastici
1364 2042 1445 2070 tertio
1459 2042 1485 2069 ⁷:
1507 2042 1629 2070 Honora
1646 2047 1762 2078 patrem
1777 2047 1870 2076 tuum,
1886 2046 1918 2070 ut

1073 2088 1259 2124 superveniat
1280 2088 1332 2116 tibi
1352 2088 1505 2117 benedictio
1520 2088 1557 2116 ab
1572 2098 1612 2123 eo,
1628 2093 1652 2117 et
1671 2089 1823 2117 benedictio
1839 2089 1918 2118 illius

1073 2135 1104 2163 in
1116 2135 1273 2163 novissimo
1286 2139 1413 2163 maneat.
1426 2135 1588 2164 Benedictio
1597 2136 1695 2172 patris
1706 2135 1807 2172 firmat
1819 2136 1917 2164 domos

1072 2180 1213 2217 filiorum,
1228 2181 1390 2210 maledictio
1412 2185 1509 2210 autem
1529 2182 1637 2210 matris
1654 2182 1786 2210 eradicat
1807 2182 1918 2219 sutula-

1073 2232 1177 2256 menta.
1201 2228 1242 2257 Nc
1261 2228 1398 2265 ylorieris
1418 2229 1450 2256 in
1468 2228 1641 2257 contumelia
1658 2229 1756 2265 patris
1778 2230 1823 2257 tui
1830 2239 1839 2261 ‚·
1859 2237 1917 2257 non

1073 2276 1148 2303 enim
1170 2279 1209 2303 est
1231 2275 1282 2303 tibi
1300 2275 1399 2312 yloria
1419 2275 1482 2303 eius
1496 2274 1638 2311 confusio.
1658 2275 1760 2304 Gloria
1774 2276 1847 2304 enim
1868 2274 1916 2303 lio-

1073 2322 1162 2350 minis
1183 2331 1217 2350 eac
1239 2321 1345 2350 bonore
1363 2322 1461 2358 patris
1482 2322 1546 2355 sui,
1561 2326 1586 2350 et
1607 2322 1728 2350 dedecus
1747 2322 1812 2357 filii,
1831 2325 1916 2359 pater

1072 2369 1134 2397 sine
1154 2368 1269 2397 bonore.
1291 2369 1342 2405 Qui
1365 2369 1436 2397 enim
1459 2372 1565 2405 patrem
1581 2377 1662 2397 suum
1684 2369 1839 2403 inhonorat,
1861 2377 1914 2397 non

1072 2416 1229 2453 assequitur
1251 2416 1477 2449 benedictionem,
1499 2415 1546 2444 sed
1566 2416 1799 2450 maledictionem,
1821 2424 1915 2444 secun-

1071 2462 1137 2490 dum
1170 2461 1236 2490 illud
1269 2461 1473 2490 Deuteronomii
1507 2462 1637 2498 vigesimo
1669 2462 1799 2498 septimo:
1828 2461 1914 2490 Male-

1071 2509 1166 2537 dictus
1187 2509 1290 2542 omnis,
1312 2509 1364 2546 qui
1386 2516 1444 2537 non
1472 2507 1596 2537 honorat
1612 2513 1726 2545 patrem
1754 2517 1851 2536 suum.
1876 2525 1915 2529 —

1071 2556 1195 2585 Secundo
1216 2556 1376 2593 acquiritur
1390 2563 1438 2592 per
1454 2556 1686 2584 miscricordiam
1709 2559 1834 2592 respectu
1850 2564 1914 2592 pau-
1942 2561 2035 2583 Secundo.

1928 2589 1963 2608 pei·
1975 2585 2047 2603 miseri-

1071 2602 1160 2638 peris;
1182 2602 1394 2630 Proverbiorum
1412 2601 1540 2638 vigesimo
1557 2601 1677 2630 secundo
1689 2601 1714 2629 ³³:
1732 2601 1790 2637 Qui
1800 2609 1914 2638 pronus
1927 2608 2053 2655 erssg‘ssffsse.

1070 2653 1111 2677 est
1125 2649 1165 2677 ad
1179 2648 1413 2677 misericordiam
1429 2648 1624 2681 benedicetur;
1643 2648 1676 2676 cle
1693 2647 1823 2684 panibus
1837 2656 1913 2675 enim

1070 2696 1133 2723 suis
1149 2695 1225 2723 dedit
1237 2695 1374 2732 pauperi.
1390 2695 1462 2723 Talis
1477 2698 1536 2723 erat
1552 2695 1605 2728 lob,
1622 2694 1666 2723 lob
1682 2694 1810 2731 vigesimo
1825 2702 1911 2722 nono:

1979 1863 2015 1880 nis.

1958 2003 2028 2024 Primo,

1942 2026 2046 2050 acquiritur

1935 2054 1969 2072 per
1981 2049 2055 2068 honori-

1945 2072 2039 2091 ficentiam

1937 2101 1980 2119 erga
1993 2101 2049 2120 supe-

1960 2119 2026 2138 riores.

1968 2659 2005 2673 1⁸8!-

233 2863 240 2876 ²
261 2864 325 2886 Vers.
349 2864 381 2885 13.

233 2902 242 2916 2
261 2903 340 2925 Psalm.
353 2903 357 2924 t
368 2903 445 2929 17,26.
455 2908 514 2930 seq.;
526 2904 654 2930 sequuntur
664 2901 823 2929 Apoc.19,16.
832 2904 854 2923 et
864 2901 1014 2927 tlaitt1.2t,9.

233 2943 241 2956 ³
260 2944 325 2966 Vers.
345 2944 367 2965 22.
384 2948 445 2971 seq.;
462 2944 591 2970 sequuntur
608 2947 628 2963 c,
647 2941 682 2968 to,
701 2941 738 2963 25.
755 2944 777 2963 et
794 2941 847 2962 Phil.
866 2942 887 2967 2,
909 2941 942 2962 10.

232 2982 242 2995 ⁴
260 2983 342 3005 Psalin.
359 2982 397 3009 71,
418 2982 451 3003 17,
468 2987 533 3010 seqq.

1135 2860 1144 2873 ⁵
1163 2861 1226 2883 Veis.
1236 2861 1273 2882 26.
1282 2866 1342 2889 seq.;
1355 2863 1482 2888 sequuntur
1491 2866 1510 2881 c.
1521 2860 1558 2886 28,
1568 2860 1588 2881 2.
1600 2865 1666 2887 seqq.
1675 2861 1696 2880 et
1706 2858 1758 2880 dein
1768 2864 1790 2879 v.
1801 2858 1837 2880 45.
1846 2864 1912 2886 seqq.

1134 2899 1143 2911 ‘³
1161 2900 1225 2921 Vers.
1243 2900 1264 2921 8.

1134 2939 1142 2952 ⁷
1160 2939 1225 2961 Vers.
1244 2939 1263 2960 0.
1281 2944 1359 2966 seqq,
1376 2937 1480 2966 sequitur
1497 2937 1562 2959 Dent.
1579 2937 1616 2964 27,
1637 2937 1670 2959 16.

1132 2977 1141 2990 ⁸
1160 2978 1224 3000 Vei-s.
1242 2978 1268 3006 93
1286 2980 1414 3006 sequuntur
1432 2976 1470 2999 lob
1488 2977 1525 3003 29,
1547 2977 1579 2998 13.
1597 2979 1619 2998 et
1635 2976 1671 2998 ΡΞ.
1689 2976 1725 3004 36,
1743 2976 1779 2997 26.
