2243 3348
224 928 336 947 Notandum.

224 1184 336 1203 Notandum.

219 1270 290 1289 Divisio
304 1275 336 1293 per

235 1294 322 1312 casualia.

224 1437 332 1464 Exemplum

237 1466 324 1484 primum,

224 1779 338 1798 secundum.

250 2080 339 2098 Tertium.

357 163 390 190 ,ἢ

353 240 413 265 illud
425 240 535 265 Danielis
548 239 637 270 quarto
649 237 655 250 ¹
666 248 671 262 :
682 237 869 269 Illaynificatus
882 243 906 261 es
919 237 943 260 et
956 235 1097 265 invaluisti,
1110 235 1133 258 et
1144 241 1196 258 ma-

352 283 461 315 qnitucio
481 283 526 306 tua
545 281 621 306 crevit
634 282 657 305 et
670 280 789 311 pervenit
801 286 880 309 usque
894 277 928 302 ad
941 277 1033 308 caelos,
1047 278 1071 301 et
1081 276 1197 307 potestas

355 328 399 350 tua
412 332 491 356 usque
504 325 539 349 ad
552 324 673 348 terminos
685 323 817 347 universae
831 323 922 345 terrae.
936 319 1023 345 Potest
1036 319 1118 344 autem
1138 318 1197 342 divi-

353 370 444 394 sionem
459 375 527 392 suam
539 368 593 398 quis
606 366 748 397 exponendo
761 365 866 395 dirigere
879 364 910 388 ad
924 363 1054 388 secundam
1065 369 1196 393 personam

353 413 400 437 sic:
422 411 441 436 O
461 410 572 438 Christe,
592 410 649 441 quia
674 416 772 433 carnem
801 407 925 436 sumsisti,
951 407 997 431 ibi:
1017 404 1197 437 maqnificatus

353 462 393 484 es:
405 454 434 478 de
450 454 505 478 lacu
524 460 568 477 nos
581 451 700 479 eduxisti,
714 450 760 475 ibi:
775 450 923 479 i›zz·aluisti;
936 456 1010 480 super
1023 448 1103 473 caelos
1116 454 1197 471 ascen-

353 497 410 521 disti
421 516 426 525 ,
445 496 491 520 ibi:
512 495 663 526 ninynitudo
683 495 728 517 tua
747 492 824 516 crevit
842 493 866 516 et
882 492 996 522 pervenit
1007 497 1087 521 usque
1101 489 1135 514 ad
1146 496 1198 513 cae-

354 541 407 570 los‚·
420 539 554 570 Apostolos
567 538 592 562 et
606 544 649 561 nos
662 535 808 560 illuminasti
819 554 824 563 ,
838 535 884 559 ibi:
898 536 922 559 et
935 535 1048 565 potestas
1061 535 1106 557 tua
1118 539 1198 563 usquc

354 583 389 608 acl
406 582 527 606 terminos
545 580 678 604 universae
698 580 788 602 terrae.
809 577 997 608 Maynificatus
1015 584 1040 601 es
1053 583 1111 607 ergo
1125 576 1149 599 in
1163 575 1198 599 in-

353 625 509 650 carnatione:
529 622 663 647 invaluisti
682 622 707 645 iu
727 621 855 652 passione;
874 619 1025 651 mafflzitudo
1052 620 1096 643 tua
1121 618 1198 642 crevit

353 675 431 698 usque
450 666 485 691 ad
503 666 585 690 caelos
605 666 628 689 in
648 665 804 689 ascensione:
824 664 848 687 et
863 664 978 693 potestas
998 663 1042 686 tua
1066 668 1146 691 usque
1165 660 1199 685 ad

354 711 474 735 terminos
492 709 625 733 zmivcrsae
645 708 727 731 terrae
740 707 765 730 in
779 706 887 736 Spiritus
904 705 983 729 sancti
998 705 1121 729 missione.
1135 703 1198 732 Quid

353 754 430 785 igitur
450 760 492 783 per
511 751 556 776 hos
575 751 696 775 terminos
714 750 846 774 um'versae
865 750 949 773 terrae
967 748 1015 772 nisi
1033 747 1148 778 Apostoli
1160 746 1199 771 do-

353 796 499 827 signantur,
519 794 559 825 qui
579 794 607 818 ut
627 792 776 824 potestatem
796 791 969 819 ostenderent,
990 791 1017 814 iu
1036 797 1133 814 omnem
1153 791 1198 814 ter-

352 846 410 863 ram
428 838 506 862 exivit
522 844 601 861 sonus
619 843 706 860 eorum
721 834 729 847 ²
741 835 754 858 1?

423 881 497 909 Ecce,
517 880 603 904 modus
625 878 774 903 affectuosus
787 877 825 901 est
838 877 899 906 iste,
919 884 962 907 per
976 883 1046 907 quem
1060 876 1145 900 thema
1158 882 1199 899 ex-

354 925 467 956 ponitur,
481 924 537 948 dum
552 922 678 947 dividitur.
688 936 723 939 -—
736 921 769 945 Et
782 921 882 945 nomina
894 919 1058 944 numerabilia
1070 918 1200 943 excludun-

354 968 409 997 tur,
429 967 522 992 scilicet
541 966 646 996 primum
656 984 661 994 ,
682 964 829 993 secundum,
843 963 946 988 tertium
960 962 984 987 et
997 962 1113 993 quartum
1123 980 1129 991 ,
1143 969 1199 993 quo-

354 1018 407 1035 rum
428 1009 587 1041 superfluitas
600 1008 704 1032 sollicite
718 1007 821 1031 vitanda
840 1006 878 1031 est
896 1007 920 1030 in
941 1013 1066 1035 sermone:
1081 1005 1198 1034 maxime,

353 1061 406 1078 cum
426 1060 482 1077 raro
502 1052 583 1082 posita
602 1050 762 1075 inveniantur
781 1057 795 1074 a
823 1049 920 1074 Sanctis
947 1050 971 1073 et
995 1049 1075 1080 magis
1100 1048 1199 1073 lectioni

353 1096 491 1127 congruant
510 1102 582 1126 quam
604 1094 718 1118 sermoni.

423 1139 520 1163 Peter-lt
539 1138 621 1162 autem
642 1137 783 1168 praedictus
803 1136 890 1161 modus
909 1143 962 1160 esse
982 1136 1126 1167 plerumque
1139 1142 1200 1160 com-

354 1183 448 1210 munis,
468 1182 487 1205 si
508 1182 563 1212 quis
582 1188 636 1205 enm
656 1180 686 1204 ad
707 1180 780 1211 plura
799 1179 899 1204 sciverit
918 1179 1046 1210 ampliare.

425 1225 465 1249 16.
486 1224 588 1248 Praeter
609 1223 772 1254 praemissum
798 1222 836 1247 est
861 1222 925 1246 alius
950 1222 1037 1246 modus
1062 1221 1199 1250 dividendi,

353 1268 446 1293 scilicet
466 1275 508 1298 per
526 1266 657 1296 casualia,
677 1266 705 1290 ut
724 1265 818 1290 tactum
839 1265 878 1289 est
895 1263 1001 1295 supra⁸.
1021 1264 1089 1293 Quod
1103 1264 1199 1295 quidem

353 1310 466 1334 variatur
486 1309 666 1339 multipliciter,
680 1315 724 1339 per
741 1308 821 1332 rectos
840 1314 912 1332 casus
931 1307 1024 1331 scilicet
1036 1307 1061 1331 et
1074 1306 1200 1337 obliquos,

354 1353 418 1377 sieut
436 1352 539 1377 inferius
559 1351 618 1376 ordo
638 1350 771 1382 patefaciet
789 1351 964 1381 exemplorum.

424 1395 454 1420 In
474 1395 561 1426 primis
582 1394 689 1425 ponatur
707 1394 769 1418 illud
789 1393 849 1418 Osee
873 1392 976 1417 sexto⁴:
999 1392 1080 1424 Quasi
1106 1392 1202 1416 dilucu-

355 1438 406 1462 lum
420 1439 598 1469 praeparatus
618 1438 655 1461 est
673 1444 788 1468 cyressus
807 1437 868 1467 eius,
888 1437 911 1460 et
928 1436 1010 1460 veniet
1028 1435 1103 1466 quasi
1123 1435 1201 1459 imber

355 1481 426 1505 nobis
446 1482 623 1511 temporaneus
641 1481 664 1504 ei
682 1480 811 1504 serotinus
835 1480 925 1503 terrae.
946 1479 1004 1503 Tria
1030 1478 1151 1503 notantur
1176 1478 1201 1502 in

354 1524 448 1549 verbis:
469 1523 590 1548 venientis
610 1522 798 1553 opportunitas:
817 1522 898 1553 Quasi
917 1520 1076 1551 diluculum;
1089 1520 1202 1545 acceden-

354 1568 387 1593 tis
406 1568 529 1598 dignitas:
546 1567 723 1597 praeparatus
735 1567 772 1590 est
784 1572 898 1597 cyr-ossus
917 1565 971 1589 cius
979 1573 986 1595 ,·
1000 1564 1024 1589 et
1036 1565 1116 1595 ipsius
1128 1564 1202 1588 adve-

354 1611 445 1636 nientis
464 1610 575 1635 utilitas:
594 1611 618 1634 et
636 1610 716 1634 veniet
741 1609 817 1640 quasi
842 1608 921 1633 imber
940 1608 986 1633 etc.
1006 1608 1095 1633 Posset
1118 1608 1201 1632 autem

355 1655 446 1679 variari
465 1654 499 1678 sic
518 1654 542 1677 in
562 1653 643 1677 eodem
671 1652 759 1681 verbo,
780 1652 808 1676 ut
833 1651 943 1676 dicatur:
964 1651 1140 1682 opportunitas
1165 1658 1203 1675 ve-

354 1697 451 1726 niendi,
470 1696 580 1728 dignitas
598 1695 726 1720 accedendi
746 1695 771 1719 et
789 1694 887 1719 utilitas
906 1694 1061 1719 adveniendi.

426 1740 464 1764 Sic
483 1739 508 1763 et
535 1739 559 1763 in
588 1738 710 1762 Matthaei
735 1738 854 1769 vigesimo
880 1738 959 1768 primo
974 1736 996 1761 ⁵:
1024 1737 1109 1761 Dicite
1134 1737 1203 1767 filiae

358 1782 435 1808 Sion:
454 1783 533 1812 Ecce,
553 1788 597 1805 ree
617 1782 676 1805 tuus
694 1781 762 1805 vena
781 1780 828 1804 tibi
845 1781 1002 1804 mansuetus.
1016 1780 1063 1804 Hic
1081 1779 1203 1805 notantur

358 1827 464 1857 quinque
492 1825 556 1849 circa
584 1824 722 1848 Salvator-is
750 1823 898 1847 adventum:
925 1823 1060 1847 necessitas
1080 1823 1202 1854 petentis:

358 1869 443 1894 Dicite
462 1868 532 1899 filiae
554 1867 633 1896 Sion;
653 1866 827 1897 propinquitas
851 1865 988 1890 venientis:
1008 1873 1075 1895 ecee;
1094 1865 1204 1890 sublimi-

357 1912 397 1937 tas
417 1911 565 1936 accedentis:
585 1917 630 1934 rex
651 1911 724 1939 tuus;
743 1909 841 1933 utilitas
867 1908 1034 1933 advenientis:
1054 1909 1122 1933 venit
1141 1909 1204 1939 tibi,-

359 1954 383 1979 et
401 1954 531 1978 humilitas
550 1952 733 1977 descendentis:
753 1953 909 1976 mansuetus.

428 1997 495 2022 Haec
513 1996 596 2021 autem
610 1995 697 2020 divisio
711 1995 837 2023 variatur,
852 1995 915 2019 sicut
928 1994 1065 2019 subiectum
1079 1994 1204 2019 monstrat

359 2041 505 2072 exemplum.
525 2039 637 2064 Ponatur
655 2038 717 2063 illud
741 2038 908 2062 Ecclesiastici
932 2037 1060 2069 trigesimo
1079 2037 1165 2062 octavo
1180 2036 1202 2061 ¹³:

358 2084 469 2109 Honora
487 2082 610 2107 medicum
625 2082 733 2112 propter
745 2081 934 2111 necessitatem;
947 2081 1037 2105 etenim
1049 2080 1125 2105 illum
1138 2088 1205 2105 crea-

358 2127 394 2151 vit
411 2126 571 2151 Altissimus.
591 2125 622 2150 In
643 2124 718 2149 verbo
737 2124 785 2149 isto
799 2124 889 2148 salutis
902 2124 988 2148 auctor
1001 2124 1077 2148 saluti
1091 2123 1204 2154 providet

358 2169 553 2197 conservandae,
572 2176 602 2192 ne
622 2168 687 2199 quis,
703 2174 761 2192 suae
774 2167 884 2191 innitens
898 2166 1055 2198 prudentiae,
1074 2167 1203 2191 consilium

357 2219 405 2237 non
426 2212 550 2243 requirat,
578 2212 603 2235 et
629 2211 692 2235 artis
720 2210 853 2235 medicinae
872 2211 990 2241 ignarus,
1010 2210 1143 2234 recidivum
1166 2210 1205 2234 in-

358 2255 457 2284 currat,
477 2256 500 2279 et
517 2254 584 2284 fiant
611 2254 750 2278 novissima
778 2253 890 2278 hominis
914 2252 986 2278 illius
1000 2253 1093 2284 peiora
1107 2253 1205 2284 priori-

359 2298 405 2323 bus
416 2297 440 2327 ⁷‚·
459 2298 517 2329 quia
536 2297 663 2328 peccator,
682 2304 739 2321 eum
759 2297 786 2320 in
801 2295 962 2327 profundum
980 2296 1078 2321 venerit
1093 2297 1205 2327 peccato-

359 2348 430 2372 rum,
450 2340 595 2365 contemnit.
615 2339 690 2368 Ecce,
710 2340 735 2363 in
750 2339 831 2363 verbis
850 2338 906 2363 istis
926 2346 1058 2369 expressus
1076 2338 1115 2363 est
1134 2346 1206 2370 prae-

359 2382 436 2408 dicti⁵³
457 2383 575 2407 thematis
595 2389 697 2411 sensus,
716 2382 780 2413 quod
806 2382 844 2406 est
862 2382 887 2406 in
907 2381 1021 2406 omnibus
1040 2381 1144 2406 sollicite
1163 2381 1206 2406 ob-

359 2426 515 2451 servandum.
536 2425 629 2450 Deinde
646 2424 794 2456 procedatur
808 2424 839 2449 ad
851 2424 1009 2449 dividendum
1023 2424 1070 2449 sic:
1084 2424 1109 2448 in
1123 2423 1205 2449 verbis

359 2469 502 2500 praemissis
520 2469 552 2493 ad
570 2468 805 2493 commendationem
824 2467 911 2492 medici
930 2467 1070 2498 spiritualis
1089 2467 1138 2492 tria
1152 2474 1206 2498 pro-

360 2512 501 2543 ponuntur:
528 2511 635 2542 primum
663 2511 742 2542 ipsius
766 2510 890 2541 dignitas,
911 2510 935 2534 et
953 2510 1006 2535 ideo
1025 2510 1064 2535 est
1081 2510 1206 2535 honoran-

359 2555 418 2579 dus:
438 2554 549 2579 Honora
573 2554 713 2583 medicum;
732 2553 863 2577 secundum
890 2553 928 2577 est
950 2553 1037 2577 nostra
1056 2552 1204 2582 necessitas,

360 2597 384 2622 et
397 2597 449 2622 ideo
463 2597 636 2628 requirendus:
646 2597 755 2627 propter
767 2596 955 2625 necessitatem;
973 2587 1075 2620 tertium
1089 2596 1127 2620 est
1141 2596 1206 2620 eius-

360 2639 413 2664 dem
432 2639 582 2668 auctoritas,
602 2639 627 2664 et
646 2638 698 2663 ideo
717 2638 765 2663 fide
783 2638 888 2670 dignus:
908 2639 1000 2662 etenim
1020 2638 1095 2662 illum
1111 2638 1206 2663 creavit

359 2682 521 2707 Altissimus.
540 2682 588 2707 Est
606 2682 689 2706 autem
710 2682 797 2707 modus
821 2682 868 2706 iste
893 2682 1029 2706 communis
1050 2681 1075 2706 ct
1094 2681 1205 2712 pulcher.

376 184 390 191 -
1069 156 1128 184 ARS
1149 154 1379 184 CONCIONANDI.

1253 232 1338 264 Eligat
1351 240 1409 264 crgo
1423 233 1592 264 unusquisque
1610 232 1674 264 quod
1693 233 1762 262 vult,
1777 233 1801 257 et
1821 233 1957 258 studiosum
1973 241 1998 258 se
2018 235 2097 266 magis

1252 283 1325 307 quam
1346 275 1494 300 malevolum
1515 275 1610 306 probet.

1325 317 1366 343 17.
1385 317 1473 342 Potest
1491 318 1569 349 igitur
1588 317 1640 342 tam
1660 319 1683 342 in
1703 318 1752 343 isto
1771 326 1844 350 quam
1871 319 1895 343 in
1922 320 2028 351 sing-ulis
2047 327 2098 344 ver-

1253 360 1351 385 balibus
1371 361 1394 384 in
1415 360 1520 385 diversis
1540 360 1646 391 obliquis
1664 361 1751 386 divisio
1771 362 1877 392 variari:
1897 362 1962 387 sicut
1980 369 2009 386 ex
2027 362 2098 393 parte

1254 410 1331 434 supra
1350 402 1512 428 ostendimus.
1532 402 1616 428 Primo
1643 403 1674 427 ad
1701 403 1747 429 hoc
1772 404 1881 434 ponatur
1900 404 1960 429 illud
1980 404 2098 430 Ecclesia-

1254 446 1309 470 stioi
1328 444 1454 470 decimo⁰:
1478 445 1547 477 Quid
1563 445 1695 477 superbis,
1715 447 1784 470 terra
1803 447 1826 470 et
1843 446 1927 471 cinis?
1947 446 1980 471 Et
2002 447 2099 472 dicatur

1254 489 1301 512 sic:
1323 489 1346 512 in
1367 488 1414 512 isto
1434 488 1522 517 verbo⁷
1543 488 1636 512 scilicet
1656 489 1725 513 terra
1750 489 1774 512 et
1797 489 1876 520 einis,
1896 489 1983 514 nostra
2002 489 2099 521 fragilis

1254 530 1361 556 conditio
1380 531 1546 560 memoratur:
1571 531 1613 555 ubi
1635 531 1685 555 tria
1710 531 1846 560 notantur,
1866 532 1960 556 scilicet
1978 532 2100 557 humanae

1254 573 1361 598 conditio
1380 573 1499 598 vilitatis:
1520 575 1605 603 terrm
1624 574 1732 598 eiusdem
1752 574 1915 599 consideratio
1938 574 2099 608 fragilitatis:

1254 617 1335 645 cinis:
1354 616 1379 641 et
1398 617 1515 645 tertium,
1535 617 1599 648 quod
1619 624 1646 641 ex
1666 617 1761 642 duobus
1774 617 1896 642 inclusum
1910 618 2016 647 elicitur,
2029 618 2100 643 actus

1254 659 1420 684 humilitatis:
1441 659 1505 690 quid
1521 658 1658 690 superbis?

1325 703 1389 727 Item
1410 703 1518 733 ponatur
1532 702 1593 727 illud
1608 702 1730 727 Matthaei
1749 703 1876 728 undecimo
1889 702 1922 727 ¹⁰:
1945 704 1984 728 Tu
2003 710 2042 734 es,
2056 703 2101 735 qui

1254 747 1375 770 venturus
1395 747 1445 776 est,
1466 753 1501 770 an
1520 745 1602 770 alium
1616 746 1810 776 exspectamus?
1823 746 1908 771 Dicam
1921 746 1958 770 ita
1970 746 2100 771 dividendo

1255 796 1299 819 per
1318 788 1446 813 dativum:
1466 788 1514 813 duo
1533 788 1592 813 facit
1618 788 1705 813 beatus
1729 788 1848 813 Ioannes:
1875 789 2019 820 obsequitur
2037 789 2102 814 veri-

1255 831 1316 856 tati:
1339 832 1377 856 Tu
1395 838 1420 856 es
1439 832 1500 861 οἵας
1520 831 1545 855 et
1563 831 1671 856 consulit
1690 830 1845 856 infirmitati:
1866 839 1900 856 ari
1919 831 2001 856 alium
2019 832 2065 857 etc.

1326 875 1444 899 Similiter
1463 875 1488 899 in
1511 874 1653 899 accusativo
1676 874 1784 905 ponatur
1807 874 1870 899 illud
1894 874 2031 899 Malachiae
2052 874 2103 900 ter-

1256 918 1290 943 tio
1302 917 1320 930 ¹¹
1331 928 1336 942 :
1356 918 1423 942 Ecce
1431 937 1437 949 ‚
1450 918 1524 942 mitto
1537 917 1667 949 Anyelum
1686 925 1783 949 meum,
1798 918 1843 948 qui
1851 918 2023 949 praeparabit
2034 918 2103 943 viam

1256 962 1316 986 anie
1333 960 1425 991 faeiem
1438 968 1527 985 meam.
1541 960 1629 985 Potest
1648 961 1682 985 sic
1700 960 1758 985 dici:
1778 960 1818 985 hic
1834 960 1883 985 tria
1902 960 2035 985 notantur:
2055 961 2103 992 pri-

1256 1012 1322 1029 mum
1343 1004 1452 1035 pertinet
1470 1004 1502 1028 ad
1519 1004 1643 1028 mittentis
1662 1004 1850 1029 auctoritatem:
1865 1004 1942 1035 Ecce,
1961 1004 2050 1034 mitto;
2069 1011 2103 1029 se-

1256 1048 1362 1073 cundum
1382 1047 1412 1072 ad
1436 1047 1512 1079 legati
1538 1046 1711 1072 sanctitatem:
1730 1046 1859 1078 Angyelum
1884 1054 1982 1077 meum;
2001 1046 2103 1071 tertium

1256 1091 1287 1115 ad
1306 1090 1379 1115 officii
1398 1089 1560 1121 dignitatem:
1581 1090 1625 1120 qui
1641 1089 1812 1120 praeparabit
1833 1089 1902 1114 viam
1928 1090 1986 1114 ante
2011 1088 2104 1119 faciem

1256 1141 1346 1159 meam.

1330 1176 1370 1201 18.
1390 1176 1508 1200 Similiter
1521 1176 1559 1200 est
1572 1177 1596 1200 in
1611 1176 1667 1200 aliis
1680 1175 1827 1200 variandum
1841 1175 1996 1206 propositum
2010 1174 2102 1204 thema,

1257 1220 1321 1244 sicut
1341 1219 1463 1250 placuerit
1482 1219 1650 1250 praedicanti,
1664 1220 1688 1243 in
1709 1219 1816 1250 singulis
1830 1218 1972 1243 verbalibus
1985 1225 2028 1243 seu
2039 1225 2103 1249 par-

1258 1263 1352 1294 ticipiis
1372 1263 1410 1287 vel
1430 1263 1454 1287 in
1474 1263 1589 1287 omnibus
1605 1262 1747 1293 yerundiis,
1768 1262 1832 1287 sicut
1851 1262 1926 1287 etiam
1944 1262 1969 1286 in
1988 1262 2045 1286 aliis
2064 1269 2105 1287 no-

1257 1306 1365 1330 minibus
1384 1305 1592 1336 quibuscumque,
1611 1304 1815 1336 quemadmodum
1840 1304 1987 1329 indicabunt
2005 1312 2049 1335 per
2068 1311 2104 1329 or-

1256 1349 1337 1373 dinem
1357 1348 1469 1379 exempla
1488 1348 1636 1379 subscripta.
1657 1347 1776 1372 Servatur
1796 1347 1875 1372 adhuc
1894 1347 1981 1372 divisio
1994 1348 2019 1371 in
2033 1346 2106 1371 abla-

1258 1392 1308 1416 tivo
1329 1391 1374 1415 sub
1393 1391 1477 1415 eadem
1496 1391 1576 1416 forma
1594 1390 1698 1415 verbali⁴

1328 1434 1362 1458 Et
1381 1433 1536 1465 proponatur
1556 1433 1617 1458 illud
1636 1433 1802 1464 Apocalypsis
1814 1434 1933 1464 vigesimo
1953 1433 2058 1458 secundo
2070 1432 2104 1458 ¹²:

1258 1478 1338 1508 Ecce,
1357 1478 1429 1502 venio
1448 1478 1513 1508 cito,
1532 1478 1556 1501 et
1573 1484 1667 1501 merces
1685 1484 1742 1501 mea
1760 1483 1856 1501 mecum
1870 1477 1919 1508 est,
1934 1476 2037 1501 reddere
2049 1476 2106 1501 uni-

1258 1521 1350 1551 cuique
1377 1521 1518 1545 secundum
1545 1527 1623 1550 opera
1651 1527 1715 1550 sua,·
1742 1519 1886 1551 diceturque
1909 1520 1957 1544 sic:
1978 1520 2003 1544 in
2032 1519 2106 1545 verbo

1259 1564 1385 1595 praedicto
1404 1563 1553 1595 proponitur
1578 1563 1722 1588 Mediatoris
1747 1562 1870 1587 adventus
1890 1562 1936 1587 sub
1955 1563 2048 1594 triplici
2066 1570 2107 1587 ra-

1259 1607 1337 1635 tione,
1358 1606 1451 1631 scilicet
1479 1606 1525 1631 sub
1553 1606 1682 1630 exhibendi
1711 1606 1912 1637 propinquitate:
1932 1606 2012 1637 Eece,
2034 1606 2106 1630 venio

1259 1651 1324 1679 cito;
1343 1649 1389 1674 sub
1407 1649 1529 1680 largiendi
1555 1648 1688 1673 facultate:
1713 1650 1738 1673 et
1755 1656 1847 1674 merces
1865 1656 1921 1673 mea
1940 1655 2037 1673 mecum
2055 1649 2107 1679 est,-

1260 1693 1285 1718 et
1303 1693 1349 1718 sub
1368 1692 1520 1717 retribuendi
1539 1692 1675 1723 aequitate:
1697 1692 1801 1716 reddere
1813 1692 1952 1722 unicuique
1968 1692 2107 1717 secundum

1260 1743 1337 1767 opera
1355 1743 1419 1765 sua,·
1438 1735 1468 1760 ut
1487 1743 1515 1759 ex
1540 1735 1728 1766 propinquitate
1753 1734 1871 1759 sollicitet
1889 1742 1934 1760 nos
1953 1734 1985 1759 ad
2004 1742 2107 1766 praepa-

1260 1778 1379 1807 randum,
1400 1786 1428 1802 ex
1446 1777 1566 1803 facultate
1585 1778 1703 1802 sollicitet
1720 1777 1751 1802 ad
1771 1777 1923 1809 diligendum
1936 1777 1961 1802 et
1980 1785 2009 1802 ex
2027 1778 2108 1809 aequi-

1260 1821 1313 1845 tate
1332 1821 1443 1845 iustitiae
1462 1821 1557 1845 terreat
1576 1821 1607 1845 ad
1626 1820 1832 1852 praecavendum.

1331 1864 1404 1888 Nunc
1422 1863 1613 1888 diversificanda
1632 1863 1692 1888 sunt
1716 1864 1829 1894 exempla
1853 1863 1988 1888 secundum
2007 1864 2107 1889 verbale

1260 1907 1370 1932 alterius
1389 1906 1501 1938 formae,
1521 1907 1585 1931 sicut
1610 1906 1702 1931 factum
1729 1907 1768 1931 est
1786 1907 1812 1931 in
1831 1907 1968 1938 praemisso
1987 1907 2106 1938 exemplo.

1261 1950 1376 1975 Ponatur
1395 1950 1457 1974 illud
1476 1950 1557 1974 Isaiae
1576 1957 1641 1974 nono
1653 1948 1686 1973 ¹⁸:
1701 1950 1772 1974 Puer
1785 1951 1863 1974 natus
1882 1951 1919 1974 est
1930 1949 2012 1981 nobis,
2026 1951 2050 1974 et
2061 1950 2107 1974 Fi-

1261 1992 1312 2017 lius
1331 1992 1408 2017 datus
1426 1994 1463 2017 est
1482 1993 1564 2017 nobis.
1585 1992 1686 2017 Dicetur
1705 1993 1750 2017 sic:
1764 1992 1812 2022 hic,
1826 1992 1997 2023 desperatione
2011 1992 2106 2024 fugata,

1260 2035 1334 2060 datur
1353 2035 1424 2060 nobis
1443 2036 1511 2060 certa
1530 2036 1594 2060 ratio
1614 2035 1753 2066 respirandi
1772 2036 1875 2066 propter
1903 2035 1959 2065 duo,
1974 2029 2040 2067 >quae
2068 2035 2108 2060 hic

1260 2079 1389 2108 notantur,
1410 2079 1504 2103 scilicet
1522 2079 1619 2103 timoris
1638 2079 1778 2103 evacuatio:
1794 2079 1865 2103 Puer
1877 2080 1956 2103 natus
1969 2079 2007 2103 est
2017 2078 2108 2109 nobis;

1261 2122 1285 2146 et
1304 2123 1356 2153 spei
1375 2122 1488 2147 collatio:
1509 2123 1533 2146 et
1551 2121 1640 2146 Filius
1660 2122 1736 2146 datus
1755 2123 1792 2146 est
1809 2122 1890 2147 uobis.
1910 2122 1993 2147 Timor
2011 2122 2066 2147 erat
2078 2122 2107 2147 de

1260 2172 1339 2196 poena
1358 2165 1451 2189 intuitu
1470 2165 1595 2195 iustitiae,
1615 2164 1639 2189 et
1658 2165 1797 2195 desperatio
1816 2165 1901 2189 veniae
1924 2172 1953 2190 ex
1971 2165 2108 2190 considera-

1260 2207 1327 2233 tione
1346 2208 1440 2239 culpae.
1460 2208 1498 2232 Ne
1518 2208 1637 2232 timeatur
1656 2208 1793 2238 sapientiae
1812 2207 1984 2239 profundilzas,
2004 2207 2106 2233 dicitur:

1260 2251 1332 2276 Puer
1340 2259 1348 2281 ,·
1372 2258 1403 2276 ne
1426 2251 1524 2282 generis
1548 2251 1680 2280 nobilitas,
1709 2250 1812 2275 dicitur:
1836 2252 1929 2281 natus,·
1946 2258 1977 2276 ne
1996 2251 2107 2276 iustitiae

1260 2293 1443 2323 inflexibilitas,
1463 2294 1566 2318 dicitur:
1586 2294 1668 2318 uobis.
1682 2294 1758 2323 Item,
1773 2294 1878 2319 secundo
1897 2294 1972 2319 datur
1990 2294 2058 2319 certa
2071 2301 2108 2319 ra-

1261 2337 1296 2362 tio
1316 2337 1454 2368 respirandi
1473 2337 1683 2368 exspectantibus.
1702 2337 1813 2362 Primum
1834 2337 1872 2362 est
1885 2337 1995 2362 beneficii
2008 2337 2108 2362 immen-

1262 2380 1338 2405 sitas:
1358 2380 1463 2410 Filium
1482 2380 1614 2405 secundum
1634 2381 1673 2405 est
1691 2380 1840 2406 conferentis
1858 2380 2011 2406 liberalitas:
2032 2380 2108 2406 datus

1261 2425 1313 2453 est‚·
1331 2423 1433 2448 tertium
1453 2423 1491 2448 est
1510 2423 1667 2454 suscipientis
1685 2423 1794 2448 utilitas:
1814 2424 1894 2449 nobis.

1333 2465 1375 2490 19.
1387 2466 1508 2491 Variatur
1521 2467 1603 2491 autem
1618 2474 1662 2498 per
1674 2467 1783 2492 ordinem
1796 2467 1822 2492 in
1835 2467 1947 2498 obliquis
1952 2476 1960 2498 ,·
1972 2467 2040 2492 verbi
2053 2474 2109 2498 gra-

1262 2509 1306 2539 tia,
1327 2509 1434 2540 ponatur
1453 2509 1516 2534 illud
1528 2509 1608 2534 Lucae
1626 2510 1744 2541 vigesimo
1763 2511 1843 2541 primo
1854 2509 1885 2535 ¹⁴:
1904 2510 2000 2535 Levate
2019 2509 2107 2541 capita

1261 2553 1357 2583 vestra,
1383 2552 1507 2583 quoniam
1535 2553 1731 2583 appropinquat
1748 2553 1887 2584 redemptio
1905 2554 2005 2583 vestrm
2023 2553 2107 2584 sieque

1261 2594 1369 2619 dicetur:
1384 2594 1432 2620 duo
1446 2595 1573 2626 ponuntur
1592 2595 1644 2620 hic:
1659 2596 1767 2627 primum
1789 2596 1827 2620 est
1840 2596 1998 2621 eruditionis:
2012 2595 2108 2620 Levate

1261 2638 1348 2669 capita
1366 2639 1450 2663 vestra
1457 2647 1465 2668 ,·
1484 2639 1617 2663 secundum
1636 2646 1694 2664 vero
1713 2639 1901 2664 consolationis:
1922 2639 2045 2670 quoniam
2064 2645 2107 2670 ap-

1256 2682 1421 2712 propinquat
1439 2681 1578 2713 redemptio
1596 2683 1688 2706 vestra.

423 2827 430 2840 ¹
450 2828 516 2850 Vers.
539 2828 571 2849 19.
848 2826 857 2840 ‘²
876 2828 958 2850 Psalm.
976 2828 1017 2855 18,
1035 2827 1056 2850 5.

423 2858 432 2871 ³
450 2859 516 2881 Num.
536 2859 572 2881 110.
844 2858 853 2870 ⁴
871 2859 937 2881 Vers.
955 2859 975 2881 3.

423 2888 432 2901 ‘⁸
451 2892 515 2913 Vers.
534 2890 555 2913 5.
574 2890 617 2913 Csr.
636 2890 685 2912 lsai.
703 2890 740 2917 62,
760 2891 795 2912 Μ.
813 2893 835 2912 et
852 2891 919 2913 Zach.
937 2890 964 2917 9,
982 2890 1003 2912 9.

423 2920 432 2933 ‘³
450 2922 516 2944 Vers.
535 2922 554 2943 11.

424 2951 432 2964 ⁷
451 2954 504 2976 Luc.
523 2953 559 2981 11,
577 2954 619 2980 26;
638 2953 741 2982 sequitur
758 2953 825 2975 Prov.
845 2954 880 2980 18,
898 2953 920 2975 3,

1327 2826 1335 2839 ¹³
1353 2828 1392 2850 Ed.
1411 2827 1456 2851 erit
1469 2827 1628 2857 praedicandi
1644 2834 1687 2856 pro
1704 2830 1739 2851 est
1753 2827 1877 2857 praedicti.

1326 2857 1336 2871 ⁹
1354 2860 1418 2881 Vers.
1436 2860 1460 2881 9.
1523 2879 1525 2881 .
1751 2859 1770 2872 ¹⁰
1789 2860 1854 2881 vers,
1872 2859 1892 2881 3.

1326 2889 1344 2902 ¹¹
1364 2891 1428 2912 Vers.
1448 2891 1467 2912 «i.
1485 2890 1529 2913 Cfr.
1547 2891 1624 2913 Mauh.
1646 2891 1680 2918 11,
1699 2891 1735 2918 lo,
1752 2891 1819 2913 Marc.
1838 2891 1859 2917 1,
1876 2891 1897 2912 2.
1915 2893 1937 2912 et
1956 2890 2010 2912 Luc.
2030 2890 2052 2917 7,
2070 2889 2108 2912 27.

1325 2920 1345 2933 ¹²
1363 2922 1428 2944 Vers.
1449 2923 1485 2944 12.
1749 2921 1768 2934 ¹⁸
1786 2923 1851 2944 Vers.
1868 2922 1891 2944 6.

1326 2951 1345 2965 ¹⁴
1362 2953 1428 2975 Vers.
1445 2954 1483 2975 28.

2197 286 2204 308 0¹

2115 322 2128 342 N
2133 312 2204 343 otaudui

2119 394 2205 435 Exempli

2129 436 2204 455 primum

2206 626 2210 665 ὲ

2207 670 2210 694 l

2116 707 2209 727 secundm

2208 778 2214 867 1

2210 870 2213 895 1

2211 939 2212 954 l

2119 874 2207 894 Tertium.

2120 1174 2215 1194 Notandum

2126 1436 2218 1463 Exempla!

2138 1465 2218 1484 primum

2123 1952 2222 1971 secundun

2124 2510 2213 2529 Tertium.
