2243 3348
736 185 893 214 DOMINICA
916 187 948 215 ΙΝ
970 187 1091 216 PALMIS.
1115 188 1224 217 SERMO
1247 189 1262 216 l.

14 217 16 238 l

13 241 16 320 f
127 264 320 293 ascribendum
336 264 474 292 humanae
489 262 650 296 infirmitati,
662 262 708 291 sed
723 262 831 291 divinae
842 263 972 292 virtuosi>

127 312 191 346 tati;
213 311 274 340 ideo
294 310 384 339 addit:
399 309 538 348 quoniam
553 309 654 337 eduxit
667 317 718 337 vos
732 309 764 337 in
781 317 874 337 manu
888 308 971 346 forti,

13 321 15 384 γ
128 358 297 391 Divinitatis,
319 365 372 385 non
394 357 421 384 in
445 364 527 384 manu
550 355 631 384 debili
654 355 842 384 humanitatis.

207 405 234 433 tt.
257 403 387 433 Secundo
403 402 507 431 invitat
528 402 569 430 ad
589 401 855 438 contemplationem
873 402 972 439 regiae

0 459 9 479 t
28 455 74 474 ΡΜ
86 455 108 474 ¹¹-
125 451 335 490 speciositatis,
357 458 419 479 cum
443 449 550 478 subdit:
572 452 597 477 et
617 448 708 476 videte
729 456 823 485 recem
843 448 972 477 Salomo-

125 509 206 533 nem,
229 499 255 527 id
277 501 318 527 est
337 497 488 526 Christum.
511 496 557 524 Ille
577 495 780 532 contemplatur
801 498 827 523 et
842 495 915 523 videt
929 503 972 523 sa-

126 546 244 575 lubriter
265 545 291 573 iu
315 544 427 581 propria
455 542 621 571 conscientia
642 549 739 570 verum
771 550 867 579 reyem
889 541 972 569 Salo-

22 595 109 614 bffivissim
126 601 255 625 monem,
277 591 302 619 id
324 594 365 619 est
396 589 554 622 Christum,
576 588 681 625 primo,
704 588 751 625 qui
780 588 840 616 eius
861 587 969 616 veritati

126 638 276 668 infallibilis
297 637 446 674 sapientiae
460 635 551 663 credit
565 634 691 671 firmiter
706 642 768 663 cum
789 634 971 671 captivatione

126 685 296 718 intellectus;
319 682 455 716 secundo,
477 682 524 719 qui
547 682 607 710 eius
628 681 823 717 benignitatem
846 680 971 709 indicibi-

5 767 7 770 ι
125 733 158 761 Its
179 731 339 760 clementiae
360 729 455 766 diliyit
475 728 627 757 sinceriter
655 736 718 756 cum
740 727 884 756 devotione
905 727 970 756 affe-

0 781 13 815 [εἰ
125 783 200 813 ctus;
223 778 320 811 tertio,
342 777 388 814 qui
411 777 471 805 eius
493 776 676 804 humilitatem
698 775 857 803 abiectionis
872 775 970 803 volun-

0 815 11 849 Ῐ
125 825 210 854 tariae
238 824 375 853 imitatur
403 822 593 860 conformiter
621 830 683 850 cum
706 821 884 850 exsecutione
906 821 970 850 ell‘e-

0 860 11 890 l*
124 876 193 902 ctus.
209 872 343 900 Hodierna
359 877 478 907 namque
489 869 532 897 die
544 869 601 897 Rex
614 876 719 905 regum,
732 868 867 902 Christus,
879 872 970 896 osten-

123 919 163 948 dit
181 918 394 956 profunditatem
411 916 585 945 humilitatis
603 916 637 945 ad
660 916 837 949 imitandum,
859 915 969 952 quando

124 966 271 995 Ierusalem
294 965 407 993 intravit
427 964 527 992 sedens
547 971 636 1000 super
651 963 767 991 asinam
779 963 799 995 ¹,
815 970 869 990 non
885 970 969 998 super

123 1020 226 1050 equum
249 1012 435 1049 phaleratum
458 1018 582 1047 magnam
606 1009 809 1047 beniynitatein
824 1009 968 1042 exhibuit,

123 1060 233 1097 quando
254 1060 328 1095 ipse,
343 1058 390 1095 qui
413 1061 472 1086 erat
488 1057 638 1093 Imperator
654 1060 680 1085 et
695 1056 828 1084 Dominus
843 1056 966 1084 omnium

123 1107 272 1144 spirituum
304 1105 463 1134 caelestium
492 1104 549 1132 sive
570 1103 671 1132 civium
704 1111 905 1139 supernorum,
927 1102 968 1131 di-

123 1157 222 1191 gnatus
244 1156 285 1181 est
305 1152 364 1181 fieri
395 1159 446 1180 rex
468 1154 494 1179 et
516 1154 599 1187 caput
625 1150 767 1178 hominum
789 1149 968 1186 peregrinan-

122 1202 192 1230 tium
214 1200 392 1233 inferiorum3
407 1202 434 1228 et
456 1198 617 1234 completam
633 1197 782 1225 veritatem
800 1197 892 1233 legalis
907 1205 968 1225 uin-

122 1249 188 1277 brae
210 1246 387 1279 monstravit,
409 1245 519 1282 quando
541 1244 614 1281 quod
636 1244 669 1272 de
690 1252 722 1272 eo
743 1243 833 1272 fuerat
849 1243 967 1280 prophe-

122 1298 210 1324 tatum
231 1297 258 1323 et
278 1294 428 1331 figuratum
451 1292 528 1321 factis
549 1291 668 1320 ostendit
689 1298 748 1319 esse
769 1291 922 1327 impletum.

2 1362 3 1369 κ
200 1342 290 1370 Primo
311 1340 400 1369 videte
421 1347 516 1377 regent
539 1338 734 1371 Salomonem,
757 1337 837 1366 cuius
857 1338 967 1366 veritas

0 1339 108 1482 dmcffl·
122 1389 270 1419 infallibilis
291 1387 439 1425 sapientiae
460 1386 605 1414 credenda
626 1388 667 1413 est
686 1384 812 1422 firmiter
834 1393 896 1413 cum
923 1393 967 1413 ca-

0 1466 3 1481 l

0 1416 270 1480 'ssffiamflsr-ptivatione
292 1434 461 1466 intellectus;
493 1436 520 1461 et
550 1432 583 1460 de
615 1432 667 1460 hoc
698 1432 799 1460 dicitur
821 1431 848 1459 in
877 1431 967 1468 figura

63 1475 68 1479 ⁵
121 1483 194 1513 tertii
218 1483 320 1519 Regum
342 1480 486 1509 decimo2:
510 1478 718 1516 illaynilicatus
739 1482 778 1506 est
800 1487 852 1507 rer,
885 1478 966 1507 Salo—

119 1539 187 1560 mon
208 1538 297 1567 super
318 1536 415 1557 omnes
445 1535 526 1564 reyes
548 1530 644 1554 terrae
665 1526 777 1554 divitiis
798 1529 823 1553 et
850 1526 966 1562 sapien-

118 1578 168 1606 tia.
193 1578 227 1605 Et
249 1575 388 1605 universa
410 1578 490 1603 terra
509 1572 819 1602 desiderabatvultum
836 1572 965 1601 Salomo-

117 1625 174 1659 nis,
191 1628 224 1653 ut
241 1623 357 1652 audiret
371 1621 547 1658 sapientiam
562 1620 634 1654 eius,
650 1629 738 1658 quam
755 1620 872 1648 dederat
890 1620 965 1648 Deus

117 1672 147 1701 in
170 1671 255 1700 corde
276 1670 347 1698 eius.
371 1686 408 1689 —
430 1667 570 1704 Multiplici
603 1667 693 1704 figura
718 1667 843 1695 Salomon
867 1675 963 1695 verum

117 1719 194 1747 illum
218 1718 388 1746 Salomonem
410 1715 552 1744 Christum
584 1714 725 1750 exprimit.
748 1714 814 1742 Nam
836 1714 963 1743 Christus

116 1769 157 1794 est
178 1765 223 1793 ille
254 1771 338 1792 verus
366 1762 491 1791 Salomon
522 1761 776 1798 sapientissimus,
805 1760 889 1788 immo
917 1761 964 1789 Sa-

118 1812 219 1849 pientia
241 1811 340 1845 Patris,
361 1819 377 1838 a
398 1818 453 1846 quo
474 1809 563 1837 omnis
589 1808 723 1845 sapientia
752 1811 779 1837 et
807 1808 963 1837 intellectus

116 1858 234 1896 refulget
254 1858 280 1886 in
303 1857 433 1894 angelicis
454 1856 598 1892 spiritibus
619 1858 646 1884 et
668 1855 811 1889 humanis3
831 1858 857 1884 et
880 1863 963 1883 verus

115 1906 160 1934 ille
182 1913 233 1934 rex
246 1904 407 1942 pacificus,
423 1903 507 1931 immo
521 1911 583 1939 pota:
597 1906 710 1936 nostra,
726 1902 778 1940 qui
790 1901 864 1939 facit
879 1906 963 1930 utra-

115 1961 169 1990 que
190 1960 283 1980 unum
311 1954 338 1979 et
359 1951 500 1987 antiquam
523 1949 687 1978 discordiam
716 1949 825 1977 foedere
858 1949 961 1986 proprii

115 1998 257 2036 sanguiuis
287 1997 478 2031 concordavit;
510 1999 593 2033 atque
623 2004 707 2024 verus
739 1996 784 2024 ille
816 2004 867 2024 rex
900 2004 962 2024 ma-

113 2045 257 2083 ynisieus,
277 2045 322 2082 qui
354 2045 378 2072 in
408 2046 543 2081 quantum
573 2044 655 2071 homo
683 2042 892 2081 magnificatus
923 2046 962 2071 est

114 2101 204 2129 super
224 2100 321 2120 omnes
343 2100 432 2128 reyes,
455 2091 519 2119 caeli
543 2094 570 2118 et
592 2094 698 2123 terrae,
722 2093 834 2126 propter
856 2098 963 2119 assum-

115 2140 216 2168 tionem
242 2138 420 2167 humanitatis
449 2138 475 2165 iu
504 2137 610 2165 unitate
631 2137 738 2166 divinae
763 2145 912 2173 personae,
935 2138 961 2165 in

114 2186 192 2215 donis
213 2186 410 2214 charismatum
433 2185 589 2213 divinorum
624 2188 650 2212 et
679 2184 812 2220 sapientia
833 2184 962 2220 limpidae

115 2233 285 2270 cognitionis.
312 2233 345 2261 Et
365 2232 506 2260 uniuersa
529 2235 626 2265 terra,
649 2231 674 2259 id
697 2235 738 2260 est
760 2231 884 2260 homines
907 2234 962 2259 ter—

115 2281 173 2309 reni
197 2297 232 2300 —
257 2280 367 2317 ponitur
397 2279 441 2307 hic
473 2279 616 2307 continens
640 2287 688 2315 pro
710 2282 838 2307 contento
856 2274 895 2299 ⁷-
918 2279 961 2307 de-

114 2327 285 2356 siderabant
305 2326 416 2354 vultum
437 2326 530 2353 videre
552 2325 733 2358 Salomonis,
756 2329 869 2362 propter
892 2326 961 2353 nito-

115 2382 172 2403 rem
194 2374 335 2411 originalis
356 2372 543 2406 innocentiae,
565 2376 598 2400 ut
619 2372 772 2405 audirent,
795 2380 858 2400 cuni
884 2372 961 2401 incli-

115 2422 224 2450 natione
246 2421 373 2453 auditus,
394 2419 588 2456 sapientiam,
614 2427 704 2457 quain
735 2419 855 2447 dederat
885 2421 961 2448 Deus

115 2469 145 2496 in
166 2468 251 2496 corde
272 2468 350 2501 eins,
373 2475 422 2503 per
450 2467 633 2500 infusionem,
655 2466 720 2503 quia
742 2475 795 2495 non
828 2467 961 2496 didicerat

114 2524 162 2552 per
185 2516 333 2543 humanam
357 2513 608 2550 investigationem;
631 2516 657 2542 et
679 2513 824 2542 crederent
838 2514 960 2543 auditam

113 2563 273 2600 sapientiam
302 2562 360 2591 sine
390 2561 568 2589 haesitatione
591 2569 653 2589 cum
677 2561 859 2596 captivatione
881 2561 960 2590 intel-

113 2611 208 2638 lectus

191 2656 316 2685 Secundo
339 2656 426 2684 uidete
446 2664 541 2692 reyem
564 2655 762 2689 Salomonem,
785 2656 865 2684 cuius
883 2656 959 2684 beni-

0 2689 99 2736 1ῗέῗέιέἳῖ
111 2704 210 2741 ynitas
229 2703 374 2731 indicibilis
394 2703 554 2731 clementiae
576 2706 615 2730 est
636 2702 786 2739 diliyenda
806 2703 959 2731 sinceriter

0 2736 100 2761 tondat-:im
281 2750 285 2754 .
395 2758 397 2760 ‚
643 2749 646 2753 .
668 2749 672 2753 .
869 2750 873 2754 .

8 2759 54 2778 aar.
113 2758 175 2779 cum
198 2750 341 2778 devotione
362 2750 491 2783 afsectus;
508 2752 534 2777 et
550 2750 601 2777 hoc
622 2749 722 2778 dicitur
746 2750 957 2778 Proverbiorum

175 2905 182 2917 ¹
201 2906 268 2928 Zach.
287 2906 307 2932 9,
326 2907 346 2927 9.
454 2906 463 2919 2
483 2908 545 2929 Vei-s,
565 2908 601 2929 23.
620 2914 679 2935 seq,
697 2908 801 2936 seqnitur
813 2909 907 2936 tipus,
925 2908 956 2930 li.

174 2942 183 2955 ³
202 2944 265 2966 Vers.
285 2945 327 2971 ‘285
344 2948 471 2973 sequuntur
489 2946 573 2967 Thrcu.
593 2945 613 2974 4,
635 2947 669 2968 10.
686 2949 707 2968 et
725 2947 767 2968 lac.
786 2948 807 2973 2,
829 2947 862 2969 13.

174 2982 183 2994 4
200 2983 270 3011 Apoc.
294 2984 331 3010 19,
351 2984 391 3011 le,
409 2984 512 3012 sequitur
531 2985 597 3007 Drov.
615 2985 639 3012 8,
659 2985 694 3007 «15.
713 2991 761 3014 seq.

1812 201 1867 229 243

1029 264 1199 301 vigesimo-⁰²:
1222 266 1425 297 Misericordia
1456 273 1481 297 et
1509 271 1617 299 veritas
1638 275 1802 303 custodiunt
1822 286 1867 305 re-

1028 319 1108 360 gem,
1130 315 1156 339 et
1182 312 1341 341 roboratur
1369 315 1518 344 clementia
1546 316 1668 347 thronus
1696 321 1775 354 eius;
1802 324 1866 359 quia

1030 360 1115 392 pietas
1137 358 1341 388 misericordiae
1362 361 1420 389 sine
1443 363 1556 391 veritate
1578 364 1696 394 iustitiae
1717 370 1758 395 est
1780 369 1868 404 potius

1029 402 1126 431 vitium
1148 411 1231 440 quam
1254 405 1351 434 virtus.
1374 407 1439 435 Nam
1467 417 1576 438 manus
1607 411 1762 441 mulierum
1784 415 1868 442 mise-

1028 449 1193 477 ricordium
1215 456 1355 479 coxerunt
1375 452 1451 488 filios
1465 463 1543 489 suos,
1559 460 1585 484 et
1600 458 1731 487 severitas
1750 459 1868 489 iustitiae

1028 495 1086 524 sine
1107 496 1208 532 pietate
1230 497 1433 528 misericordiae
1461 501 1516 530 Deo
1544 511 1597 531 non
1629 507 1669 532 est
1695 506 1792 541 placita
1819 515 1869 535 uec

1028 542 1063 570 ab
1084 550 1116 571 eo
1136 543 1303 579 approbata,
1325 545 1390 581 quia
1411 546 1553 576 iudicium
1582 550 1643 578 sine
1663 552 1867 586 misericordia

1029 589 1076 617 fiet
1096 588 1140 617 illi
1160 590 1212 627 qui
1230 598 1288 618 nou
1309 590 1377 627 fecit
1397 593 1647 629 misericordiam;
1668 597 1727 626 ideo
1752 600 1867 628 dicitur:

1028 635 1233 665 Misericordia
1254 640 1279 665 et
1299 638 1407 666 veritas
1428 641 1594 670 custodiunt
1616 644 1716 680 Regyeni
1738 654 1833 682 regum
1847 648 1867 681 4,

1028 682 1184 717 Christum,
1203 692 1257 720 per
1278 692 1360 721 quem
1384 695 1463 723 reyes
1484 693 1616 725 regynant,
1631 694 1655 718 et
1671 691 1807 729 principes
1822 695 1867 723 iu-

1027 733 1073 757 sta
1096 730 1259 758 decernunt.
1277 731 1335 767 Ipse
1356 733 1427 760 enim
1451 737 1492 761 est
1513 742 1608 763 verum
1624 738 1765 774 exemplar
1780 741 1867 770 omnis

1027 776 1231 805 misericordiae
1259 781 1286 806 et
1314 778 1450 813 iustitiae,
1472 788 1504 808 eo
1535 782 1608 817 quod
1630 784 1783 813 uniuersae
1805 787 1868 815 oiae

1029 824 1159 857 Domini,
1181 824 1292 858 Christi,
1308 825 1387 862 Regis
1402 834 1514 863 regum,
1530 829 1733 859 misericordia
1749 836 1772 859 et
1796 835 1868 862 ceri-

1027 873 1072 897 tas
1084 870 1103 897 ⁵.
1120 870 1170 898 Sed
1186 871 1251 907 quia
1272 872 1332 900 eius
1355 872 1440 908 pietas
1455 873 1674 904 misericordiae
1691 877 1715 904 in
1734 880 1868 913 parcendo

1026 917 1225 954 superexaltat
1247 918 1391 947 iudicium
1414 921 1568 949 severitatis
1590 922 1615 949 in
1648 923 1867 959 condemnando3

1028 963 1086 992 ideo
1107 964 1196 992 addit:
1219 964 1379 993 roboratur
1401 966 1550 995 clementia
1582 967 1704 997 tlironus
1732 971 1810 1006 eius,
1839 978 1869 1003 ut

1027 1020 1075 1048 per
1097 1012 1149 1039 hoc
1171 1011 1286 1048 quilibet
1305 1016 1441 1048 peccator,
1463 1018 1720 1053 quantumcumque
1743 1027 1867 1056 magnus,

1026 1067 1080 1087 non
1102 1059 1229 1095 desperet
1250 1067 1300 1095 per
1322 1059 1464 1094 timorem,
1490 1062 1666 1091 considerans
1697 1066 1869 1096 severitatem

1026 1106 1145 1135 iustitiae
1167 1106 1332 1143 proferentis
1353 1108 1532 1142 sententiam,
1550 1108 1633 1137 immo
1655 1115 1775 1140 resumat
1798 1113 1884 1142 vires*

1025 1157 1052 1182 et
1073 1153 1191 1181 confidat
1212 1156 1327 1190 propter
1348 1154 1543 1191 benignitatem
1568 1156 1782 1193 misericordiae,
1798 1169 1869 1197 quae

1025 1201 1114 1239 parcit
1135 1201 1251 1229 faciliter
1272 1204 1299 1229 ct
1320 1200 1492 1229 obliviscitur
1516 1203 1634 1231 totaliter
1649 1207 1676 1232 et
1690 1206 1804 1243 suscipit
1819 1208 1869 1237 cle-

1024 1251 1141 1277 menter.

1103 1296 1196 1324 Tertio
1217 1295 1307 1323 videte
1328 1303 1423 1331 reyem
1441 1296 1637 1331 Salomonem,
1656 1299 1735 1327 cuius
1750 1299 1867 1329 hinniti-

1025 1346 1071 1371 tas
1092 1342 1251 1371 abiectionis
1272 1345 1312 1370 est
1333 1342 1478 1370 imitanda
1499 1343 1687 1380 conformiter
1708 1354 1770 1374 cum
1790 1355 1868 1376 exse-

1024 1389 1134 1418 cutione
1155 1388 1284 1422 effectus;
1306 1392 1333 1417 et
1354 1389 1388 1417 de
1409 1389 1461 1417 hoc
1482 1389 1584 1418 dicitur
1599 1391 1746 1420 Zachariae
1762 1394 1867 1422 nonoG:

1027 1436 1149 1465 Exsulta
1170 1436 1260 1469 satis,
1282 1435 1345 1471 filia
1368 1436 1454 1469 Sion,
1477 1436 1579 1471 iubila,
1607 1437 1671 1473 filia
1700 1439 1866 1470 Ierusalem.

1025 1485 1110 1518 Ecce,
1133 1484 1193 1512 Rea:
1216 1487 1285 1511 tuus
1305 1483 1397 1511 veniet
1417 1483 1470 1511 tilii
1491 1483 1586 1512 iustus
1601 1488 1626 1512 et
1645 1485 1791 1520 salvator,
1809 1488 1867 1524 ipse

1022 1539 1138 1569 pauper
1158 1534 1184 1558 et
1204 1529 1362 1558 ascendens
1383 1538 1472 1566 super
1503 1530 1619 1559 asinam
1649 1537 1673 1559 et
1694 1541 1783 1569 super
1801 1535 1867 1570 pul-

1023 1577 1100 1611 lum,
1122 1576 1218 1613 (ilium
1240 1576 1351 1604 asinae.
1377 1577 1410 1605 Et
1440 1577 1609 1614 disperdam
1631 1579 1810 1617 quadriyam
1832 1590 1866 1609 eac

1025 1623 1166 1661 Ephraim
1190 1627 1214 1652 et
1235 1632 1340 1661 equum
1365 1624 1399 1652 de
1427 1624 1604 1658 Ierusalem,
1627 1629 1652 1653 et
1671 1626 1866 1663 dissipabitur

1022 1680 1114 1700 arcus
1136 1671 1206 1699 belli.
1224 1672 1259 1699 Et
1273 1671 1405 1709 loquetur
1423 1680 1527 1708 pacem
1546 1672 1688 1708 yentibus,
1704 1677 1728 1701 et
1740 1678 1865 1710 potestas

1021 1719 1084 1748 eius
1105 1727 1124 1746 a
1146 1718 1228 1746 mari
1247 1726 1338 1756 usque
1359 1719 1399 1746 ad
1430 1727 1521 1747 mare.
1548 1737 1585 1739 —
1606 1720 1748 1756 Quaelibet
1779 1721 1866 1752 fidelis

1021 1766 1128 1799 anima,
1151 1765 1206 1793 tilia
1227 1765 1289 1793 Sion
1312 1769 1338 1793 et
1361 1765 1526 1800 Ierusalem,
1548 1766 1574 1795 id
1596 1770 1636 1796 est
1659 1769 1754 1797 matris
1776 1769 1865 1799 Eccle-

1021 1813 1092 1846 siae,
1114 1812 1195 1841 debet
1217 1812 1349 1840 hodierna
1371 1812 1414 1840 die
1436 1814 1564 1849 exemplo
1587 1814 1746 1843 Iudaeorum
1773 1817 1864 1853 egredi

1020 1860 1128 1889 obviam
1151 1859 1276 1893 Christo,
1298 1867 1352 1887 uon
1385 1859 1473 1888 solum
1507 1861 1633 1897 passibus
1658 1863 1796 1899 corporIs,
1819 1864 1864 1892 sed

1020 1907 1102 1936 etiam
1124 1906 1314 1935 affectionibus
1336 1906 1444 1939 mentis,
1467 1914 1530 1935 cum
1552 1908 1735 1937 exsultatione
1759 1911 1864 1944 cordis,

1021 1963 1083 1984 cum
1107 1954 1192 1982 iubilo
1213 1954 1285 1987 oris,
1311 1961 1374 1982 cum
1408 1954 1592 1990 prostratione
1623 1957 1751 1992 propriae
1784 1958 1865 1986 vestis

1020 2010 1070 2039 per
1092 2001 1330 2030 mortificationem
1353 2001 1445 2029 carnis
1466 2002 1598 2036 lascivae,
1620 2011 1682 2031 cum
1709 2004 1792 2032 ramis
1816 2005 1865 2033 oli-

1020 2057 1118 2077 varum
1142 2048 1167 2076 in
1190 2047 1299 2084 signum
1322 2048 1459 2076 unctionis
1480 2048 1604 2077 internae
1625 2049 1785 2084 devotionis,
1801 2059 1862 2079 cum

1020 2096 1104 2125 ramis
1127 2096 1281 2132 palmarum
1304 2095 1331 2123 in
1353 2095 1461 2132 siguum
1485 2095 1615 2124 victoriae
1636 2099 1662 2124 et
1688 2097 1808 2131 honoris,
1831 2106 1862 2126 eo

1020 2142 1093 2179 quod
1110 2150 1161 2170 rex
1177 2145 1279 2174 noster,
1294 2141 1434 2175 Christus,
1450 2150 1499 2178 per
1514 2150 1592 2170 suam
1610 2143 1802 2177 humilitatem,
1818 2144 1863 2173 de-

1021 2189 1091 2217 victo
1114 2188 1235 2225 superbo
1256 2188 1377 2222 diaholo,
1398 2192 1424 2216 et
1439 2188 1499 2216 eius
1513 2189 1638 2217 exercitu
1654 2189 1680 2217 in
1698 2191 1791 2227 pelago
1807 2199 1861 2219 ma-

1021 2237 1059 2265 ris
1080 2236 1178 2264 inferni
1202 2235 1362 2269 submerso,
1386 2236 1518 2271 populum
1550 2244 1632 2264 suum
1656 2236 1780 2264 liberavit
1802 2245 1863 2265 san<

1019 2283 1101 2320 guine
1123 2283 1244 2319 proprio.
1261 2282 1335 2311 Unde
1353 2282 1492 2318 superius,
1507 2290 1604 2319 parum
1621 2286 1681 2319 post
1695 2284 1861 2319 praedictam

1019 2330 1221 2363 auctoritatem,
1244 2330 1386 2366 sequitur:
1417 2330 1458 2357 Tu
1480 2338 1590 2367 quoqne
1611 2329 1640 2357 in
1662 2330 1805 2367 sanquine
1826 2336 1862 2359 te-

1018 2377 1156 2406 stamenti
1176 2377 1220 2405 lui
1240 2377 1363 2405 emisisti
1384 2377 1492 2405 cinctos
1507 2377 1540 2404 de
1555 2377 1638 2410 lacu,
1655 2377 1755 2405 scilicet
1773 2378 1862 2406 homi—

1019 2432 1067 2453 nes
1088 2428 1222 2457 terrenos,
1245 2424 1277 2452 de
1300 2428 1432 2460 potestate
1454 2423 1552 2452 diaboli
1576 2423 1716 2456 liberatos,
1732 2424 1860 2460 suppedi-

1018 2474 1074 2499 tata
1096 2471 1189 2499 muudi
1212 2470 1361 2507 cupiditate
1385 2478 1432 2506 per
1454 2478 1531 2498 suam
1555 2473 1757 2506 paupertatem,
1783 2483 1796 2495 α
1814 2472 1859 2499 he-

1018 2519 1097 2547 redes
1119 2521 1145 2547 et
1166 2526 1245 2554 reges
1268 2518 1342 2554 regni
1366 2518 1505 2545 caelorum
1529 2517 1691 2545 constituit⁷
1709 2529 1733 2545 n.
1758 2518 1788 2545 Et
1802 2526 1862 2554 pro-

1016 2568 1078 2601 pter
1100 2565 1151 2593 hoc
1174 2565 1231 2601 ipse
1254 2572 1304 2593 rex
1326 2568 1430 2597 noster,
1452 2564 1587 2597 Christus,
1611 2572 1661 2591 uon
1686 2564 1759 2592 venit
1782 2565 1860 2593 hodie

1018 2611 1156 2640 fastuosus
1177 2611 1203 2639 in
1226 2611 1356 2639 curribus
1378 2614 1404 2638 et
1425 2610 1503 2646 equis
1525 2610 1688 2646 phaleratis,
1711 2610 1757 2638 sed
1778 2619 1861 2638 man-

1016 2662 1116 2686 suetus
1137 2662 1163 2686 et
1185 2658 1342 2686 ascendens
1364 2666 1452 2694 snper
1468 2657 1595 2690 asinam,
1618 2658 1859 2693 contemi'itibileni.

1016 2713 1069 2733 nou
1093 2712 1242 2741 pomposus
1259 2705 1283 2732 in
1299 2704 1401 2732 divitiis
1422 2708 1448 2731 et
1470 2704 1584 2740 gemmis
1607 2704 1748 2740 pretiosis:
1764 2708 1788 2731 el
1802 2704 1860 2731 scil-

1018 2755 1117 2784 nator,
1148 2751 1206 2787 ipse
1234 2759 1363 2787 pauper,
1395 2754 1425 2778 ut
1446 2751 1484 2778 sic
1507 2758 1554 2786 per
1578 2750 1758 2778 humilitatem
1782 2758 1857 2778 suam

1079 2907 1087 2919 ⁵
1106 2908 1186 2930 Psalm.
1204 2907 1240 2935 Ἡ,
1264 2909 1296 2929 lo.
1316 2910 1337 2928 et
1355 2907 1407 2928 dein
1426 2907 1468 2928 Iac.
1487 2907 1507 2933 ⁸2,
1529 2907 1561 2927 13.

1078 2946 1087 2958 ⁵
1106 2947 1169 2968 Vei-s.
1188 2947 1208 2967 Ε).
1227 2952 1288 2973 ςοιί.;
1307 2949 1325 2966 ct
1345 2945 1396 2967 dein
1416 2951 1438 2967 x.
1461 2945 1494 2966 ll.

1079 2984 1087 2996 ⁷
1104 2985 1190 3012 Regula
1210 2985 1249 3006 FF.
1270 2984 1389 3009 Minorum,
1407 2989 1425 3004 c.
1445 2984 1466 3004 6.

1886 1305 1954 1327 Tertio,
1968 1306 2001 1324 hu-

1887 1328 1955 1347 militas
1966 1329 2008 1348 imi-

1889 1352 1945 1370 tanda
1959 1358 2000 1371 con-

1898 1375 1989 1395 formiter.
