<?xml version="1.0" encoding="UTF-8"?>
<!DOCTYPE html PUBLIC "-//W3C//DTD XHTML 1.0 Transitional//EN"
    "http://www.w3.org/TR/xhtml1/DTD/xhtml1-transitional.dtd">
<html xmlns="http://www.w3.org/1999/xhtml" xml:lang="en" lang="en">
 <head>
  <title>
</title>
<meta http-equiv="Content-Type" content="text/html;charset=utf-8" />
  <meta name='ocr-system' content='tesseract 3.04.00' />
  <meta name='ocr-capabilities' content='ocr_page ocr_carea ocr_par ocr_line ocrx_word'/>
</head>
<body>
  <div class='ocr_page' id='page_1' title='image "./doctorisseraphic09bona_0423.png"; bbox 0 0 2243 3348; ppageno 0'>
   <div class='ocr_carea' id='block_1_1' title="bbox 68 520 144 540">
    <p class='ocr_par' dir='ltr' id='par_1_1' title="bbox 68 520 144 540">
     <span class='ocr_line' id='line_1_1' title="bbox 68 520 144 540; baseline -0.013 0"><span class='ocrx_word' id='word_1_1' title='bbox 68 520 144 540; x_wconf 67' lang='lat' dir='ltr'>Divisio.</span> 
     </span>
    </p>
   </div>
   <div class='ocr_carea' id='block_1_2' title="bbox 72 707 141 727">
    <p class='ocr_par' dir='ltr' id='par_1_2' title="bbox 72 707 141 727">
     <span class='ocr_line' id='line_1_2' title="bbox 72 707 141 727; baseline -0.014 0"><span class='ocrx_word' id='word_1_2' title='bbox 72 708 117 727; x_wconf 75' lang='lat' dir='ltr'>Pare</span> <span class='ocrx_word' id='word_1_3' title='bbox 127 707 141 726; x_wconf 94' lang='lat'>1.</span> 
     </span>
    </p>
   </div>
   <div class='ocr_carea' id='block_1_3' title="bbox 30 754 145 806">
    <p class='ocr_par' dir='ltr' id='par_1_3' title="bbox 30 754 145 806">
     <span class='ocr_line' id='line_1_3' title="bbox 35 754 140 775; baseline -0.019 0"><span class='ocrx_word' id='word_1_4' title='bbox 35 755 64 775; x_wconf 71' lang='lat' dir='ltr'>Ad</span> <span class='ocrx_word' id='word_1_5' title='bbox 74 754 140 774; x_wconf 73' lang='lat' dir='ltr'>merita</span> 
     </span>
     <span class='ocr_line' id='line_1_4' title="bbox 30 778 145 806; baseline -0.009 -9"><span class='ocrx_word' id='word_1_6' title='bbox 30 778 145 806; x_wconf 71' lang='lat' dir='ltr'>requiruntur</span> 
     </span>
    </p>
   </div>
   <div class='ocr_carea' id='block_1_4' title="bbox 12 802 128 827">
    <p class='ocr_par' dir='ltr' id='par_1_4' title="bbox 12 802 128 827">
     <span class='ocr_line' id='line_1_5' title="bbox 12 802 128 827; baseline -0.009 -6"><span class='ocrx_word' id='word_1_7' title='bbox 12 804 13 807; x_wconf 59' lang='lat'>¹</span> <span class='ocrx_word' id='word_1_8' title='bbox 43 802 128 827; x_wconf 77' lang='lat' dir='ltr'>qm’nque.</span> 
     </span>
    </p>
   </div>
   <div class='ocr_carea' id='block_1_5' title="bbox 63 1784 139 1804">
    <p class='ocr_par' dir='ltr' id='par_1_5' title="bbox 63 1784 139 1804">
     <span class='ocr_line' id='line_1_6' title="bbox 63 1784 139 1804; baseline 0.013 -1"><span class='ocrx_word' id='word_1_9' title='bbox 63 1784 139 1804; x_wconf 80' lang='lat' dir='ltr'>Divisio.</span> 
     </span>
    </p>
   </div>
   <div class='ocr_carea' id='block_1_6' title="bbox 656 154 1415 185">
    <p class='ocr_par' dir='ltr' id='par_1_6' title="bbox 656 154 1415 185">
     <span class='ocr_line' id='line_1_7' title="bbox 656 154 1415 185; baseline 0.004 -3"><span class='ocrx_word' id='word_1_10' title='bbox 656 154 812 183; x_wconf 78' lang='lat' dir='ltr'>DOMlNlCA</span> <span class='ocrx_word' id='word_1_11' title='bbox 834 155 876 183; x_wconf 86' lang='lat' dir='ltr'>XI.</span> <span class='ocrx_word' id='word_1_12' title='bbox 899 154 981 183; x_wconf 84' lang='lat' dir='ltr'>POST</span> <span class='ocrx_word' id='word_1_13' title='bbox 1004 155 1244 185; x_wconf 80' lang='lat' dir='ltr'>PENTECOSTEN.</span> <span class='ocrx_word' id='word_1_14' title='bbox 1267 156 1376 185; x_wconf 81' lang='lat' dir='ltr'><strong>SERMO</strong></span> <span class='ocrx_word' id='word_1_15' title='bbox 1399 157 1415 185; x_wconf 87' lang='grc'>1.</span> 
     </span>
    </p>
   </div>
   <div class='ocr_carea' id='block_1_7' title="bbox 232 232 954 356">
    <p class='ocr_par' dir='ltr' id='par_1_7' title="bbox 232 232 954 356">
     <span class='ocr_line' id='line_1_8' title="bbox 496 232 673 261; baseline 0 -1"><span class='ocrx_word' id='word_1_16' title='bbox 496 232 587 261; x_wconf 62' lang='lat' dir='ltr'>senno</span> <span class='ocrx_word' id='word_1_17' title='bbox 609 232 638 260; x_wconf 94' lang='lat' dir='ltr'>lll</span> <span class='ocrx_word' id='word_1_18' title='bbox 655 233 673 260; x_wconf 87' lang='lat'>¹.</span> 
     </span>
     <span class='ocr_line' id='line_1_9' title="bbox 232 328 954 356; baseline 0.003 -3"><span class='ocrx_word' id='word_1_19' title='bbox 232 329 316 354; x_wconf 86' lang='lat' dir='ltr'>Sermo</span> <span class='ocrx_word' id='word_1_20' title='bbox 334 328 422 354; x_wconf 81' lang='lat' dir='ltr'>fratris</span> <span class='ocrx_word' id='word_1_21' title='bbox 441 329 632 355; x_wconf 81' lang='lat' dir='ltr'>Bonaveuturae</span> <span class='ocrx_word' id='word_1_22' title='bbox 650 329 783 355; x_wconf 77' lang='lat' dir='ltr'>Fratribus</span> <span class='ocrx_word' id='word_1_23' title='bbox 802 330 831 355; x_wconf 89' lang='lat' dir='ltr'>de</span> <span class='ocrx_word' id='word_1_24' title='bbox 849 330 954 356; x_wconf 85' lang='lat' dir='ltr'>Assisio.</span> 
     </span>
    </p>
   </div>
   <div class='ocr_carea' id='block_1_8' title="bbox 158 417 1007 1155">
    <p class='ocr_par' dir='ltr' id='par_1_8' title="bbox 242 417 887 456">
     <span class='ocr_line' id='line_1_10' title="bbox 242 417 887 456; baseline 0.003 -11"><span class='ocrx_word' id='word_1_25' title='bbox 242 417 360 451; x_wconf 69' lang='lat' dir='ltr'>Omnis,</span> <span class='ocrx_word' id='word_1_26' title='bbox 382 418 435 456; x_wconf 79' lang='lat' dir='ltr'>qui</span> <span class='ocrx_word' id='word_1_27' title='bbox 453 426 483 446; x_wconf 86' lang='lat' dir='ltr'>se</span> <span class='ocrx_word' id='word_1_28' title='bbox 503 417 656 452; x_wconf 75' lang='lat' dir='ltr'>humiliat,</span> <span class='ocrx_word' id='word_1_29' title='bbox 678 419 887 447; x_wconf 58' lang='lat' dir='ltr'>exaltabunt-2.</span> 
     </span>
    </p>

    <p class='ocr_par' dir='ltr' id='par_1_9' title="bbox 160 464 1007 640">
     <span class='ocr_line' id='line_1_11' title="bbox 240 464 1006 500; baseline 0.004 -8"><span class='ocrx_word' id='word_1_30' title='bbox 240 464 299 492; x_wconf 89' lang='lat' dir='ltr'>Duo</span> <span class='ocrx_word' id='word_1_31' title='bbox 321 468 464 500; x_wconf 90' lang='lat' dir='ltr'>ponuntur</span> <span class='ocrx_word' id='word_1_32' title='bbox 484 465 511 493; x_wconf 90' lang='lat' dir='ltr'>in</span> <span class='ocrx_word' id='word_1_33' title='bbox 534 465 585 493; x_wconf 88' lang='lat' dir='ltr'>hac</span> <span class='ocrx_word' id='word_1_34' title='bbox 607 466 742 494; x_wconf 88' lang='lat' dir='ltr'>sententia</span> <span class='ocrx_word' id='word_1_35' title='bbox 763 466 911 495; x_wconf 74' lang='lat' dir='ltr'>salvatoris</span> <span class='ocrx_word' id='word_1_36' title='bbox 933 466 1006 495; x_wconf 86' lang='lat' dir='ltr'>circa</span> 
     </span>
     <span class='ocr_line' id='line_1_12' title="bbox 161 510 1006 546; baseline 0.001 -6"><span class='ocrx_word' id='word_1_37' title='bbox 161 518 270 540; x_wconf 90' lang='lat' dir='ltr'>omnem</span> <span class='ocrx_word' id='word_1_38' title='bbox 290 510 420 539; x_wconf 86' lang='lat' dir='ltr'>devotum</span> <span class='ocrx_word' id='word_1_39' title='bbox 442 511 492 539; x_wconf 88' lang='lat' dir='ltr'>sibi</span> <span class='ocrx_word' id='word_1_40' title='bbox 514 511 665 546; x_wconf 89' lang='lat' dir='ltr'>famulum,</span> <span class='ocrx_word' id='word_1_41' title='bbox 688 512 791 541; x_wconf 86' lang='lat' dir='ltr'>scilicet</span> <span class='ocrx_word' id='word_1_42' title='bbox 812 513 949 541; x_wconf 79' lang='lat' dir='ltr'>meritum</span> <span class='ocrx_word' id='word_1_43' title='bbox 978 521 1006 542; x_wconf 90' lang='lat' dir='ltr'>se</span> 
     </span>
     <span class='ocr_line' id='line_1_13' title="bbox 160 557 1007 596; baseline 0.004 -11"><span class='ocrx_word' id='word_1_44' title='bbox 160 557 250 594; x_wconf 88' lang='lat' dir='ltr'>ipsum</span> <span class='ocrx_word' id='word_1_45' title='bbox 267 557 471 592; x_wconf 81' lang='lat' dir='ltr'>transcendens,</span> <span class='ocrx_word' id='word_1_46' title='bbox 486 562 513 587; x_wconf 89' lang='lat' dir='ltr'>et</span> <span class='ocrx_word' id='word_1_47' title='bbox 526 558 713 596; x_wconf 65' lang='lat' dir='ltr'>privileyium</span> <span class='ocrx_word' id='word_1_48' title='bbox 729 559 756 587; x_wconf 90' lang='lat' dir='ltr'>in</span> <span class='ocrx_word' id='word_1_49' title='bbox 771 559 939 596; x_wconf 83' lang='lat' dir='ltr'>sempiterna</span> <span class='ocrx_word' id='word_1_50' title='bbox 952 560 1007 596; x_wconf 83' lang='lat' dir='ltr'>glo-</span> 
     </span>
     <span class='ocr_line' id='line_1_14' title="bbox 160 604 404 640; baseline 0 -8"><span class='ocrx_word' id='word_1_51' title='bbox 160 604 201 632; x_wconf 87' lang='lat' dir='ltr'>ria</span> <span class='ocrx_word' id='word_1_52' title='bbox 222 604 270 632; x_wconf 88' lang='lat' dir='ltr'>Dei</span> <span class='ocrx_word' id='word_1_53' title='bbox 293 611 404 640; x_wconf 73' lang='lat' dir='ltr'>ponens.</span> 
     </span>
    </p>

    <p class='ocr_par' dir='ltr' id='par_1_10' title="bbox 158 650 1006 1155">
     <span class='ocr_line' id='line_1_15' title="bbox 239 650 1006 690; baseline 0.005 -12"><span class='ocrx_word' id='word_1_54' title='bbox 239 650 256 678; x_wconf 94' lang='lat' dir='ltr'>l.</span> <span class='ocrx_word' id='word_1_55' title='bbox 278 650 357 679; x_wconf 87' lang='lat' dir='ltr'>Circa</span> <span class='ocrx_word' id='word_1_56' title='bbox 372 651 491 687; x_wconf 88' lang='lat' dir='ltr'>primum</span> <span class='ocrx_word' id='word_1_57' title='bbox 508 656 581 685; x_wconf 85' lang='lat' dir='ltr'>nota,</span> <span class='ocrx_word' id='word_1_58' title='bbox 597 652 670 689; x_wconf 89' lang='lat' dir='ltr'>quod</span> <span class='ocrx_word' id='word_1_59' title='bbox 692 652 725 680; x_wconf 88' lang='lat' dir='ltr'>ad</span> <span class='ocrx_word' id='word_1_60' title='bbox 741 653 802 686; x_wconf 91' lang='lat' dir='ltr'>hoc,</span> <span class='ocrx_word' id='word_1_61' title='bbox 818 653 891 689; x_wconf 87' lang='lat' dir='ltr'>quod</span> <span class='ocrx_word' id='word_1_62' title='bbox 905 653 1006 690; x_wconf 87' lang='lat' dir='ltr'>aliquis</span> 
     </span>
     <span class='ocr_line' id='line_1_16' title="bbox 160 698 1005 736; baseline 0.004 -11"><span class='ocrx_word' id='word_1_63' title='bbox 160 700 300 726; x_wconf 86' lang='lat' dir='ltr'>mereatur</span> <span class='ocrx_word' id='word_1_64' title='bbox 315 705 374 726; x_wconf 85' lang='lat' dir='ltr'>esse</span> <span class='ocrx_word' id='word_1_65' title='bbox 389 705 487 726; x_wconf 87' lang='lat' dir='ltr'>servus</span> <span class='ocrx_word' id='word_1_66' title='bbox 501 698 624 727; x_wconf 80' lang='lat' dir='ltr'>altissimi</span> <span class='ocrx_word' id='word_1_67' title='bbox 640 698 701 732; x_wconf 88' lang='lat' dir='ltr'>Dei,</span> <span class='ocrx_word' id='word_1_68' title='bbox 717 699 841 736; x_wconf 87' lang='lat' dir='ltr'>quinque</span> <span class='ocrx_word' id='word_1_69' title='bbox 856 700 1005 736; x_wconf 87' lang='lat' dir='ltr'>requirun-</span> 
     </span>
     <span class='ocr_line' id='line_1_17' title="bbox 160 743 1004 780; baseline 0.002 -8"><span class='ocrx_word' id='word_1_70' title='bbox 160 746 207 772; x_wconf 87' lang='lat' dir='ltr'>tur</span> <span class='ocrx_word' id='word_1_71' title='bbox 234 743 260 772; x_wconf 92' lang='lat' dir='ltr'>in</span> <span class='ocrx_word' id='word_1_72' title='bbox 282 751 330 778; x_wconf 81' lang='lat' dir='ltr'>eo,</span> <span class='ocrx_word' id='word_1_73' title='bbox 358 751 429 780; x_wconf 84' lang='lat' dir='ltr'>quae</span> <span class='ocrx_word' id='word_1_74' title='bbox 458 744 605 780; x_wconf 74' lang='lat' dir='ltr'>perfectam</span> <span class='ocrx_word' id='word_1_75' title='bbox 635 745 818 773; x_wconf 79' lang='lat' dir='ltr'>humilitatem</span> <span class='ocrx_word' id='word_1_76' title='bbox 840 746 1004 780; x_wconf 89' lang='lat' dir='ltr'>instituunt,</span> 
     </span>
     <span class='ocr_line' id='line_1_18' title="bbox 159 790 1004 827; baseline 0.002 -8"><span class='ocrx_word' id='word_1_77' title='bbox 159 790 263 820; x_wconf 87' lang='lat' dir='ltr'>scilicet</span> <span class='ocrx_word' id='word_1_78' title='bbox 276 798 362 818; x_wconf 76' lang='lat' dir='ltr'>amor</span> <span class='ocrx_word' id='word_1_79' title='bbox 377 790 505 827; x_wconf 72' lang='lat' dir='ltr'>propriae</span> <span class='ocrx_word' id='word_1_80' title='bbox 526 790 741 827; x_wconf 76' lang='lat' dir='ltr'>vilificationis;</span> <span class='ocrx_word' id='word_1_81' title='bbox 763 792 885 820; x_wconf 89' lang='lat' dir='ltr'>Psalmus</span> <span class='ocrx_word' id='word_1_82' title='bbox 900 792 927 820; x_wconf 76' lang='lat'>3:</span> <span class='ocrx_word' id='word_1_83' title='bbox 950 793 1004 821; x_wconf 82' lang='lat' dir='ltr'>Bo-</span> 
     </span>
     <span class='ocr_line' id='line_1_19' title="bbox 159 836 1004 875; baseline 0.004 -10"><span class='ocrx_word' id='word_1_84' title='bbox 159 846 231 866; x_wconf 83' lang='lat' dir='ltr'>num</span> <span class='ocrx_word' id='word_1_85' title='bbox 251 836 340 870; x_wconf 75' lang='lat' dir='ltr'>milti,</span> <span class='ocrx_word' id='word_1_86' title='bbox 362 837 434 875; x_wconf 83' lang='lat' dir='ltr'>quia</span> <span class='ocrx_word' id='word_1_87' title='bbox 455 836 620 866; x_wconf 73' lang='lat' dir='ltr'>humiliasti</span> <span class='ocrx_word' id='word_1_88' title='bbox 640 846 692 866; x_wconf 82' lang='lat' dir='ltr'>me.</span> <span class='ocrx_word' id='word_1_89' title='bbox 708 855 746 859; x_wconf 94' lang='lat'><strong>—</strong></span> <span class='ocrx_word' id='word_1_90' title='bbox 767 838 936 867; x_wconf 76' lang='lat' dir='ltr'>Assicluitas</span> <span class='ocrx_word' id='word_1_91' title='bbox 958 848 1004 868; x_wconf 91' lang='lat' dir='ltr'>vo-</span> 
     </span>
     <span class='ocr_line' id='line_1_20' title="bbox 159 884 1004 921; baseline 0.002 -9"><span class='ocrx_word' id='word_1_92' title='bbox 159 884 231 913; x_wconf 84' lang='lat' dir='ltr'>tivae</span> <span class='ocrx_word' id='word_1_93' title='bbox 246 885 280 920; x_wconf 84' lang='lat'>(?)</span> <span class='ocrx_word' id='word_1_94' title='bbox 301 884 503 918; x_wconf 81' lang='lat' dir='ltr'>subiectionis;</span> <span class='ocrx_word' id='word_1_95' title='bbox 524 884 557 912; x_wconf 87' lang='lat' dir='ltr'>ad</span> <span class='ocrx_word' id='word_1_96' title='bbox 576 884 763 921; x_wconf 80' lang='lat' dir='ltr'>Philippenses</span> <span class='ocrx_word' id='word_1_97' title='bbox 784 885 920 914; x_wconf 86' lang='lat' dir='ltr'>secundo:</span> <span class='ocrx_word' id='word_1_98' title='bbox 942 886 1004 914; x_wconf 84' lang='lat' dir='ltr'>Ha-</span> 
     </span>
     <span class='ocr_line' id='line_1_21' title="bbox 159 930 1004 970; baseline 0.002 -11"><span class='ocrx_word' id='word_1_99' title='bbox 159 930 283 960; x_wconf 73' lang='lat' dir='ltr'>milz‘avit</span> <span class='ocrx_word' id='word_1_100' title='bbox 300 931 493 968; x_wconf 76' lang='lat' dir='ltr'>semetipsam,</span> <span class='ocrx_word' id='word_1_101' title='bbox 508 930 608 968; x_wconf 77' lang='lat' dir='ltr'>faetus</span> <span class='ocrx_word' id='word_1_102' title='bbox 622 931 753 959; x_wconf 77' lang='lat' dir='ltr'>obediens</span> <span class='ocrx_word' id='word_1_103' title='bbox 768 940 858 970; x_wconf 83' lang='lat' dir='ltr'>usque</span> <span class='ocrx_word' id='word_1_104' title='bbox 873 932 913 960; x_wconf 79' lang='lat' dir='ltr'>ad</span> <span class='ocrx_word' id='word_1_105' title='bbox 926 941 1004 961; x_wconf 80' lang='lat' dir='ltr'>mor-</span> 
     </span>
     <span class='ocr_line' id='line_1_22' title="bbox 159 978 1004 1015; baseline 0.002 -9"><span class='ocrx_word' id='word_1_106' title='bbox 159 981 212 1006; x_wconf 83' lang='lat' dir='ltr'>tem</span> <span class='ocrx_word' id='word_1_107' title='bbox 233 981 284 1006; x_wconf 91' lang='lat' dir='ltr'>etc.</span> <span class='ocrx_word' id='word_1_108' title='bbox 302 994 337 998; x_wconf 97' lang='lat'><strong>—</strong></span> <span class='ocrx_word' id='word_1_109' title='bbox 360 978 524 1015; x_wconf 75' lang='lat' dir='ltr'>Recogynitio</span> <span class='ocrx_word' id='word_1_110' title='bbox 540 985 606 1007; x_wconf 87' lang='lat' dir='ltr'>suae</span> <span class='ocrx_word' id='word_1_111' title='bbox 621 978 812 1012; x_wconf 79' lang='lat' dir='ltr'>conditionis;</span> <span class='ocrx_word' id='word_1_112' title='bbox 826 979 938 1007; x_wconf 86' lang='lat' dir='ltr'>secundi</span> <span class='ocrx_word' id='word_1_113' title='bbox 956 980 1004 1008; x_wconf 81' lang='lat' dir='ltr'>Re-</span> 
     </span>
     <span class='ocr_line' id='line_1_23' title="bbox 158 1024 1004 1063; baseline 0.001 -10"><span class='ocrx_word' id='word_1_114' title='bbox 158 1032 223 1062; x_wconf 84' lang='lat' dir='ltr'>gum</span> <span class='ocrx_word' id='word_1_115' title='bbox 245 1028 340 1053; x_wconf 86' lang='lat' dir='ltr'>sexto:</span> <span class='ocrx_word' id='word_1_116' title='bbox 374 1025 461 1053; x_wconf 68' lang='lat' dir='ltr'>Vilior</span> <span class='ocrx_word' id='word_1_117' title='bbox 481 1024 554 1061; x_wconf 72' lang='lat' dir='ltr'>fiam</span> <span class='ocrx_word' id='word_1_118' title='bbox 573 1025 650 1062; x_wconf 78' lang='lat' dir='ltr'>plus,</span> <span class='ocrx_word' id='word_1_119' title='bbox 666 1033 756 1063; x_wconf 73' lang='lat' dir='ltr'>quain</span> <span class='ocrx_word' id='word_1_120' title='bbox 770 1024 869 1062; x_wconf 78' lang='lat' dir='ltr'>factus</span> <span class='ocrx_word' id='word_1_121' title='bbox 883 1034 963 1060; x_wconf 78' lang='lat' dir='ltr'>sum,</span> <span class='ocrx_word' id='word_1_122' title='bbox 980 1030 1004 1054; x_wconf 89' lang='lat' dir='ltr'>et</span> 
     </span>
     <span class='ocr_line' id='line_1_24' title="bbox 158 1070 1005 1108; baseline 0.002 -9"><span class='ocrx_word' id='word_1_123' title='bbox 158 1079 206 1100; x_wconf 75' lang='lat' dir='ltr'>ero</span> <span class='ocrx_word' id='word_1_124' title='bbox 232 1070 351 1099; x_wconf 71' lang='lat' dir='ltr'>humilis</span> <span class='ocrx_word' id='word_1_125' title='bbox 377 1072 408 1100; x_wconf 88' lang='lat' dir='ltr'>in</span> <span class='ocrx_word' id='word_1_126' title='bbox 436 1071 527 1100; x_wconf 65' lang='lat' dir='ltr'>oeulis¹</span> <span class='ocrx_word' id='word_1_127' title='bbox 548 1072 628 1100; x_wconf 80' lang='lat' dir='ltr'>meis.</span> <span class='ocrx_word' id='word_1_128' title='bbox 650 1089 689 1092; x_wconf 97' lang='lat'><strong>—</strong></span> <span class='ocrx_word' id='word_1_129' title='bbox 712 1071 900 1108; x_wconf 74' lang='lat' dir='ltr'>Comparatio</span> <span class='ocrx_word' id='word_1_130' title='bbox 929 1073 1005 1101; x_wconf 74' lang='lat' dir='ltr'>¹uitae</span> 
     </span>
     <span class='ocr_line' id='line_1_25' title="bbox 158 1117 1005 1155; baseline 0.002 -9"><span class='ocrx_word' id='word_1_131' title='bbox 158 1117 303 1151; x_wconf 74' lang='lat' dir='ltr'>melioris;</span> <span class='ocrx_word' id='word_1_132' title='bbox 324 1118 355 1146; x_wconf 88' lang='lat' dir='ltr'>ad</span> <span class='ocrx_word' id='word_1_133' title='bbox 384 1118 570 1155; x_wconf 80' lang='lat' dir='ltr'>Philippenses</span> <span class='ocrx_word' id='word_1_134' title='bbox 597 1118 718 1147; x_wconf 87' lang='lat' dir='ltr'>secundo</span> <span class='ocrx_word' id='word_1_135' title='bbox 733 1119 760 1146; x_wconf 76' lang='lat'>4:</span> <span class='ocrx_word' id='word_1_136' title='bbox 786 1119 822 1147; x_wconf 82' lang='lat' dir='ltr'>In</span> <span class='ocrx_word' id='word_1_137' title='bbox 843 1118 1005 1148; x_wconf 76' lang='lat' dir='ltr'>lutmilitate</span> 
     </span>
    </p>
   </div>
   <div class='ocr_carea' id='block_1_9' title="bbox 1850 159 1905 188">
    <p class='ocr_par' dir='ltr' id='par_1_11' title="bbox 1850 159 1905 188">
     <span class='ocr_line' id='line_1_26' title="bbox 1850 159 1905 188; baseline -0.018 0"><span class='ocrx_word' id='word_1_138' title='bbox 1850 159 1905 188; x_wconf 71' lang='lat'>395</span> 
     </span>
    </p>
   </div>
   <div class='ocr_carea' id='block_1_10' title="bbox 1057 234 1908 1148">
    <p class='ocr_par' dir='ltr' id='par_1_12' title="bbox 1063 234 1907 411">
     <span class='ocr_line' id='line_1_27' title="bbox 1064 234 1907 273; baseline 0.005 -12"><span class='ocrx_word' id='word_1_139' title='bbox 1064 234 1230 270; x_wconf 75' lang='lat' dir='ltr'>superiores</span> <span class='ocrx_word' id='word_1_140' title='bbox 1253 234 1311 263; x_wconf 81' lang='lat' dir='ltr'>sibi</span> <span class='ocrx_word' id='word_1_141' title='bbox 1337 234 1458 263; x_wconf 81' lang='lat' dir='ltr'>invicem</span> <span class='ocrx_word' id='word_1_142' title='bbox 1484 235 1670 264; x_wconf 72' lang='lat' dir='ltr'>arbitrantes.</span> <span class='ocrx_word' id='word_1_143' title='bbox 1702 252 1736 257; x_wconf 95' lang='lat'>--</span> <span class='ocrx_word' id='word_1_144' title='bbox 1768 237 1907 273; x_wconf 81' lang='lat' dir='ltr'>Inspectio</span> 
     </span>
     <span class='ocr_line' id='line_1_28' title="bbox 1064 281 1907 320; baseline 0.005 -12"><span class='ocrx_word' id='word_1_145' title='bbox 1064 287 1201 317; x_wconf 78' lang='lat' dir='ltr'>supernae</span> <span class='ocrx_word' id='word_1_146' title='bbox 1214 281 1420 318; x_wconf 77' lang='lat' dir='ltr'>speculationis</span> <span class='ocrx_word' id='word_1_147' title='bbox 1435 282 1483 319; x_wconf 81' lang='lat'>(?);</span> <span class='ocrx_word' id='word_1_148' title='bbox 1501 282 1677 311; x_wconf 86' lang='lat' dir='ltr'>Ecclesiastici</span> <span class='ocrx_word' id='word_1_149' title='bbox 1700 283 1830 320; x_wconf 87' lang='lat' dir='ltr'>septimo:</span> <span class='ocrx_word' id='word_1_150' title='bbox 1846 283 1907 312; x_wconf 83' lang='lat' dir='ltr'>Hu-</span> 
     </span>
     <span class='ocr_line' id='line_1_29' title="bbox 1064 326 1906 367; baseline 0.005 -12"><span class='ocrx_word' id='word_1_151' title='bbox 1064 326 1147 355; x_wconf 84' lang='lat' dir='ltr'>milia</span> <span class='ocrx_word' id='word_1_152' title='bbox 1161 327 1245 356; x_wconf 81' lang='lat' dir='ltr'>valde</span> <span class='ocrx_word' id='word_1_153' title='bbox 1261 328 1402 364; x_wconf 79' lang='lat' dir='ltr'>spiritum</span> <span class='ocrx_word' id='word_1_154' title='bbox 1423 332 1516 363; x_wconf 79' lang='lat' dir='ltr'>tuum,</span> <span class='ocrx_word' id='word_1_155' title='bbox 1532 329 1671 367; x_wconf 81' lang='lat' dir='ltr'>quoniam</span> <span class='ocrx_word' id='word_1_156' title='bbox 1694 330 1821 359; x_wconf 79' lang='lat' dir='ltr'>vindicta</span> <span class='ocrx_word' id='word_1_157' title='bbox 1840 339 1906 359; x_wconf 82' lang='lat' dir='ltr'>car-</span> 
     </span>
     <span class='ocr_line' id='line_1_30' title="bbox 1063 373 1513 411; baseline 0.004 -10"><span class='ocrx_word' id='word_1_158' title='bbox 1063 373 1110 401; x_wconf 79' lang='lat' dir='ltr'>nis</span> <span class='ocrx_word' id='word_1_159' title='bbox 1132 373 1232 410; x_wconf 72' lang='lat' dir='ltr'>impii,</span> <span class='ocrx_word' id='word_1_160' title='bbox 1254 374 1332 411; x_wconf 60' lang='lat' dir='ltr'>ignis</span> <span class='ocrx_word' id='word_1_161' title='bbox 1352 379 1377 402; x_wconf 89' lang='lat' dir='ltr'>et</span> <span class='ocrx_word' id='word_1_162' title='bbox 1397 375 1513 403; x_wconf 70' lang='lat' dir='ltr'>vermis.</span> 
     </span>
    </p>

    <p class='ocr_par' dir='ltr' id='par_1_13' title="bbox 1057 420 1908 1148">
     <span class='ocr_line' id='line_1_31' title="bbox 1143 420 1906 460; baseline 0.004 -12"><span class='ocrx_word' id='word_1_163' title='bbox 1143 420 1170 448; x_wconf 89' lang='lat' dir='ltr'>ll.</span> <span class='ocrx_word' id='word_1_164' title='bbox 1193 420 1271 449; x_wconf 85' lang='lat' dir='ltr'>Circa</span> <span class='ocrx_word' id='word_1_165' title='bbox 1295 421 1447 450; x_wconf 86' lang='lat' dir='ltr'>secundum</span> <span class='ocrx_word' id='word_1_166' title='bbox 1476 425 1555 456; x_wconf 89' lang='lat' dir='ltr'>nota,</span> <span class='ocrx_word' id='word_1_167' title='bbox 1577 423 1650 459; x_wconf 89' lang='lat' dir='ltr'>quod</span> <span class='ocrx_word' id='word_1_168' title='bbox 1672 423 1718 460; x_wconf 90' lang='lat' dir='ltr'>qui</span> <span class='ocrx_word' id='word_1_169' title='bbox 1747 424 1786 452; x_wconf 89' lang='lat' dir='ltr'>sic</span> <span class='ocrx_word' id='word_1_170' title='bbox 1816 424 1906 453; x_wconf 89' lang='lat' dir='ltr'>humi-</span> 
     </span>
     <span class='ocr_line' id='line_1_32' title="bbox 1063 466 1905 500; baseline 0.007 -6"><span class='ocrx_word' id='word_1_171' title='bbox 1063 466 1146 495; x_wconf 86' lang='lat' dir='ltr'>liatur</span> <span class='ocrx_word' id='word_1_172' title='bbox 1166 468 1295 496; x_wconf 77' lang='lat' dir='ltr'>exaltari</span> <span class='ocrx_word' id='word_1_173' title='bbox 1314 468 1425 497; x_wconf 92' lang='lat' dir='ltr'>omnino</span> <span class='ocrx_word' id='word_1_174' title='bbox 1454 472 1593 498; x_wconf 83' lang='lat' dir='ltr'>meretur:</span> <span class='ocrx_word' id='word_1_175' title='bbox 1619 470 1651 499; x_wconf 87' lang='lat' dir='ltr'>ad</span> <span class='ocrx_word' id='word_1_176' title='bbox 1682 471 1769 500; x_wconf 86' lang='lat' dir='ltr'>maius</span> <span class='ocrx_word' id='word_1_177' title='bbox 1796 471 1905 500; x_wconf 81' lang='lat' dir='ltr'>donum</span> 
     </span>
     <span class='ocr_line' id='line_1_33' title="bbox 1062 514 1905 555; baseline 0.006 -14"><span class='ocrx_word' id='word_1_178' title='bbox 1062 514 1181 550; x_wconf 83' lang='lat' dir='ltr'>gratiae;</span> <span class='ocrx_word' id='word_1_179' title='bbox 1211 514 1388 544; x_wconf 87' lang='lat' dir='ltr'>Ecclesiastici</span> <span class='ocrx_word' id='word_1_180' title='bbox 1419 516 1499 544; x_wconf 90' lang='lat' dir='ltr'>tertio</span> <span class='ocrx_word' id='word_1_181' title='bbox 1514 516 1542 544; x_wconf 85' lang='lat'>⁵:</span> <span class='ocrx_word' id='word_1_182' title='bbox 1566 517 1680 552; x_wconf 86' lang='lat' dir='ltr'>Quanto</span> <span class='ocrx_word' id='word_1_183' title='bbox 1704 526 1832 555; x_wconf 68' lang='lat' dir='ltr'>maynus</span> <span class='ocrx_word' id='word_1_184' title='bbox 1859 526 1905 552; x_wconf 83' lang='lat' dir='ltr'>es,</span> 
     </span>
     <span class='ocr_line' id='line_1_34' title="bbox 1062 558 1905 602; baseline 0.007 -14"><span class='ocrx_word' id='word_1_185' title='bbox 1062 558 1188 589; x_wconf 77' lang='lat' dir='ltr'>humilia</span> <span class='ocrx_word' id='word_1_186' title='bbox 1210 564 1234 589; x_wconf 80' lang='lat' dir='ltr'>te</span> <span class='ocrx_word' id='word_1_187' title='bbox 1255 561 1285 589; x_wconf 85' lang='lat' dir='ltr'>in</span> <span class='ocrx_word' id='word_1_188' title='bbox 1307 561 1452 596; x_wconf 76' lang='lat' dir='ltr'>onuzibus,</span> <span class='ocrx_word' id='word_1_189' title='bbox 1467 566 1492 591; x_wconf 87' lang='lat' dir='ltr'>et</span> <span class='ocrx_word' id='word_1_190' title='bbox 1506 571 1607 592; x_wconf 81' lang='lat' dir='ltr'>coram</span> <span class='ocrx_word' id='word_1_191' title='bbox 1625 564 1679 592; x_wconf 87' lang='lat' dir='ltr'>Deo</span> <span class='ocrx_word' id='word_1_192' title='bbox 1694 564 1820 593; x_wconf 78' lang='lat' dir='ltr'>invenies</span> <span class='ocrx_word' id='word_1_193' title='bbox 1832 573 1905 602; x_wconf 69' lang='lat' dir='ltr'>yra-</span> 
     </span>
     <span class='ocr_line' id='line_1_35' title="bbox 1063 606 1904 645; baseline 0.007 -10"><span class='ocrx_word' id='word_1_194' title='bbox 1063 606 1143 635; x_wconf 84' lang='lat' dir='ltr'>tiam.</span> <span class='ocrx_word' id='word_1_195' title='bbox 1166 624 1203 627; x_wconf 90' lang='lat'><strong>—</strong></span> <span class='ocrx_word' id='word_1_196' title='bbox 1225 608 1262 636; x_wconf 78' lang='lat' dir='ltr'>Ad</span> <span class='ocrx_word' id='word_1_197' title='bbox 1283 609 1372 637; x_wconf 86' lang='lat' dir='ltr'>maius</span> <span class='ocrx_word' id='word_1_198' title='bbox 1399 610 1535 638; x_wconf 77' lang='lat' dir='ltr'>meritum</span> <span class='ocrx_word' id='word_1_199' title='bbox 1564 611 1699 645; x_wconf 84' lang='lat' dir='ltr'>iustitiae3</span> <span class='ocrx_word' id='word_1_200' title='bbox 1725 612 1904 641; x_wconf 83' lang='lat' dir='ltr'>Ecclesiastici</span> 
     </span>
     <span class='ocr_line' id='line_1_36' title="bbox 1062 654 1904 691; baseline 0.008 -10"><span class='ocrx_word' id='word_1_201' title='bbox 1062 654 1224 682; x_wconf 87' lang='lat' dir='ltr'>undecimo:</span> <span class='ocrx_word' id='word_1_202' title='bbox 1249 656 1298 683; x_wconf 85' lang='lat' dir='ltr'>Est</span> <span class='ocrx_word' id='word_1_203' title='bbox 1319 654 1402 683; x_wconf 70' lang='lat' dir='ltr'>hoino</span> <span class='ocrx_word' id='word_1_204' title='bbox 1425 657 1577 685; x_wconf 80' lang='lat' dir='ltr'>marcidus</span> <span class='ocrx_word' id='word_1_205' title='bbox 1591 661 1652 691; x_wconf 62' lang='lat' dir='ltr'>etc„</span> <span class='ocrx_word' id='word_1_206' title='bbox 1675 661 1699 686; x_wconf 85' lang='lat' dir='ltr'>et</span> <span class='ocrx_word' id='word_1_207' title='bbox 1720 659 1793 687; x_wconf 90' lang='lat' dir='ltr'>Deus</span> <span class='ocrx_word' id='word_1_208' title='bbox 1814 659 1904 688; x_wconf 73' lang='lat' dir='ltr'>erexit</span> 
     </span>
     <span class='ocr_line' id='line_1_37' title="bbox 1062 700 1902 742; baseline 0.008 -15"><span class='ocrx_word' id='word_1_209' title='bbox 1062 708 1128 728; x_wconf 76' lang='lat' dir='ltr'>euni</span> <span class='ocrx_word' id='word_1_210' title='bbox 1149 700 1186 728; x_wconf 84' lang='lat' dir='ltr'>ab</span> <span class='ocrx_word' id='word_1_211' title='bbox 1208 700 1370 729; x_wconf 75' lang='lat' dir='ltr'>humilitate</span> <span class='ocrx_word' id='word_1_212' title='bbox 1392 702 1486 739; x_wconf 79' lang='lat' dir='ltr'>ipsius</span> <span class='ocrx_word' id='word_1_213' title='bbox 1514 707 1539 731; x_wconf 88' lang='lat' dir='ltr'>et</span> <span class='ocrx_word' id='word_1_214' title='bbox 1563 704 1703 733; x_wconf 73' lang='lat' dir='ltr'>exaltavit</span> <span class='ocrx_word' id='word_1_215' title='bbox 1723 709 1811 742; x_wconf 78' lang='lat' dir='ltr'>eaput</span> <span class='ocrx_word' id='word_1_216' title='bbox 1831 706 1902 734; x_wconf 82' lang='lat' dir='ltr'>cius.</span> 
     </span>
     <span class='ocr_line' id='line_1_38' title="bbox 1062 747 1904 785; baseline 0.011 -12"><span class='ocrx_word' id='word_1_217' title='bbox 1062 763 1099 767; x_wconf 89' lang='lat'><em>-</em></span> <span class='ocrx_word' id='word_1_218' title='bbox 1121 747 1157 774; x_wconf 72' lang='lat' dir='ltr'>Ad</span> <span class='ocrx_word' id='word_1_219' title='bbox 1180 747 1268 775; x_wconf 86' lang='lat' dir='ltr'>maius</span> <span class='ocrx_word' id='word_1_220' title='bbox 1290 747 1385 776; x_wconf 83' lang='lat' dir='ltr'>lumen</span> <span class='ocrx_word' id='word_1_221' title='bbox 1404 749 1569 785; x_wconf 85' lang='lat' dir='ltr'>sapientiae;</span> <span class='ocrx_word' id='word_1_222' title='bbox 1592 751 1803 780; x_wconf 84' lang='lat' dir='ltr'>Proverbiorum</span> <span class='ocrx_word' id='word_1_223' title='bbox 1819 753 1904 782; x_wconf 86' lang='lat' dir='ltr'>unde—</span> 
     </span>
     <span class='ocr_line' id='line_1_39' title="bbox 1062 793 1904 833; baseline 0.01 -13"><span class='ocrx_word' id='word_1_224' title='bbox 1062 793 1147 821; x_wconf 89' lang='lat' dir='ltr'>cimo:</span> <span class='ocrx_word' id='word_1_225' title='bbox 1174 793 1228 821; x_wconf 85' lang='lat' dir='ltr'>Ubi</span> <span class='ocrx_word' id='word_1_226' title='bbox 1247 797 1286 821; x_wconf 84' lang='lat' dir='ltr'>est</span> <span class='ocrx_word' id='word_1_227' title='bbox 1301 793 1470 828; x_wconf 73' lang='lat' dir='ltr'>humilitas,</span> <span class='ocrx_word' id='word_1_228' title='bbox 1487 796 1527 823; x_wconf 84' lang='lat' dir='ltr'>ibi</span> <span class='ocrx_word' id='word_1_229' title='bbox 1547 800 1573 824; x_wconf 92' lang='lat' dir='ltr'>et</span> <span class='ocrx_word' id='word_1_230' title='bbox 1592 797 1756 833; x_wconf 82' lang='lat' dir='ltr'>sapicntia;</span> <span class='ocrx_word' id='word_1_231' title='bbox 1775 799 1904 828; x_wconf 82' lang='lat' dir='ltr'>Ecclesia-</span> 
     </span>
     <span class='ocr_line' id='line_1_40' title="bbox 1061 839 1905 877; baseline 0.008 -10"><span class='ocrx_word' id='word_1_232' title='bbox 1061 839 1120 867; x_wconf 87' lang='lat' dir='ltr'>stici</span> <span class='ocrx_word' id='word_1_233' title='bbox 1143 840 1289 868; x_wconf 87' lang='lat' dir='ltr'>undecimo</span> <span class='ocrx_word' id='word_1_234' title='bbox 1304 841 1330 868; x_wconf 76' lang='lat'>⁶:</span> <span class='ocrx_word' id='word_1_235' title='bbox 1354 841 1504 877; x_wconf 71' lang='lat' dir='ltr'>Sapientia</span> <span class='ocrx_word' id='word_1_236' title='bbox 1526 841 1676 871; x_wconf 71' lang='lat' dir='ltr'>humiliati</span> <span class='ocrx_word' id='word_1_237' title='bbox 1696 844 1833 873; x_wconf 71' lang='lat' dir='ltr'>exaltabit</span> <span class='ocrx_word' id='word_1_238' title='bbox 1857 854 1905 874; x_wconf 76' lang='lat' dir='ltr'>ea-</span> 
     </span>
     <span class='ocr_line' id='line_1_41' title="bbox 1057 886 1906 925; baseline 0.008 -12"><span class='ocrx_word' id='word_1_239' title='bbox 1057 889 1113 922; x_wconf 77' lang='lat' dir='ltr'>put</span> <span class='ocrx_word' id='word_1_240' title='bbox 1140 886 1226 914; x_wconf 80' lang='lat' dir='ltr'>illius.</span> <span class='ocrx_word' id='word_1_241' title='bbox 1253 904 1291 907; x_wconf 90' lang='lat'>—</span> <span class='ocrx_word' id='word_1_242' title='bbox 1320 887 1357 915; x_wconf 73' lang='lat' dir='ltr'>Ad</span> <span class='ocrx_word' id='word_1_243' title='bbox 1383 888 1472 916; x_wconf 83' lang='lat' dir='ltr'>maius</span> <span class='ocrx_word' id='word_1_244' title='bbox 1501 889 1613 917; x_wconf 81' lang='lat' dir='ltr'>eulmen</span> <span class='ocrx_word' id='word_1_245' title='bbox 1646 890 1832 925; x_wconf 84' lang='lat' dir='ltr'>hierarchiae;</span> <span class='ocrx_word' id='word_1_246' title='bbox 1862 892 1906 920; x_wconf 91' lang='lat' dir='ltr'>lob</span> 
     </span>
     <span class='ocr_line' id='line_1_42' title="bbox 1061 933 1906 970; baseline 0.007 -10"><span class='ocrx_word' id='word_1_247' title='bbox 1061 933 1173 969; x_wconf 87' lang='lat' dir='ltr'>quinto:</span> <span class='ocrx_word' id='word_1_248' title='bbox 1198 933 1255 969; x_wconf 81' lang='lat' dir='ltr'>Qui</span> <span class='ocrx_word' id='word_1_249' title='bbox 1272 935 1355 970; x_wconf 77' lang='lat' dir='ltr'>ponit</span> <span class='ocrx_word' id='word_1_250' title='bbox 1376 933 1499 963; x_wconf 75' lang='lat' dir='ltr'>humiles</span> <span class='ocrx_word' id='word_1_251' title='bbox 1521 935 1551 963; x_wconf 87' lang='lat' dir='ltr'>in</span> <span class='ocrx_word' id='word_1_252' title='bbox 1579 936 1700 964; x_wconf 76' lang='lat' dir='ltr'>sublime</span> <span class='ocrx_word' id='word_1_253' title='bbox 1727 941 1751 964; x_wconf 85' lang='lat' dir='ltr'>et</span> <span class='ocrx_word' id='word_1_254' title='bbox 1779 946 1906 966; x_wconf 75' lang='lat' dir='ltr'>moeren-</span> 
     </span>
     <span class='ocr_line' id='line_1_43' title="bbox 1061 980 1906 1021; baseline 0.007 -14"><span class='ocrx_word' id='word_1_255' title='bbox 1061 983 1100 1008; x_wconf 78' lang='lat' dir='ltr'>tes</span> <span class='ocrx_word' id='word_1_256' title='bbox 1121 980 1207 1017; x_wconf 70' lang='lat' dir='ltr'>eripit</span> <span class='ocrx_word' id='word_1_257' title='bbox 1228 981 1372 1017; x_wconf 81' lang='lat' dir='ltr'>sospitate.</span> <span class='ocrx_word' id='word_1_258' title='bbox 1393 998 1429 1001; x_wconf 97' lang='lat'><strong>—</strong></span> <span class='ocrx_word' id='word_1_259' title='bbox 1445 982 1482 1010; x_wconf 76' lang='lat' dir='ltr'>Ad</span> <span class='ocrx_word' id='word_1_260' title='bbox 1497 982 1586 1011; x_wconf 89' lang='lat' dir='ltr'>maius</span> <span class='ocrx_word' id='word_1_261' title='bbox 1601 984 1769 1019; x_wconf 73' lang='lat' dir='ltr'>praemium</span> <span class='ocrx_word' id='word_1_262' title='bbox 1791 985 1906 1021; x_wconf 79' lang='lat' dir='ltr'>gloriae;</span> 
     </span>
     <span class='ocr_line' id='line_1_44' title="bbox 1062 1026 1908 1067; baseline 0.007 -13"><span class='ocrx_word' id='word_1_263' title='bbox 1062 1026 1107 1054; x_wconf 88' lang='lat' dir='ltr'>lob</span> <span class='ocrx_word' id='word_1_264' title='bbox 1136 1026 1266 1063; x_wconf 86' lang='lat' dir='ltr'>vigesimo</span> <span class='ocrx_word' id='word_1_265' title='bbox 1290 1028 1425 1056; x_wconf 88' lang='lat' dir='ltr'>secundo:</span> <span class='ocrx_word' id='word_1_266' title='bbox 1450 1029 1507 1064; x_wconf 78' lang='lat' dir='ltr'>Qui</span> <span class='ocrx_word' id='word_1_267' title='bbox 1535 1028 1708 1058; x_wconf 76' lang='lat' dir='ltr'>lnuniliatus</span> <span class='ocrx_word' id='word_1_268' title='bbox 1735 1030 1826 1067; x_wconf 81' lang='lat' dir='ltr'>fuerit</span> <span class='ocrx_word' id='word_1_269' title='bbox 1854 1032 1908 1060; x_wconf 81' lang='lat' dir='ltr'>erit</span> 
     </span>
     <span class='ocr_line' id='line_1_45' title="bbox 1061 1073 1908 1114; baseline 0.007 -13"><span class='ocrx_word' id='word_1_270' title='bbox 1061 1073 1092 1101; x_wconf 76' lang='lat' dir='ltr'>in</span> <span class='ocrx_word' id='word_1_271' title='bbox 1111 1073 1224 1111; x_wconf 63' lang='lat' dir='ltr'>pluria,</span> <span class='ocrx_word' id='word_1_272' title='bbox 1246 1078 1271 1102; x_wconf 82' lang='lat' dir='ltr'>et</span> <span class='ocrx_word' id='word_1_273' title='bbox 1292 1075 1344 1112; x_wconf 80' lang='lat' dir='ltr'>qui</span> <span class='ocrx_word' id='word_1_274' title='bbox 1374 1074 1559 1104; x_wconf 75' lang='lat' dir='ltr'>inclinaverit</span> <span class='ocrx_word' id='word_1_275' title='bbox 1590 1076 1701 1110; x_wconf 63' lang='lat' dir='ltr'>oculor,</span> <span class='ocrx_word' id='word_1_276' title='bbox 1724 1077 1784 1114; x_wconf 79' lang='lat' dir='ltr'>ipse</span> <span class='ocrx_word' id='word_1_277' title='bbox 1811 1078 1908 1107; x_wconf 74' lang='lat' dir='ltr'>salua-</span> 
     </span>
     <span class='ocr_line' id='line_1_46' title="bbox 1062 1120 1149 1148; baseline 0 0"><span class='ocrx_word' id='word_1_278' title='bbox 1062 1120 1149 1148; x_wconf 79' lang='lat' dir='ltr'>bitur.</span> 
     </span>
    </p>
   </div>
   <div class='ocr_carea' id='block_1_11' title="bbox 677 1245 1390 1277">
    <p class='ocr_par' dir='ltr' id='par_1_14' title="bbox 677 1245 1390 1277">
     <span class='ocr_line' id='line_1_47' title="bbox 677 1245 1390 1277; baseline 0.003 -3"><span class='ocrx_word' id='word_1_279' title='bbox 677 1245 834 1274; x_wconf 77' lang='lat' dir='ltr'>DOMlNlCA</span> <span class='ocrx_word' id='word_1_280' title='bbox 856 1246 1022 1275; x_wconf 80' lang='lat' dir='ltr'>UNDEClMA</span> <span class='ocrx_word' id='word_1_281' title='bbox 1044 1247 1125 1275; x_wconf 79' lang='lat' dir='ltr'>POST</span> <span class='ocrx_word' id='word_1_282' title='bbox 1148 1247 1390 1277; x_wconf 81' lang='lat' dir='ltr'>PENTECOSTEN.</span> 
     </span>
    </p>
   </div>
   <div class='ocr_carea' id='block_1_12' title="bbox 503 1357 655 1386">
    <p class='ocr_par' dir='ltr' id='par_1_15' title="bbox 503 1357 655 1386">
     <span class='ocr_line' id='line_1_48' title="bbox 503 1357 655 1386; baseline 0 -1"><span class='ocrx_word' id='word_1_283' title='bbox 503 1357 593 1386; x_wconf 65' lang='lat' dir='ltr'>Sanno</span> <span class='ocrx_word' id='word_1_284' title='bbox 615 1357 624 1385; x_wconf 94' lang='grc'>1</span> <span class='ocrx_word' id='word_1_285' title='bbox 636 1357 655 1385; x_wconf 91' lang='lat'>⁷.</span> 
     </span>
    </p>
   </div>
   <div class='ocr_carea' id='block_1_13' title="bbox 154 1450 1004 2712">
    <p class='ocr_par' dir='ltr' id='par_1_16' title="bbox 158 1450 1004 1534">
     <span class='ocr_line' id='line_1_49' title="bbox 237 1450 1004 1490; baseline 0.003 -12"><span class='ocrx_word' id='word_1_286' title='bbox 237 1450 370 1479; x_wconf 79' lang='lat' dir='ltr'>Solutum</span> <span class='ocrx_word' id='word_1_287' title='bbox 391 1454 430 1479; x_wconf 82' lang='lat' dir='ltr'>est</span> <span class='ocrx_word' id='word_1_288' title='bbox 453 1450 603 1479; x_wconf 76' lang='lat' dir='ltr'>vinculum</span> <span class='ocrx_word' id='word_1_289' title='bbox 625 1451 742 1489; x_wconf 60' lang='lat' dir='ltr'>linquae</span> <span class='ocrx_word' id='word_1_290' title='bbox 764 1451 842 1485; x_wconf 74' lang='lat' dir='ltr'>eiuS,</span> <span class='ocrx_word' id='word_1_291' title='bbox 865 1456 890 1480; x_wconf 86' lang='lat' dir='ltr'>et</span> <span class='ocrx_word' id='word_1_292' title='bbox 911 1451 1004 1490; x_wconf 85' lang='lat' dir='ltr'>loque-</span> 
     </span>
     <span class='ocr_line' id='line_1_50' title="bbox 158 1496 634 1534; baseline 0.002 -9"><span class='ocrx_word' id='word_1_293' title='bbox 158 1496 245 1525; x_wconf 80' lang='lat' dir='ltr'>batur</span> <span class='ocrx_word' id='word_1_294' title='bbox 266 1501 355 1531; x_wconf 76' lang='lat' dir='ltr'>recte,</span> <span class='ocrx_word' id='word_1_295' title='bbox 378 1497 459 1526; x_wconf 84' lang='lat' dir='ltr'>Marci</span> <span class='ocrx_word' id='word_1_296' title='bbox 482 1498 598 1534; x_wconf 86' lang='lat' dir='ltr'>septimo</span> <span class='ocrx_word' id='word_1_297' title='bbox 614 1498 634 1526; x_wconf 77' lang='lat'>⁸.</span> 
     </span>
    </p>

    <p class='ocr_par' dir='ltr' id='par_1_17' title="bbox 154 1544 1004 2712">
     <span class='ocr_line' id='line_1_51' title="bbox 234 1544 1004 1582; baseline 0.003 -10"><span class='ocrx_word' id='word_1_298' title='bbox 234 1544 379 1581; x_wconf 83' lang='lat' dir='ltr'>Quoniam,</span> <span class='ocrx_word' id='word_1_299' title='bbox 394 1545 545 1573; x_wconf 86' lang='lat' dir='ltr'>secundum</span> <span class='ocrx_word' id='word_1_300' title='bbox 562 1545 674 1574; x_wconf 83' lang='lat' dir='ltr'>Sanctos</span> <span class='ocrx_word' id='word_1_301' title='bbox 686 1545 706 1579; x_wconf 71' lang='lat'>⁹,</span> <span class='ocrx_word' id='word_1_302' title='bbox 722 1545 795 1582; x_wconf 88' lang='lat' dir='ltr'>quod</span> <span class='ocrx_word' id='word_1_303' title='bbox 817 1547 902 1574; x_wconf 84' lang='lat' dir='ltr'>semel</span> <span class='ocrx_word' id='word_1_304' title='bbox 921 1546 1004 1575; x_wconf 85' lang='lat' dir='ltr'>fiebat</span> 
     </span>
     <span class='ocr_line' id='line_1_52' title="bbox 156 1592 1003 1629; baseline 0.002 -10"><span class='ocrx_word' id='word_1_305' title='bbox 156 1600 172 1620; x_wconf 87' lang='lat' dir='ltr'>a</span> <span class='ocrx_word' id='word_1_306' title='bbox 194 1592 309 1620; x_wconf 89' lang='lat' dir='ltr'>Domino</span> <span class='ocrx_word' id='word_1_307' title='bbox 323 1594 417 1620; x_wconf 90' lang='lat' dir='ltr'>nostro</span> <span class='ocrx_word' id='word_1_308' title='bbox 433 1592 493 1620; x_wconf 87' lang='lat' dir='ltr'>lesu</span> <span class='ocrx_word' id='word_1_309' title='bbox 507 1592 617 1620; x_wconf 87' lang='lat' dir='ltr'>Christo</span> <span class='ocrx_word' id='word_1_310' title='bbox 632 1595 698 1621; x_wconf 89' lang='lat' dir='ltr'>tunc</span> <span class='ocrx_word' id='word_1_311' title='bbox 713 1593 903 1629; x_wconf 80' lang='lat' dir='ltr'>corporaliter,</span> <span class='ocrx_word' id='word_1_312' title='bbox 922 1593 1003 1622; x_wconf 90' lang='lat' dir='ltr'>modo</span> 
     </span>
     <span class='ocr_line' id='line_1_53' title="bbox 156 1638 1003 1677; baseline 0.002 -10"><span class='ocrx_word' id='word_1_313' title='bbox 156 1638 237 1667; x_wconf 86' lang='lat' dir='ltr'>etiam</span> <span class='ocrx_word' id='word_1_314' title='bbox 259 1638 290 1667; x_wconf 85' lang='lat' dir='ltr'>fit</span> <span class='ocrx_word' id='word_1_315' title='bbox 310 1639 345 1667; x_wconf 87' lang='lat' dir='ltr'>ab</span> <span class='ocrx_word' id='word_1_316' title='bbox 367 1639 425 1675; x_wconf 89' lang='lat' dir='ltr'>ipso</span> <span class='ocrx_word' id='word_1_317' title='bbox 447 1639 577 1667; x_wconf 83' lang='lat' dir='ltr'>continue</span> <span class='ocrx_word' id='word_1_318' title='bbox 598 1639 794 1676; x_wconf 80' lang='lat' dir='ltr'>spiritualiter3</span> <span class='ocrx_word' id='word_1_319' title='bbox 817 1640 877 1669; x_wconf 86' lang='lat' dir='ltr'>ideo</span> <span class='ocrx_word' id='word_1_320' title='bbox 905 1648 1003 1677; x_wconf 86' lang='lat' dir='ltr'>possu-</span> 
     </span>
     <span class='ocr_line' id='line_1_54' title="bbox 157 1685 1002 1723; baseline 0.002 -9"><span class='ocrx_word' id='word_1_321' title='bbox 157 1693 218 1715; x_wconf 87' lang='lat' dir='ltr'>mus</span> <span class='ocrx_word' id='word_1_322' title='bbox 238 1685 345 1720; x_wconf 79' lang='lat' dir='ltr'>dicere,</span> <span class='ocrx_word' id='word_1_323' title='bbox 367 1685 441 1722; x_wconf 72' lang='lat' dir='ltr'>quotl</span> <span class='ocrx_word' id='word_1_324' title='bbox 456 1686 482 1714; x_wconf 92' lang='lat' dir='ltr'>in</span> <span class='ocrx_word' id='word_1_325' title='bbox 499 1686 591 1715; x_wconf 90' lang='lat' dir='ltr'>verbis</span> <span class='ocrx_word' id='word_1_326' title='bbox 612 1686 671 1715; x_wconf 90' lang='lat' dir='ltr'>istis</span> <span class='ocrx_word' id='word_1_327' title='bbox 692 1687 874 1723; x_wconf 77' lang='lat' dir='ltr'>spiritualiter</span> <span class='ocrx_word' id='word_1_328' title='bbox 895 1687 1002 1716; x_wconf 90' lang='lat' dir='ltr'>intelle-</span> 
     </span>
     <span class='ocr_line' id='line_1_55' title="bbox 156 1728 1000 1769; baseline 0.002 -9"><span class='ocrx_word' id='word_1_329' title='bbox 156 1728 206 1761; x_wconf 82' lang='lat' dir='ltr'>ctis</span> <span class='ocrx_word' id='word_1_330' title='bbox 227 1740 278 1769; x_wconf 87' lang='lat' dir='ltr'>pro</span> <span class='ocrx_word' id='word_1_331' title='bbox 299 1732 423 1769; x_wconf 84' lang='lat' dir='ltr'>quolibet</span> <span class='ocrx_word' id='word_1_332' title='bbox 444 1735 588 1769; x_wconf 77' lang='lat' dir='ltr'>peccatore</span> <span class='ocrx_word' id='word_1_333' title='bbox 609 1733 662 1761; x_wconf 83' lang='lat' dir='ltr'>tria</span> <span class='ocrx_word' id='word_1_334' title='bbox 676 1736 808 1762; x_wconf 88' lang='lat' dir='ltr'>notantur</span> <span class='ocrx_word' id='word_1_335' title='bbox 829 1733 862 1762; x_wconf 86' lang='lat' dir='ltr'>ad</span> <span class='ocrx_word' id='word_1_336' title='bbox 877 1737 1000 1762; x_wconf 83' lang='lat' dir='ltr'>nostram</span> 
     </span>
     <span class='ocr_line' id='line_1_56' title="bbox 156 1779 1002 1810; baseline 0.002 -2"><span class='ocrx_word' id='word_1_337' title='bbox 156 1779 373 1808; x_wconf 80' lang='lat' dir='ltr'>instructionem.</span> <span class='ocrx_word' id='word_1_338' title='bbox 390 1780 512 1808; x_wconf 88' lang='lat' dir='ltr'>Primum</span> <span class='ocrx_word' id='word_1_339' title='bbox 527 1783 568 1809; x_wconf 91' lang='lat' dir='ltr'>est</span> <span class='ocrx_word' id='word_1_340' title='bbox 584 1780 690 1809; x_wconf 88' lang='lat' dir='ltr'>lubrica</span> <span class='ocrx_word' id='word_1_341' title='bbox 707 1780 823 1809; x_wconf 77' lang='lat' dir='ltr'>sceleris</span> <span class='ocrx_word' id='word_1_342' title='bbox 840 1781 1002 1810; x_wconf 79' lang='lat' dir='ltr'>circuuwo-</span> 
     </span>
     <span class='ocr_line' id='line_1_57' title="bbox 157 1825 1003 1861; baseline 0.002 -7"><span class='ocrx_word' id='word_1_343' title='bbox 157 1825 227 1854; x_wconf 79' lang='lat' dir='ltr'>latio</span> <span class='ocrx_word' id='word_1_344' title='bbox 234 1836 244 1860; x_wconf 92' lang='lat'><strong><em>;</em></strong></span> <span class='ocrx_word' id='word_1_345' title='bbox 266 1826 417 1855; x_wconf 88' lang='lat' dir='ltr'>secundnm</span> <span class='ocrx_word' id='word_1_346' title='bbox 440 1829 481 1855; x_wconf 81' lang='lat' dir='ltr'>est</span> <span class='ocrx_word' id='word_1_347' title='bbox 505 1826 632 1855; x_wconf 85' lang='lat' dir='ltr'>dolorosa</span> <span class='ocrx_word' id='word_1_348' title='bbox 653 1827 752 1856; x_wconf 72' lang='lat' dir='ltr'>corais</span> <span class='ocrx_word' id='word_1_349' title='bbox 772 1828 925 1861; x_wconf 58' lang='lat' dir='ltr'>conti-uim</span> <span class='ocrx_word' id='word_1_350' title='bbox 950 1831 1003 1857; x_wconf 89' lang='lat' dir='ltr'>ter-</span> 
     </span>
     <span class='ocr_line' id='line_1_58' title="bbox 155 1873 1003 1911; baseline 0.002 -9"><span class='ocrx_word' id='word_1_351' title='bbox 155 1873 224 1902; x_wconf 86' lang='lat' dir='ltr'>tium</span> <span class='ocrx_word' id='word_1_352' title='bbox 246 1877 287 1902; x_wconf 89' lang='lat' dir='ltr'>est</span> <span class='ocrx_word' id='word_1_353' title='bbox 308 1873 428 1910; x_wconf 83' lang='lat' dir='ltr'>perfecta</span> <span class='ocrx_word' id='word_1_354' title='bbox 443 1873 505 1901; x_wconf 75' lang='lat' dir='ltr'>oris</span> <span class='ocrx_word' id='word_1_355' title='bbox 525 1873 675 1911; x_wconf 78' lang='lat' dir='ltr'>confessio.</span> <span class='ocrx_word' id='word_1_356' title='bbox 693 1874 724 1902; x_wconf 86' lang='lat' dir='ltr'>Et</span> <span class='ocrx_word' id='word_1_357' title='bbox 746 1875 812 1903; x_wconf 85' lang='lat' dir='ltr'>haec</span> <span class='ocrx_word' id='word_1_358' title='bbox 834 1875 887 1903; x_wconf 87' lang='lat' dir='ltr'>tria</span> <span class='ocrx_word' id='word_1_359' title='bbox 901 1875 1003 1904; x_wconf 84' lang='lat' dir='ltr'>habent</span> 
     </span>
     <span class='ocr_line' id='line_1_59' title="bbox 156 1920 1002 1957; baseline 0.004 -9"><span class='ocrx_word' id='word_1_360' title='bbox 156 1928 185 1949; x_wconf 89' lang='lat' dir='ltr'>se</span> <span class='ocrx_word' id='word_1_361' title='bbox 205 1928 254 1957; x_wconf 90' lang='lat' dir='ltr'>per</span> <span class='ocrx_word' id='word_1_362' title='bbox 275 1920 408 1949; x_wconf 84' lang='lat' dir='ltr'>ordinem.</span> <span class='ocrx_word' id='word_1_363' title='bbox 432 1921 498 1949; x_wconf 84' lang='lat' dir='ltr'>Nam</span> <span class='ocrx_word' id='word_1_364' title='bbox 520 1929 573 1949; x_wconf 90' lang='lat' dir='ltr'>non</span> <span class='ocrx_word' id='word_1_365' title='bbox 590 1921 674 1950; x_wconf 91' lang='lat' dir='ltr'>habet</span> <span class='ocrx_word' id='word_1_366' title='bbox 695 1921 844 1950; x_wconf 84' lang='lat' dir='ltr'>efficaciam</span> <span class='ocrx_word' id='word_1_367' title='bbox 860 1922 917 1951; x_wconf 86' lang='lat' dir='ltr'>oris</span> <span class='ocrx_word' id='word_1_368' title='bbox 938 1930 1002 1951; x_wconf 91' lang='lat' dir='ltr'>con-</span> 
     </span>
     <span class='ocr_line' id='line_1_60' title="bbox 155 1967 1002 2005; baseline 0.002 -9"><span class='ocrx_word' id='word_1_369' title='bbox 155 1967 251 2002; x_wconf 86' lang='lat' dir='ltr'>fessio,</span> <span class='ocrx_word' id='word_1_370' title='bbox 273 1967 324 1996; x_wconf 89' lang='lat' dir='ltr'>nisi</span> <span class='ocrx_word' id='word_1_371' title='bbox 348 1968 438 2004; x_wconf 87' lang='lat' dir='ltr'>primo</span> <span class='ocrx_word' id='word_1_372' title='bbox 457 1968 602 2005; x_wconf 78' lang='lat' dir='ltr'>praecedat</span> <span class='ocrx_word' id='word_1_373' title='bbox 617 1968 737 2005; x_wconf 86' lang='lat' dir='ltr'>perfecta</span> <span class='ocrx_word' id='word_1_374' title='bbox 752 1968 842 1997; x_wconf 88' lang='lat' dir='ltr'>cordis</span> <span class='ocrx_word' id='word_1_375' title='bbox 857 1970 1002 2004; x_wconf 78' lang='lat' dir='ltr'>contrit10;</span> 
     </span>
     <span class='ocr_line' id='line_1_61' title="bbox 156 2014 1002 2053; baseline 0.005 -11"><span class='ocrx_word' id='word_1_376' title='bbox 156 2021 205 2043; x_wconf 89' lang='lat' dir='ltr'>nec</span> <span class='ocrx_word' id='word_1_377' title='bbox 226 2014 316 2043; x_wconf 88' lang='lat' dir='ltr'>cordis</span> <span class='ocrx_word' id='word_1_378' title='bbox 337 2015 467 2043; x_wconf 86' lang='lat' dir='ltr'>contritio</span> <span class='ocrx_word' id='word_1_379' title='bbox 488 2023 548 2044; x_wconf 87' lang='lat' dir='ltr'>esse</span> <span class='ocrx_word' id='word_1_380' title='bbox 573 2018 678 2052; x_wconf 87' lang='lat' dir='ltr'>potest,</span> <span class='ocrx_word' id='word_1_381' title='bbox 701 2015 751 2044; x_wconf 86' lang='lat' dir='ltr'>nisi</span> <span class='ocrx_word' id='word_1_382' title='bbox 782 2016 870 2052; x_wconf 88' lang='lat' dir='ltr'>primo</span> <span class='ocrx_word' id='word_1_383' title='bbox 899 2017 1002 2053; x_wconf 88' lang='lat' dir='ltr'>peccati</span> 
     </span>
     <span class='ocr_line' id='line_1_62' title="bbox 155 2062 1002 2100; baseline 0.004 -11"><span class='ocrx_word' id='word_1_384' title='bbox 155 2062 323 2098; x_wconf 81' lang='lat' dir='ltr'>perpetratio</span> <span class='ocrx_word' id='word_1_385' title='bbox 345 2062 415 2090; x_wconf 82' lang='lat' dir='ltr'>viam</span> <span class='ocrx_word' id='word_1_386' title='bbox 438 2062 594 2091; x_wconf 85' lang='lat' dir='ltr'>contritioni</span> <span class='ocrx_word' id='word_1_387' title='bbox 617 2065 745 2099; x_wconf 84' lang='lat' dir='ltr'>praestet.</span> <span class='ocrx_word' id='word_1_388' title='bbox 762 2063 793 2091; x_wconf 87' lang='lat' dir='ltr'>Et</span> <span class='ocrx_word' id='word_1_389' title='bbox 815 2071 863 2100; x_wconf 83' lang='lat' dir='ltr'>per</span> <span class='ocrx_word' id='word_1_390' title='bbox 885 2063 938 2092; x_wconf 88' lang='lat' dir='ltr'>hoc</span> <span class='ocrx_word' id='word_1_391' title='bbox 959 2072 1002 2093; x_wconf 86' lang='lat' dir='ltr'>re-</span> 
     </span>
     <span class='ocr_line' id='line_1_63' title="bbox 155 2108 1001 2147; baseline 0.004 -11"><span class='ocrx_word' id='word_1_392' title='bbox 155 2110 198 2136; x_wconf 90' lang='lat' dir='ltr'>cto</span> <span class='ocrx_word' id='word_1_393' title='bbox 219 2108 314 2137; x_wconf 88' lang='lat' dir='ltr'>ordine</span> <span class='ocrx_word' id='word_1_394' title='bbox 336 2108 495 2145; x_wconf 87' lang='lat' dir='ltr'>proceditur</span> <span class='ocrx_word' id='word_1_395' title='bbox 518 2109 545 2137; x_wconf 89' lang='lat' dir='ltr'>in</span> <span class='ocrx_word' id='word_1_396' title='bbox 573 2110 659 2138; x_wconf 90' lang='lat' dir='ltr'>verbo</span> <span class='ocrx_word' id='word_1_397' title='bbox 689 2110 845 2146; x_wconf 87' lang='lat' dir='ltr'>proposito,</span> <span class='ocrx_word' id='word_1_398' title='bbox 874 2118 906 2139; x_wconf 90' lang='lat' dir='ltr'>eo</span> <span class='ocrx_word' id='word_1_399' title='bbox 928 2111 1001 2147; x_wconf 90' lang='lat' dir='ltr'>quod</span> 
     </span>
     <span class='ocr_line' id='line_1_64' title="bbox 155 2155 1001 2192; baseline 0.004 -9"><span class='ocrx_word' id='word_1_400' title='bbox 155 2155 244 2192; x_wconf 89' lang='lat' dir='ltr'>primo</span> <span class='ocrx_word' id='word_1_401' title='bbox 265 2158 377 2183; x_wconf 86' lang='lat' dir='ltr'>notatur</span> <span class='ocrx_word' id='word_1_402' title='bbox 400 2155 506 2184; x_wconf 89' lang='lat' dir='ltr'>lubrica</span> <span class='ocrx_word' id='word_1_403' title='bbox 529 2155 645 2184; x_wconf 74' lang='lat' dir='ltr'>sceleris</span> <span class='ocrx_word' id='word_1_404' title='bbox 671 2156 908 2191; x_wconf 73' lang='lat' dir='ltr'>circumvolutio,</span> <span class='ocrx_word' id='word_1_405' title='bbox 938 2165 1001 2186; x_wconf 88' lang='lat' dir='ltr'>cum</span> 
     </span>
     <span class='ocr_line' id='line_1_65' title="bbox 154 2201 1001 2241; baseline 0.004 -11"><span class='ocrx_word' id='word_1_406' title='bbox 154 2201 234 2230; x_wconf 85' lang='lat' dir='ltr'>dicit:</span> <span class='ocrx_word' id='word_1_407' title='bbox 269 2202 423 2230; x_wconf 74' lang='lat' dir='ltr'>Vinculum</span> <span class='ocrx_word' id='word_1_408' title='bbox 450 2202 570 2239; x_wconf 65' lang='lat' dir='ltr'>linquae</span> <span class='ocrx_word' id='word_1_409' title='bbox 599 2202 670 2231; x_wconf 84' lang='lat' dir='ltr'>cius.</span> <span class='ocrx_word' id='word_1_410' title='bbox 700 2203 776 2232; x_wconf 86' lang='lat' dir='ltr'>Sicut</span> <span class='ocrx_word' id='word_1_411' title='bbox 807 2203 878 2232; x_wconf 87' lang='lat' dir='ltr'>enim</span> <span class='ocrx_word' id='word_1_412' title='bbox 908 2204 1001 2241; x_wconf 79' lang='lat' dir='ltr'>lingua</span> 
     </span>
     <span class='ocr_line' id='line_1_66' title="bbox 156 2249 1002 2288; baseline 0.004 -11"><span class='ocrx_word' id='word_1_413' title='bbox 156 2249 304 2278; x_wconf 89' lang='lat' dir='ltr'>materialis</span> <span class='ocrx_word' id='word_1_414' title='bbox 325 2249 408 2277; x_wconf 89' lang='lat' dir='ltr'>nimia</span> <span class='ocrx_word' id='word_1_415' title='bbox 429 2250 506 2278; x_wconf 89' lang='lat' dir='ltr'>nervi</span> <span class='ocrx_word' id='word_1_416' title='bbox 532 2250 734 2285; x_wconf 83' lang='lat' dir='ltr'>contractione,</span> <span class='ocrx_word' id='word_1_417' title='bbox 757 2251 814 2279; x_wconf 91' lang='lat' dir='ltr'>sive</span> <span class='ocrx_word' id='word_1_418' title='bbox 841 2251 894 2280; x_wconf 90' lang='lat' dir='ltr'>alio</span> <span class='ocrx_word' id='word_1_419' title='bbox 916 2251 1002 2288; x_wconf 88' lang='lat' dir='ltr'>impe-</span> 
     </span>
     <span class='ocr_line' id='line_1_67' title="bbox 155 2295 1001 2336; baseline 0.005 -13"><span class='ocrx_word' id='word_1_420' title='bbox 155 2295 275 2324; x_wconf 84' lang='lat' dir='ltr'>dimento</span> <span class='ocrx_word' id='word_1_421' title='bbox 297 2296 407 2333; x_wconf 80' lang='lat' dir='ltr'>ligatur,</span> <span class='ocrx_word' id='word_1_422' title='bbox 429 2304 463 2325; x_wconf 92' lang='lat' dir='ltr'>ne</span> <span class='ocrx_word' id='word_1_423' title='bbox 485 2297 570 2333; x_wconf 85' lang='lat' dir='ltr'>possit</span> <span class='ocrx_word' id='word_1_424' title='bbox 584 2305 677 2325; x_wconf 90' lang='lat' dir='ltr'>vocem</span> <span class='ocrx_word' id='word_1_425' title='bbox 699 2297 835 2333; x_wconf 82' lang='lat' dir='ltr'>formare3</span> <span class='ocrx_word' id='word_1_426' title='bbox 851 2298 889 2327; x_wconf 87' lang='lat' dir='ltr'>sic</span> <span class='ocrx_word' id='word_1_427' title='bbox 908 2299 1001 2336; x_wconf 80' lang='lat' dir='ltr'>lingua</span> 
     </span>
     <span class='ocr_line' id='line_1_68' title="bbox 155 2342 1001 2380; baseline 0.005 -10"><span class='ocrx_word' id='word_1_428' title='bbox 155 2342 346 2371; x_wconf 89' lang='lat' dir='ltr'>intellectualis</span> <span class='ocrx_word' id='word_1_429' title='bbox 368 2343 492 2371; x_wconf 89' lang='lat' dir='ltr'>scrutinii</span> <span class='ocrx_word' id='word_1_430' title='bbox 517 2344 618 2380; x_wconf 86' lang='lat' dir='ltr'>peccati</span> <span class='ocrx_word' id='word_1_431' title='bbox 635 2344 815 2373; x_wconf 82' lang='lat' dir='ltr'>delectatione</span> <span class='ocrx_word' id='word_1_432' title='bbox 836 2345 1001 2374; x_wconf 85' lang='lat' dir='ltr'>circumvol—</span> 
     </span>
     <span class='ocr_line' id='line_1_69' title="bbox 155 2388 1001 2428; baseline 0.005 -11"><span class='ocrx_word' id='word_1_433' title='bbox 155 2388 229 2418; x_wconf 86' lang='lat' dir='ltr'>vitur</span> <span class='ocrx_word' id='word_1_434' title='bbox 250 2393 277 2418; x_wconf 88' lang='lat' dir='ltr'>et</span> <span class='ocrx_word' id='word_1_435' title='bbox 298 2394 457 2424; x_wconf 86' lang='lat' dir='ltr'>enervatur,</span> <span class='ocrx_word' id='word_1_436' title='bbox 481 2394 511 2419; x_wconf 90' lang='lat' dir='ltr'>ut</span> <span class='ocrx_word' id='word_1_437' title='bbox 532 2399 585 2419; x_wconf 90' lang='lat' dir='ltr'>non</span> <span class='ocrx_word' id='word_1_438' title='bbox 616 2391 735 2419; x_wconf 88' lang='lat' dir='ltr'>sufficiat</span> <span class='ocrx_word' id='word_1_439' title='bbox 756 2399 806 2420; x_wconf 86' lang='lat' dir='ltr'>sua</span> <span class='ocrx_word' id='word_1_440' title='bbox 827 2395 938 2428; x_wconf 87' lang='lat' dir='ltr'>peccata</span> <span class='ocrx_word' id='word_1_441' title='bbox 961 2401 1001 2421; x_wconf 85' lang='lat' dir='ltr'>re-</span> 
     </span>
     <span class='ocr_line' id='line_1_70' title="bbox 155 2436 1001 2474; baseline 0.005 -10"><span class='ocrx_word' id='word_1_442' title='bbox 155 2436 274 2473; x_wconf 83' lang='lat' dir='ltr'>cogitare</span> <span class='ocrx_word' id='word_1_443' title='bbox 295 2437 337 2465; x_wconf 87' lang='lat' dir='ltr'>vel</span> <span class='ocrx_word' id='word_1_444' title='bbox 360 2445 565 2474; x_wconf 82' lang='lat' dir='ltr'>recognoscere.</span> <span class='ocrx_word' id='word_1_445' title='bbox 588 2438 713 2466; x_wconf 85' lang='lat' dir='ltr'>Secundo</span> <span class='ocrx_word' id='word_1_446' title='bbox 739 2436 850 2467; x_wconf 84' lang='lat' dir='ltr'>notatur</span> <span class='ocrx_word' id='word_1_447' title='bbox 875 2439 1001 2468; x_wconf 88' lang='lat' dir='ltr'>dolorosa</span> 
     </span>
     <span class='ocr_line' id='line_1_71' title="bbox 155 2483 1000 2523; baseline 0.005 -12"><span class='ocrx_word' id='word_1_448' title='bbox 155 2483 251 2511; x_wconf 79' lang='lat' dir='ltr'>cordis</span> <span class='ocrx_word' id='word_1_449' title='bbox 272 2483 421 2518; x_wconf 64' lang='lat' dir='ltr'>coi‘ttritiO,</span> <span class='ocrx_word' id='word_1_450' title='bbox 444 2492 507 2513; x_wconf 91' lang='lat' dir='ltr'>cum</span> <span class='ocrx_word' id='word_1_451' title='bbox 532 2485 640 2513; x_wconf 85' lang='lat' dir='ltr'>subdit:</span> <span class='ocrx_word' id='word_1_452' title='bbox 661 2484 790 2513; x_wconf 78' lang='lat' dir='ltr'>solutum</span> <span class='ocrx_word' id='word_1_453' title='bbox 817 2489 866 2514; x_wconf 83' lang='lat' dir='ltr'>est.</span> <span class='ocrx_word' id='word_1_454' title='bbox 891 2485 1000 2523; x_wconf 89' lang='lat' dir='ltr'>Optime</span> 
     </span>
     <span class='ocr_line' id='line_1_72' title="bbox 154 2529 999 2570; baseline 0.005 -12"><span class='ocrx_word' id='word_1_455' title='bbox 154 2529 231 2558; x_wconf 91' lang='lat' dir='ltr'>dolor</span> <span class='ocrx_word' id='word_1_456' title='bbox 246 2531 418 2559; x_wconf 86' lang='lat' dir='ltr'>contritionis</span> <span class='ocrx_word' id='word_1_457' title='bbox 432 2531 513 2559; x_wconf 87' lang='lat' dir='ltr'>solvit</span> <span class='ocrx_word' id='word_1_458' title='bbox 528 2532 631 2568; x_wconf 88' lang='lat' dir='ltr'>peccati</span> <span class='ocrx_word' id='word_1_459' title='bbox 646 2531 863 2567; x_wconf 77' lang='lat' dir='ltr'>delectationem,</span> <span class='ocrx_word' id='word_1_460' title='bbox 879 2541 911 2562; x_wconf 93' lang='lat' dir='ltr'>eo</span> <span class='ocrx_word' id='word_1_461' title='bbox 926 2533 999 2570; x_wconf 84' lang='lat' dir='ltr'>quod</span> 
     </span>
     <span class='ocr_line' id='line_1_73' title="bbox 155 2577 1000 2615; baseline 0.006 -11"><span class='ocrx_word' id='word_1_462' title='bbox 155 2577 292 2605; x_wconf 88' lang='lat' dir='ltr'>contraria</span> <span class='ocrx_word' id='word_1_463' title='bbox 319 2577 507 2607; x_wconf 82' lang='lat' dir='ltr'>delectationis</span> <span class='ocrx_word' id='word_1_464' title='bbox 539 2578 636 2615; x_wconf 84' lang='lat' dir='ltr'>culpae</span> <span class='ocrx_word' id='word_1_465' title='bbox 669 2579 815 2607; x_wconf 84' lang='lat' dir='ltr'>contrariis</span> <span class='ocrx_word' id='word_1_466' title='bbox 842 2580 945 2609; x_wconf 88' lang='lat' dir='ltr'>doloris</span> <span class='ocrx_word' id='word_1_467' title='bbox 973 2583 1000 2609; x_wconf 90' lang='lat' dir='ltr'>et</span> 
     </span>
     <span class='ocr_line' id='line_1_74' title="bbox 155 2623 999 2661; baseline 0.005 -10"><span class='ocrx_word' id='word_1_468' title='bbox 155 2623 345 2653; x_wconf 83' lang='lat' dir='ltr'>amaritudinis</span> <span class='ocrx_word' id='word_1_469' title='bbox 373 2625 554 2661; x_wconf 84' lang='lat' dir='ltr'>poenitentiae</span> <span class='ocrx_word' id='word_1_470' title='bbox 586 2629 730 2654; x_wconf 85' lang='lat' dir='ltr'>curantur.</span> <span class='ocrx_word' id='word_1_471' title='bbox 764 2626 856 2655; x_wconf 90' lang='lat' dir='ltr'>Tertio</span> <span class='ocrx_word' id='word_1_472' title='bbox 886 2629 999 2656; x_wconf 90' lang='lat' dir='ltr'>notatur</span> 
     </span>
     <span class='ocr_line' id='line_1_75' title="bbox 155 2669 999 2712; baseline 0.005 -14"><span class='ocrx_word' id='word_1_473' title='bbox 155 2669 274 2706; x_wconf 83' lang='lat' dir='ltr'>perfecta</span> <span class='ocrx_word' id='word_1_474' title='bbox 295 2671 356 2699; x_wconf 78' lang='lat' dir='ltr'>oris</span> <span class='ocrx_word' id='word_1_475' title='bbox 377 2671 536 2709; x_wconf 78' lang='lat' dir='ltr'>confessio,</span> <span class='ocrx_word' id='word_1_476' title='bbox 558 2680 620 2701; x_wconf 90' lang='lat' dir='ltr'>cum</span> <span class='ocrx_word' id='word_1_477' title='bbox 644 2673 794 2702; x_wconf 82' lang='lat' dir='ltr'>subinfert:</span> <span class='ocrx_word' id='word_1_478' title='bbox 821 2677 846 2702; x_wconf 89' lang='lat' dir='ltr'>et</span> <span class='ocrx_word' id='word_1_479' title='bbox 868 2673 999 2712; x_wconf 84' lang='lat' dir='ltr'>loqueba-</span> 
     </span>
    </p>
   </div>
   <div class='ocr_carea' id='block_1_14' title="bbox 1056 1359 1907 2714">
    <p class='ocr_par' dir='ltr' id='par_1_18' title="bbox 1061 1359 1907 1536">
     <span class='ocr_line' id='line_1_76' title="bbox 1062 1359 1907 1397; baseline 0.006 -11"><span class='ocrx_word' id='word_1_480' title='bbox 1062 1362 1111 1386; x_wconf 80' lang='lat' dir='ltr'>tur</span> <span class='ocrx_word' id='word_1_481' title='bbox 1133 1364 1222 1393; x_wconf 76' lang='lat' dir='ltr'>reete,</span> <span class='ocrx_word' id='word_1_482' title='bbox 1245 1359 1318 1396; x_wconf 87' lang='lat' dir='ltr'>quod</span> <span class='ocrx_word' id='word_1_483' title='bbox 1341 1360 1385 1393; x_wconf 77' lang='lat' dir='ltr'>fit.</span> <span class='ocrx_word' id='word_1_484' title='bbox 1408 1360 1518 1397; x_wconf 84' lang='lat' dir='ltr'>quando</span> <span class='ocrx_word' id='word_1_485' title='bbox 1541 1361 1622 1389; x_wconf 88' lang='lat' dir='ltr'>homo</span> <span class='ocrx_word' id='word_1_486' title='bbox 1643 1370 1701 1390; x_wconf 80' lang='lat' dir='ltr'>uon</span> <span class='ocrx_word' id='word_1_487' title='bbox 1720 1362 1843 1391; x_wconf 78' lang='lat' dir='ltr'>declinat</span> <span class='ocrx_word' id='word_1_488' title='bbox 1858 1372 1907 1392; x_wconf 76' lang='lat' dir='ltr'>eor</span> 
     </span>
     <span class='ocr_line' id='line_1_77' title="bbox 1061 1406 1907 1439; baseline 0.007 -6"><span class='ocrx_word' id='word_1_489' title='bbox 1061 1414 1150 1434; x_wconf 78' lang='lat' dir='ltr'>suum</span> <span class='ocrx_word' id='word_1_490' title='bbox 1182 1406 1213 1434; x_wconf 82' lang='lat' dir='ltr'>in</span> <span class='ocrx_word' id='word_1_491' title='bbox 1233 1406 1322 1434; x_wconf 76' lang='lat' dir='ltr'>verba</span> <span class='ocrx_word' id='word_1_492' title='bbox 1346 1406 1478 1435; x_wconf 79' lang='lat' dir='ltr'>malitiae</span> <span class='ocrx_word' id='word_1_493' title='bbox 1506 1408 1546 1435; x_wconf 62' lang='lat' dir='ltr'>all</span> <span class='ocrx_word' id='word_1_494' title='bbox 1572 1409 1758 1437; x_wconf 70' lang='lat' dir='ltr'>eaccusandas</span> <span class='ocrx_word' id='word_1_495' title='bbox 1786 1418 1907 1439; x_wconf 72' lang='lat' dir='ltr'>excusa-</span> 
     </span>
     <span class='ocr_line' id='line_1_78' title="bbox 1062 1453 1907 1494; baseline 0.007 -14"><span class='ocrx_word' id='word_1_496' title='bbox 1062 1453 1152 1480; x_wconf 81' lang='lat' dir='ltr'>tiones</span> <span class='ocrx_word' id='word_1_497' title='bbox 1163 1453 1194 1481; x_wconf 86' lang='lat' dir='ltr'>in</span> <span class='ocrx_word' id='word_1_498' title='bbox 1205 1454 1332 1490; x_wconf 76' lang='lat' dir='ltr'>peccatis</span> <span class='ocrx_word' id='word_1_499' title='bbox 1346 1454 1378 1487; x_wconf 88' lang='lat'>¹⁰,</span> <span class='ocrx_word' id='word_1_500' title='bbox 1394 1454 1439 1483; x_wconf 87' lang='lat' dir='ltr'>sed</span> <span class='ocrx_word' id='word_1_501' title='bbox 1456 1454 1603 1483; x_wconf 84' lang='lat' dir='ltr'>confitetur</span> <span class='ocrx_word' id='word_1_502' title='bbox 1616 1456 1757 1485; x_wconf 90' lang='lat' dir='ltr'>humiliter</span> <span class='ocrx_word' id='word_1_503' title='bbox 1772 1460 1799 1485; x_wconf 92' lang='lat' dir='ltr'>et</span> <span class='ocrx_word' id='word_1_504' title='bbox 1813 1460 1907 1494; x_wconf 88' lang='lat' dir='ltr'>aperte</span> 
     </span>
     <span class='ocr_line' id='line_1_79' title="bbox 1061 1500 1362 1536; baseline 0.007 -9"><span class='ocrx_word' id='word_1_505' title='bbox 1061 1500 1152 1528; x_wconf 88' lang='lat' dir='ltr'>omnia</span> <span class='ocrx_word' id='word_1_506' title='bbox 1174 1503 1284 1536; x_wconf 86' lang='lat' dir='ltr'>peccata</span> <span class='ocrx_word' id='word_1_507' title='bbox 1305 1508 1362 1529; x_wconf 84' lang='lat' dir='ltr'>sua.</span> 
     </span>
    </p>

    <p class='ocr_par' dir='ltr' id='par_1_19' title="bbox 1059 1547 1906 2197">
     <span class='ocr_line' id='line_1_80' title="bbox 1140 1547 1905 1586; baseline 0.007 -12"><span class='ocrx_word' id='word_1_508' title='bbox 1140 1547 1157 1574; x_wconf 87' lang='lat'>1.</span> <span class='ocrx_word' id='word_1_509' title='bbox 1181 1547 1250 1575; x_wconf 91' lang='lat' dir='ltr'>Dicit</span> <span class='ocrx_word' id='word_1_510' title='bbox 1271 1555 1352 1584; x_wconf 77' lang='lat' dir='ltr'>ergo:</span> <span class='ocrx_word' id='word_1_511' title='bbox 1382 1548 1535 1576; x_wconf 80' lang='lat' dir='ltr'>Vinculum</span> <span class='ocrx_word' id='word_1_512' title='bbox 1557 1549 1674 1586; x_wconf 65' lang='lat' dir='ltr'>linquae</span> <span class='ocrx_word' id='word_1_513' title='bbox 1696 1550 1772 1584; x_wconf 78' lang='lat' dir='ltr'>eius,</span> <span class='ocrx_word' id='word_1_514' title='bbox 1795 1550 1841 1579; x_wconf 81' lang='lat' dir='ltr'>uhi</span> <span class='ocrx_word' id='word_1_515' title='bbox 1858 1559 1905 1579; x_wconf 90' lang='lat' dir='ltr'>no-</span> 
     </span>
     <span class='ocr_line' id='line_1_81' title="bbox 1061 1594 1906 1630; baseline 0.006 -9"><span class='ocrx_word' id='word_1_516' title='bbox 1061 1595 1136 1621; x_wconf 84' lang='lat' dir='ltr'>tatur</span> <span class='ocrx_word' id='word_1_517' title='bbox 1165 1594 1254 1630; x_wconf 84' lang='lat' dir='ltr'>primo</span> <span class='ocrx_word' id='word_1_518' title='bbox 1286 1594 1402 1623; x_wconf 80' lang='lat' dir='ltr'>lubrica</span> <span class='ocrx_word' id='word_1_519' title='bbox 1429 1595 1543 1624; x_wconf 75' lang='lat' dir='ltr'>sceleris</span> <span class='ocrx_word' id='word_1_520' title='bbox 1571 1596 1800 1625; x_wconf 73' lang='lat' dir='ltr'>eircunwolutio.</span> <span class='ocrx_word' id='word_1_521' title='bbox 1830 1597 1906 1628; x_wconf 80' lang='lat' dir='ltr'>Sicut</span> 
     </span>
     <span class='ocr_line' id='line_1_82' title="bbox 1060 1640 1905 1680; baseline 0.006 -12"><span class='ocrx_word' id='word_1_522' title='bbox 1060 1640 1132 1669; x_wconf 91' lang='lat' dir='ltr'>enim</span> <span class='ocrx_word' id='word_1_523' title='bbox 1155 1641 1249 1677; x_wconf 75' lang='lat' dir='ltr'>lingua</span> <span class='ocrx_word' id='word_1_524' title='bbox 1270 1641 1419 1670; x_wconf 83' lang='lat' dir='ltr'>materialis</span> <span class='ocrx_word' id='word_1_525' title='bbox 1441 1642 1590 1671; x_wconf 86' lang='lat' dir='ltr'>involvitur</span> <span class='ocrx_word' id='word_1_526' title='bbox 1612 1646 1639 1671; x_wconf 87' lang='lat' dir='ltr'>et</span> <span class='ocrx_word' id='word_1_527' title='bbox 1660 1643 1770 1680; x_wconf 77' lang='lat' dir='ltr'>ligatur,</span> <span class='ocrx_word' id='word_1_528' title='bbox 1793 1648 1823 1673; x_wconf 89' lang='lat' dir='ltr'>ut</span> <span class='ocrx_word' id='word_1_529' title='bbox 1851 1653 1905 1673; x_wconf 90' lang='lat' dir='ltr'>non</span> 
     </span>
     <span class='ocr_line' id='line_1_83' title="bbox 1060 1687 1906 1726; baseline 0.006 -11"><span class='ocrx_word' id='word_1_530' title='bbox 1060 1687 1146 1724; x_wconf 82' lang='lat' dir='ltr'>possit</span> <span class='ocrx_word' id='word_1_531' title='bbox 1167 1688 1246 1716; x_wconf 83' lang='lat' dir='ltr'>exire</span> <span class='ocrx_word' id='word_1_532' title='bbox 1268 1688 1294 1716; x_wconf 91' lang='lat' dir='ltr'>in</span> <span class='ocrx_word' id='word_1_533' title='bbox 1316 1692 1408 1717; x_wconf 82' lang='lat' dir='ltr'>actum</span> <span class='ocrx_word' id='word_1_534' title='bbox 1431 1689 1567 1724; x_wconf 88' lang='lat' dir='ltr'>debitum,</span> <span class='ocrx_word' id='word_1_535' title='bbox 1589 1691 1694 1726; x_wconf 88' lang='lat' dir='ltr'>primo,</span> <span class='ocrx_word' id='word_1_536' title='bbox 1718 1691 1805 1720; x_wconf 83' lang='lat' dir='ltr'>morbi</span> <span class='ocrx_word' id='word_1_537' title='bbox 1828 1692 1906 1720; x_wconf 87' lang='lat' dir='ltr'>inssa-</span> 
     </span>
     <span class='ocr_line' id='line_1_84' title="bbox 1062 1734 1905 1773; baseline 0.006 -11"><span class='ocrx_word' id='word_1_538' title='bbox 1062 1734 1149 1772; x_wconf 75' lang='lat' dir='ltr'>tione3</span> <span class='ocrx_word' id='word_1_539' title='bbox 1172 1735 1308 1769; x_wconf 84' lang='lat' dir='ltr'>secundo,</span> <span class='ocrx_word' id='word_1_540' title='bbox 1324 1736 1450 1764; x_wconf 88' lang='lat' dir='ltr'>humoris</span> <span class='ocrx_word' id='word_1_541' title='bbox 1471 1736 1686 1773; x_wconf 77' lang='lat' dir='ltr'>infrigidatione3</span> <span class='ocrx_word' id='word_1_542' title='bbox 1710 1738 1806 1772; x_wconf 84' lang='lat' dir='ltr'>tertio,</span> <span class='ocrx_word' id='word_1_543' title='bbox 1828 1739 1905 1767; x_wconf 87' lang='lat' dir='ltr'>nervi</span> 
     </span>
     <span class='ocr_line' id='line_1_85' title="bbox 1060 1781 1906 1822; baseline 0.006 -13"><span class='ocrx_word' id='word_1_544' title='bbox 1060 1781 1251 1816; x_wconf 73' lang='lat' dir='ltr'>enervatione,</span> <span class='ocrx_word' id='word_1_545' title='bbox 1274 1782 1312 1811; x_wconf 88' lang='lat' dir='ltr'>sic</span> <span class='ocrx_word' id='word_1_546' title='bbox 1334 1782 1427 1819; x_wconf 74' lang='lat' dir='ltr'>lingua</span> <span class='ocrx_word' id='word_1_547' title='bbox 1449 1783 1615 1820; x_wconf 84' lang='lat' dir='ltr'>spiritualis,</span> <span class='ocrx_word' id='word_1_548' title='bbox 1637 1784 1663 1813; x_wconf 89' lang='lat' dir='ltr'>id</span> <span class='ocrx_word' id='word_1_549' title='bbox 1685 1788 1724 1813; x_wconf 87' lang='lat' dir='ltr'>est</span> <span class='ocrx_word' id='word_1_550' title='bbox 1747 1793 1810 1821; x_wconf 90' lang='lat' dir='ltr'>pars</span> <span class='ocrx_word' id='word_1_551' title='bbox 1825 1793 1906 1822; x_wconf 85' lang='lat' dir='ltr'>supe-</span> 
     </span>
     <span class='ocr_line' id='line_1_86' title="bbox 1060 1829 1905 1868; baseline 0.006 -12"><span class='ocrx_word' id='word_1_552' title='bbox 1060 1829 1118 1857; x_wconf 88' lang='lat' dir='ltr'>rior</span> <span class='ocrx_word' id='word_1_553' title='bbox 1139 1829 1256 1863; x_wconf 84' lang='lat' dir='ltr'>animae,</span> <span class='ocrx_word' id='word_1_554' title='bbox 1278 1830 1330 1858; x_wconf 82' lang='lat' dir='ltr'>isto</span> <span class='ocrx_word' id='word_1_555' title='bbox 1352 1830 1452 1866; x_wconf 88' lang='lat' dir='ltr'>triplici</span> <span class='ocrx_word' id='word_1_556' title='bbox 1482 1830 1561 1859; x_wconf 88' lang='lat' dir='ltr'>modo</span> <span class='ocrx_word' id='word_1_557' title='bbox 1584 1831 1683 1868; x_wconf 78' lang='lat' dir='ltr'>ligatur</span> <span class='ocrx_word' id='word_1_558' title='bbox 1705 1835 1731 1860; x_wconf 91' lang='lat' dir='ltr'>et</span> <span class='ocrx_word' id='word_1_559' title='bbox 1746 1832 1905 1866; x_wconf 85' lang='lat' dir='ltr'>involvitur,</span> 
     </span>
     <span class='ocr_line' id='line_1_87' title="bbox 1060 1877 1904 1916; baseline 0.005 -12"><span class='ocrx_word' id='word_1_560' title='bbox 1060 1884 1094 1905; x_wconf 91' lang='lat' dir='ltr'>ne</span> <span class='ocrx_word' id='word_1_561' title='bbox 1116 1877 1201 1913; x_wconf 87' lang='lat' dir='ltr'>possit</span> <span class='ocrx_word' id='word_1_562' title='bbox 1221 1877 1313 1905; x_wconf 88' lang='lat' dir='ltr'>debito</span> <span class='ocrx_word' id='word_1_563' title='bbox 1336 1877 1416 1905; x_wconf 90' lang='lat' dir='ltr'>modo</span> <span class='ocrx_word' id='word_1_564' title='bbox 1438 1878 1542 1906; x_wconf 90' lang='lat' dir='ltr'>moveri</span> <span class='ocrx_word' id='word_1_565' title='bbox 1570 1878 1596 1906; x_wconf 91' lang='lat' dir='ltr'>in</span> <span class='ocrx_word' id='word_1_566' title='bbox 1619 1879 1721 1913; x_wconf 82' lang='lat' dir='ltr'>Deum,</span> <span class='ocrx_word' id='word_1_567' title='bbox 1744 1879 1904 1916; x_wconf 77' lang='lat' dir='ltr'>proximum</span> 
     </span>
     <span class='ocr_line' id='line_1_88' title="bbox 1060 1924 1905 1963; baseline 0.005 -12"><span class='ocrx_word' id='word_1_568' title='bbox 1060 1926 1087 1952; x_wconf 85' lang='lat' dir='ltr'>et</span> <span class='ocrx_word' id='word_1_569' title='bbox 1108 1924 1133 1951; x_wconf 93' lang='lat' dir='ltr'>in</span> <span class='ocrx_word' id='word_1_570' title='bbox 1157 1924 1312 1952; x_wconf 89' lang='lat' dir='ltr'>subiectum</span> <span class='ocrx_word' id='word_1_571' title='bbox 1335 1924 1488 1961; x_wconf 88' lang='lat' dir='ltr'>proprium.</span> <span class='ocrx_word' id='word_1_572' title='bbox 1505 1925 1570 1953; x_wconf 89' lang='lat' dir='ltr'>Nam</span> <span class='ocrx_word' id='word_1_573' title='bbox 1594 1926 1682 1962; x_wconf 85' lang='lat' dir='ltr'>primo</span> <span class='ocrx_word' id='word_1_574' title='bbox 1697 1926 1797 1963; x_wconf 78' lang='lat' dir='ltr'>ligatur</span> <span class='ocrx_word' id='word_1_575' title='bbox 1819 1926 1905 1963; x_wconf 68' lang='lat' dir='ltr'>inffa-</span> 
     </span>
     <span class='ocr_line' id='line_1_89' title="bbox 1060 1971 1904 2009; baseline 0.004 -10"><span class='ocrx_word' id='word_1_576' title='bbox 1060 1971 1134 1999; x_wconf 82' lang='lat' dir='ltr'>tioue</span> <span class='ocrx_word' id='word_1_577' title='bbox 1156 1971 1281 1999; x_wconf 84' lang='lat' dir='ltr'>mentalis</span> <span class='ocrx_word' id='word_1_578' title='bbox 1302 1972 1464 2008; x_wconf 64' lang='lat' dir='ltr'>supermae,</span> <span class='ocrx_word' id='word_1_579' title='bbox 1490 1975 1525 2000; x_wconf 79' lang='lat' dir='ltr'>ne</span> <span class='ocrx_word' id='word_1_580' title='bbox 1554 1972 1637 2009; x_wconf 87' lang='lat' dir='ltr'>possit</span> <span class='ocrx_word' id='word_1_581' title='bbox 1666 1973 1768 2002; x_wconf 77' lang='lat' dir='ltr'>moveri</span> <span class='ocrx_word' id='word_1_582' title='bbox 1797 1973 1830 2002; x_wconf 76' lang='lat' dir='ltr'>acl</span> <span class='ocrx_word' id='word_1_583' title='bbox 1857 1974 1904 2002; x_wconf 84' lang='lat' dir='ltr'>ho-</span> 
     </span>
     <span class='ocr_line' id='line_1_90' title="bbox 1060 2018 1905 2057; baseline 0.005 -12"><span class='ocrx_word' id='word_1_584' title='bbox 1060 2018 1214 2046; x_wconf 82' lang='lat' dir='ltr'>norandum</span> <span class='ocrx_word' id='word_1_585' title='bbox 1231 2018 1334 2052; x_wconf 85' lang='lat' dir='ltr'>Deuin;</span> <span class='ocrx_word' id='word_1_586' title='bbox 1351 2019 1471 2047; x_wconf 87' lang='lat' dir='ltr'>secundo</span> <span class='ocrx_word' id='word_1_587' title='bbox 1487 2019 1587 2056; x_wconf 77' lang='lat' dir='ltr'>ligatur</span> <span class='ocrx_word' id='word_1_588' title='bbox 1603 2019 1826 2057; x_wconf 66' lang='lat' dir='ltr'>infi‘iyiclatione</span> <span class='ocrx_word' id='word_1_589' title='bbox 1845 2029 1905 2049; x_wconf 81' lang='lat' dir='ltr'>cor-</span> 
     </span>
     <span class='ocr_line' id='line_1_91' title="bbox 1059 2064 1905 2104; baseline 0.005 -12"><span class='ocrx_word' id='word_1_590' title='bbox 1059 2064 1138 2093; x_wconf 90' lang='lat' dir='ltr'>dialis</span> <span class='ocrx_word' id='word_1_591' title='bbox 1159 2065 1289 2099; x_wconf 86' lang='lat' dir='ltr'>invidiae,</span> <span class='ocrx_word' id='word_1_592' title='bbox 1312 2073 1346 2094; x_wconf 89' lang='lat' dir='ltr'>ne</span> <span class='ocrx_word' id='word_1_593' title='bbox 1368 2065 1453 2102; x_wconf 86' lang='lat' dir='ltr'>possit</span> <span class='ocrx_word' id='word_1_594' title='bbox 1474 2066 1577 2094; x_wconf 87' lang='lat' dir='ltr'>moveri</span> <span class='ocrx_word' id='word_1_595' title='bbox 1600 2066 1633 2095; x_wconf 86' lang='lat' dir='ltr'>ad</span> <span class='ocrx_word' id='word_1_596' title='bbox 1655 2067 1823 2103; x_wconf 78' lang='lat' dir='ltr'>diligendum</span> <span class='ocrx_word' id='word_1_597' title='bbox 1842 2076 1905 2104; x_wconf 87' lang='lat' dir='ltr'>pro-</span> 
     </span>
     <span class='ocr_line' id='line_1_92' title="bbox 1059 2111 1903 2149; baseline 0.005 -10"><span class='ocrx_word' id='word_1_598' title='bbox 1059 2111 1183 2145; x_wconf 85' lang='lat' dir='ltr'>ximum;</span> <span class='ocrx_word' id='word_1_599' title='bbox 1207 2112 1288 2140; x_wconf 85' lang='lat' dir='ltr'>tertio</span> <span class='ocrx_word' id='word_1_600' title='bbox 1309 2112 1411 2149; x_wconf 73' lang='lat' dir='ltr'>ligatur</span> <span class='ocrx_word' id='word_1_601' title='bbox 1433 2113 1615 2141; x_wconf 77' lang='lat' dir='ltr'>enervatione</span> <span class='ocrx_word' id='word_1_602' title='bbox 1631 2114 1747 2142; x_wconf 85' lang='lat' dir='ltr'>carnalis</span> <span class='ocrx_word' id='word_1_603' title='bbox 1769 2115 1903 2149; x_wconf 78' lang='lat' dir='ltr'>lasciviae,</span> 
     </span>
     <span class='ocr_line' id='line_1_93' title="bbox 1059 2159 1755 2197; baseline 0.004 -11"><span class='ocrx_word' id='word_1_604' title='bbox 1059 2166 1093 2187; x_wconf 93' lang='lat' dir='ltr'>ne</span> <span class='ocrx_word' id='word_1_605' title='bbox 1115 2159 1200 2195; x_wconf 90' lang='lat' dir='ltr'>possit</span> <span class='ocrx_word' id='word_1_606' title='bbox 1220 2159 1324 2187; x_wconf 88' lang='lat' dir='ltr'>moveri</span> <span class='ocrx_word' id='word_1_607' title='bbox 1347 2159 1380 2187; x_wconf 89' lang='lat' dir='ltr'>ad</span> <span class='ocrx_word' id='word_1_608' title='bbox 1402 2160 1584 2188; x_wconf 86' lang='lat' dir='ltr'>ordinandum</span> <span class='ocrx_word' id='word_1_609' title='bbox 1607 2169 1635 2189; x_wconf 86' lang='lat' dir='ltr'>se</span> <span class='ocrx_word' id='word_1_610' title='bbox 1656 2161 1755 2197; x_wconf 82' lang='lat' dir='ltr'>ipsum.</span> 
     </span>
    </p>

    <p class='ocr_par' dir='ltr' id='par_1_20' title="bbox 1056 2206 1905 2714">
     <span class='ocr_line' id='line_1_94' title="bbox 1139 2206 1903 2243; baseline 0.004 -9"><span class='ocrx_word' id='word_1_611' title='bbox 1139 2206 1228 2235; x_wconf 80' lang='lat' dir='ltr'>Primo</span> <span class='ocrx_word' id='word_1_612' title='bbox 1250 2207 1335 2243; x_wconf 80' lang='lat' dir='ltr'>igitur</span> <span class='ocrx_word' id='word_1_613' title='bbox 1358 2207 1458 2243; x_wconf 82' lang='lat' dir='ltr'>ligatur</span> <span class='ocrx_word' id='word_1_614' title='bbox 1479 2207 1623 2243; x_wconf 79' lang='lat' dir='ltr'>superbus</span> <span class='ocrx_word' id='word_1_615' title='bbox 1642 2208 1755 2236; x_wconf 76' lang='lat' dir='ltr'>vinculo</span> <span class='ocrx_word' id='word_1_616' title='bbox 1770 2209 1903 2237; x_wconf 76' lang='lat' dir='ltr'>mentalis</span> 
     </span>
     <span class='ocr_line' id='line_1_95' title="bbox 1058 2253 1903 2290; baseline 0.004 -9"><span class='ocrx_word' id='word_1_617' title='bbox 1058 2253 1226 2290; x_wconf 75' lang='lat' dir='ltr'>superbiae,</span> <span class='ocrx_word' id='word_1_618' title='bbox 1248 2261 1282 2282; x_wconf 91' lang='lat' dir='ltr'>ne</span> <span class='ocrx_word' id='word_1_619' title='bbox 1305 2253 1390 2290; x_wconf 86' lang='lat' dir='ltr'>possit</span> <span class='ocrx_word' id='word_1_620' title='bbox 1411 2254 1513 2282; x_wconf 85' lang='lat' dir='ltr'>moveri</span> <span class='ocrx_word' id='word_1_621' title='bbox 1541 2254 1573 2282; x_wconf 79' lang='lat' dir='ltr'>ad</span> <span class='ocrx_word' id='word_1_622' title='bbox 1604 2255 1794 2283; x_wconf 85' lang='lat' dir='ltr'>honorandum</span> <span class='ocrx_word' id='word_1_623' title='bbox 1815 2255 1903 2284; x_wconf 84' lang='lat' dir='ltr'>Deum</span> 
     </span>
     <span class='ocr_line' id='line_1_96' title="bbox 1059 2300 1902 2337; baseline 0.002 -9"><span class='ocrx_word' id='word_1_624' title='bbox 1059 2307 1181 2336; x_wconf 84' lang='lat' dir='ltr'>semper;</span> <span class='ocrx_word' id='word_1_625' title='bbox 1204 2300 1277 2329; x_wconf 91' lang='lat' dir='ltr'>unde</span> <span class='ocrx_word' id='word_1_626' title='bbox 1292 2300 1445 2337; x_wconf 84' lang='lat' dir='ltr'>Sapientiae</span> <span class='ocrx_word' id='word_1_627' title='bbox 1459 2300 1565 2329; x_wconf 87' lang='lat' dir='ltr'>decimo</span> <span class='ocrx_word' id='word_1_628' title='bbox 1579 2301 1695 2337; x_wconf 88' lang='lat' dir='ltr'>septimo</span> <span class='ocrx_word' id='word_1_629' title='bbox 1713 2303 1751 2329; x_wconf 78' lang='grc'>11;</span> <span class='ocrx_word' id='word_1_630' title='bbox 1774 2302 1902 2331; x_wconf 78' lang='lat' dir='ltr'>Persua-</span> 
     </span>
     <span class='ocr_line' id='line_1_97' title="bbox 1057 2346 1902 2385; baseline 0.004 -11"><span class='ocrx_word' id='word_1_631' title='bbox 1057 2355 1124 2375; x_wconf 81' lang='lat' dir='ltr'>sunt</span> <span class='ocrx_word' id='word_1_632' title='bbox 1147 2346 1251 2375; x_wconf 77' lang='lat' dir='ltr'>liabent</span> <span class='ocrx_word' id='word_1_633' title='bbox 1271 2347 1367 2385; x_wconf 82' lang='lat' dir='ltr'>iniqui</span> <span class='ocrx_word' id='word_1_634' title='bbox 1378 2356 1462 2384; x_wconf 78' lang='lat' dir='ltr'>posse</span> <span class='ocrx_word' id='word_1_635' title='bbox 1476 2347 1627 2376; x_wconf 72' lang='lat' dir='ltr'>dominari</span> <span class='ocrx_word' id='word_1_636' title='bbox 1643 2348 1757 2376; x_wconf 80' lang='lat' dir='ltr'>nationi</span> <span class='ocrx_word' id='word_1_637' title='bbox 1770 2353 1902 2383; x_wconf 82' lang='lat' dir='ltr'>sauctae,</span> 
     </span>
     <span class='ocr_line' id='line_1_98' title="bbox 1058 2394 1903 2433; baseline 0.002 -11"><span class='ocrx_word' id='word_1_638' title='bbox 1058 2394 1183 2422; x_wconf 77' lang='lat' dir='ltr'>vinculis</span> <span class='ocrx_word' id='word_1_639' title='bbox 1205 2394 1390 2423; x_wconf 69' lang='lat' dir='ltr'>tenebrarum</span> <span class='ocrx_word' id='word_1_640' title='bbox 1412 2398 1436 2423; x_wconf 86' lang='lat' dir='ltr'>et</span> <span class='ocrx_word' id='word_1_641' title='bbox 1455 2394 1557 2432; x_wconf 72' lang='lat' dir='ltr'>longyae</span> <span class='ocrx_word' id='word_1_642' title='bbox 1574 2395 1665 2423; x_wconf 74' lang='lat' dir='ltr'>noctis</span> <span class='ocrx_word' id='word_1_643' title='bbox 1687 2396 1845 2433; x_wconf 77' lang='lat' dir='ltr'>compediti.</span> <span class='ocrx_word' id='word_1_644' title='bbox 1866 2414 1903 2417; x_wconf 82' lang='lat'>-—</span> 
     </span>
     <span class='ocr_line' id='line_1_99' title="bbox 1058 2441 1903 2479; baseline 0.004 -10"><span class='ocrx_word' id='word_1_645' title='bbox 1058 2441 1170 2479; x_wconf 81' lang='lat' dir='ltr'>Iniqui,</span> <span class='ocrx_word' id='word_1_646' title='bbox 1194 2441 1218 2469; x_wconf 90' lang='lat' dir='ltr'>id</span> <span class='ocrx_word' id='word_1_647' title='bbox 1248 2444 1290 2470; x_wconf 89' lang='lat' dir='ltr'>est</span> <span class='ocrx_word' id='word_1_648' title='bbox 1317 2441 1379 2470; x_wconf 88' lang='lat' dir='ltr'>elati</span> <span class='ocrx_word' id='word_1_649' title='bbox 1408 2445 1434 2470; x_wconf 89' lang='lat' dir='ltr'>et</span> <span class='ocrx_word' id='word_1_650' title='bbox 1464 2442 1589 2478; x_wconf 87' lang='lat' dir='ltr'>superbi,</span> <span class='ocrx_word' id='word_1_651' title='bbox 1618 2442 1769 2479; x_wconf 75' lang='lat' dir='ltr'>effigiantes</span> <span class='ocrx_word' id='word_1_652' title='bbox 1798 2446 1903 2479; x_wconf 82' lang='lat' dir='ltr'>patrem</span> 
     </span>
     <span class='ocr_line' id='line_1_100' title="bbox 1057 2488 1904 2526; baseline 0.002 -10"><span class='ocrx_word' id='word_1_653' title='bbox 1057 2496 1139 2516; x_wconf 87' lang='lat' dir='ltr'>sunm</span> <span class='ocrx_word' id='word_1_654' title='bbox 1161 2488 1317 2522; x_wconf 87' lang='lat' dir='ltr'>diabolum,</span> <span class='ocrx_word' id='word_1_655' title='bbox 1339 2489 1386 2525; x_wconf 88' lang='lat' dir='ltr'>qui</span> <span class='ocrx_word' id='word_1_656' title='bbox 1410 2493 1506 2526; x_wconf 80' lang='lat' dir='ltr'>regnat</span> <span class='ocrx_word' id='word_1_657' title='bbox 1533 2498 1622 2526; x_wconf 68' lang='lat' dir='ltr'>super</span> <span class='ocrx_word' id='word_1_658' title='bbox 1643 2498 1740 2517; x_wconf 82' lang='lat' dir='ltr'>omnes</span> <span class='ocrx_word' id='word_1_659' title='bbox 1761 2489 1837 2526; x_wconf 73' lang='lat' dir='ltr'>filios</span> <span class='ocrx_word' id='word_1_660' title='bbox 1857 2499 1904 2518; x_wconf 82' lang='lat' dir='ltr'>su—</span> 
     </span>
     <span class='ocr_line' id='line_1_101' title="bbox 1056 2534 1905 2573; baseline 0.004 -11"><span class='ocrx_word' id='word_1_661' title='bbox 1056 2534 1192 2572; x_wconf 79' lang='lat' dir='ltr'>perbiae;</span> <span class='ocrx_word' id='word_1_662' title='bbox 1210 2544 1389 2572; x_wconf 73' lang='lat' dir='ltr'>persuasum</span> <span class='ocrx_word' id='word_1_663' title='bbox 1406 2535 1511 2564; x_wconf 75' lang='lat' dir='ltr'>lictbent</span> <span class='ocrx_word' id='word_1_664' title='bbox 1531 2536 1565 2565; x_wconf 83' lang='lat' dir='ltr'>ab</span> <span class='ocrx_word' id='word_1_665' title='bbox 1586 2544 1630 2570; x_wconf 86' lang='lat' dir='ltr'>eo,</span> <span class='ocrx_word' id='word_1_666' title='bbox 1649 2545 1733 2573; x_wconf 77' lang='lat' dir='ltr'>posse</span> <span class='ocrx_word' id='word_1_667' title='bbox 1754 2537 1905 2565; x_wconf 58' lang='lat' dir='ltr'>dominari</span> 
     </span>
     <span class='ocr_line' id='line_1_102' title="bbox 1056 2582 1903 2618; baseline 0.002 -8"><span class='ocrx_word' id='word_1_668' title='bbox 1056 2584 1083 2610; x_wconf 89' lang='lat' dir='ltr'>et</span> <span class='ocrx_word' id='word_1_669' title='bbox 1099 2589 1225 2618; x_wconf 83' lang='lat' dir='ltr'>praeesse</span> <span class='ocrx_word' id='word_1_670' title='bbox 1239 2582 1381 2617; x_wconf 88' lang='lat' dir='ltr'>omnibus,</span> <span class='ocrx_word' id='word_1_671' title='bbox 1397 2586 1421 2611; x_wconf 83' lang='lat' dir='ltr'>et</span> <span class='ocrx_word' id='word_1_672' title='bbox 1435 2583 1550 2611; x_wconf 79' lang='lat' dir='ltr'>nationi</span> <span class='ocrx_word' id='word_1_673' title='bbox 1563 2587 1699 2616; x_wconf 79' lang='lat' dir='ltr'>sanctae;</span> <span class='ocrx_word' id='word_1_674' title='bbox 1721 2584 1846 2612; x_wconf 80' lang='lat' dir='ltr'>vinculis</span> <span class='ocrx_word' id='word_1_675' title='bbox 1867 2588 1903 2612; x_wconf 87' lang='lat' dir='ltr'>te-</span> 
     </span>
     <span class='ocr_line' id='line_1_103' title="bbox 1056 2627 1903 2667; baseline 0.004 -11"><span class='ocrx_word' id='word_1_676' title='bbox 1056 2627 1218 2657; x_wconf 78' lang='lat' dir='ltr'>nebrarum</span> <span class='ocrx_word' id='word_1_677' title='bbox 1249 2632 1273 2657; x_wconf 88' lang='lat' dir='ltr'>et</span> <span class='ocrx_word' id='word_1_678' title='bbox 1304 2629 1406 2666; x_wconf 76' lang='lat' dir='ltr'>longyae</span> <span class='ocrx_word' id='word_1_679' title='bbox 1437 2630 1528 2658; x_wconf 79' lang='lat' dir='ltr'>noctis</span> <span class='ocrx_word' id='word_1_680' title='bbox 1556 2630 1724 2667; x_wconf 75' lang='lat' dir='ltr'>compediti,</span> <span class='ocrx_word' id='word_1_681' title='bbox 1758 2631 1903 2667; x_wconf 82' lang='lat' dir='ltr'>superbiae</span> 
     </span>
     <span class='ocr_line' id='line_1_104' title="bbox 1056 2676 1903 2714; baseline 0.001 -10"><span class='ocrx_word' id='word_1_682' title='bbox 1056 2676 1249 2704; x_wconf 82' lang='lat' dir='ltr'>excaecatione</span> <span class='ocrx_word' id='word_1_683' title='bbox 1277 2677 1430 2713; x_wconf 78' lang='lat' dir='ltr'>compediti</span> <span class='ocrx_word' id='word_1_684' title='bbox 1457 2680 1483 2706; x_wconf 87' lang='lat' dir='ltr'>et</span> <span class='ocrx_word' id='word_1_685' title='bbox 1505 2677 1715 2711; x_wconf 85' lang='lat' dir='ltr'>circumvoluti,</span> <span class='ocrx_word' id='word_1_686' title='bbox 1738 2686 1770 2706; x_wconf 85' lang='lat' dir='ltr'>ne</span> <span class='ocrx_word' id='word_1_687' title='bbox 1799 2677 1903 2714; x_wconf 84' lang='lat' dir='ltr'>possint</span> 
     </span>
    </p>
   </div>
   <div class='ocr_carea' id='block_1_15' title="bbox 768 2753 1283 2758">
    <p class='ocr_par' dir='ltr' id='par_1_21' title="bbox 768 2753 1283 2758">
     <span class='ocr_line' id='line_1_105' title="bbox 768 2753 1283 2758; baseline 0 0"><span class='ocrx_word' id='word_1_688' title='bbox 768 2753 1283 2758; x_wconf 95' lang='lat' dir='ltr'> </span> 
     </span>
    </p>
   </div>
   <div class='ocr_carea' id='block_1_16' title="bbox 155 2794 1000 2944">
    <p class='ocr_par' dir='ltr' id='par_1_22' title="bbox 216 2794 1000 2904">
     <span class='ocr_line' id='line_1_106' title="bbox 216 2794 1000 2827; baseline 0.008 -10"><span class='ocrx_word' id='word_1_689' title='bbox 216 2794 224 2807; x_wconf 97' lang='lat'>¹</span> <span class='ocrx_word' id='word_1_690' title='bbox 243 2796 272 2818; x_wconf 78' lang='lat' dir='ltr'>Ex</span> <span class='ocrx_word' id='word_1_691' title='bbox 290 2796 308 2818; x_wconf 80' lang='lat' dir='ltr'><strong>A</strong></span> <span class='ocrx_word' id='word_1_692' title='bbox 326 2797 363 2818; x_wconf 90' lang='lat' dir='ltr'>sol.</span> <span class='ocrx_word' id='word_1_693' title='bbox 385 2797 426 2819; x_wconf 80' lang='lat'>135</span> <span class='ocrx_word' id='word_1_694' title='bbox 442 2803 461 2819; x_wconf 84' lang='lat' dir='ltr'>r.</span> <span class='ocrx_word' id='word_1_695' title='bbox 810 2799 819 2812; x_wconf 75' lang='lat'><em>²</em></span> <span class='ocrx_word' id='word_1_696' title='bbox 836 2800 890 2823; x_wconf 89' lang='lat' dir='ltr'>Luc.</span> <span class='ocrx_word' id='word_1_697' title='bbox 912 2800 945 2827; x_wconf 67' lang='lat'>14,</span> <span class='ocrx_word' id='word_1_698' title='bbox 967 2802 1000 2823; x_wconf 89' lang='lat' dir='ltr'>ll.</span> 
     </span>
     <span class='ocr_line' id='line_1_107' title="bbox 217 2833 999 2867; baseline 0.008 -11"><span class='ocrx_word' id='word_1_699' title='bbox 217 2833 226 2846; x_wconf 75' lang='lat'><strong>³</strong></span> <span class='ocrx_word' id='word_1_700' title='bbox 244 2835 324 2857; x_wconf 82' lang='lat' dir='ltr'>Psalni.</span> <span class='ocrx_word' id='word_1_701' title='bbox 346 2836 395 2864; x_wconf 79' lang='lat'>118,</span> <span class='ocrx_word' id='word_1_702' title='bbox 411 2836 454 2863; x_wconf 85' lang='grc'>71;</span> <span class='ocrx_word' id='word_1_703' title='bbox 472 2840 599 2865; x_wconf 81' lang='lat' dir='ltr'>sequuntur</span> <span class='ocrx_word' id='word_1_704' title='bbox 618 2837 671 2859; x_wconf 85' lang='lat' dir='ltr'>Phil.</span> <span class='ocrx_word' id='word_1_705' title='bbox 690 2838 712 2864; x_wconf 78' lang='lat'>2,</span> <span class='ocrx_word' id='word_1_706' title='bbox 729 2838 750 2860; x_wconf 87' lang='grc'>8.</span> <span class='ocrx_word' id='word_1_707' title='bbox 768 2841 790 2860; x_wconf 90' lang='lat' dir='ltr'>et</span> <span class='ocrx_word' id='word_1_708' title='bbox 806 2839 830 2861; x_wconf 95' lang='lat' dir='ltr'>ll.</span> <span class='ocrx_word' id='word_1_709' title='bbox 848 2840 907 2867; x_wconf 81' lang='lat' dir='ltr'>Reg.</span> <span class='ocrx_word' id='word_1_710' title='bbox 923 2840 944 2866; x_wconf 75' lang='lat'>6,</span> <span class='ocrx_word' id='word_1_711' title='bbox 963 2841 999 2862; x_wconf 72' lang='lat'>22.</span> 
     </span>
     <span class='ocr_line' id='line_1_108' title="bbox 216 2873 999 2904; baseline 0.008 -8"><span class='ocrx_word' id='word_1_712' title='bbox 216 2873 226 2886; x_wconf 76' lang='lat'>⁴¹</span> <span class='ocrx_word' id='word_1_713' title='bbox 244 2874 308 2896; x_wconf 83' lang='lat' dir='ltr'>Vers.</span> <span class='ocrx_word' id='word_1_714' title='bbox 326 2876 352 2903; x_wconf 81' lang='lat'>3;</span> <span class='ocrx_word' id='word_1_715' title='bbox 370 2875 474 2904; x_wconf 81' lang='lat' dir='ltr'>sequitur</span> <span class='ocrx_word' id='word_1_716' title='bbox 492 2876 559 2898; x_wconf 83' lang='lat' dir='ltr'>Eccli.</span> <span class='ocrx_word' id='word_1_717' title='bbox 576 2876 603 2903; x_wconf 87' lang='lat'>7,</span> <span class='ocrx_word' id='word_1_718' title='bbox 625 2877 658 2898; x_wconf 79' lang='grc'>19.</span> <span class='ocrx_word' id='word_1_719' title='bbox 678 2889 709 2893; x_wconf 94' lang='grc'><strong>-</strong></span> <span class='ocrx_word' id='word_1_720' title='bbox 733 2878 790 2900; x_wconf 83' lang='lat' dir='ltr'>{nfra</span> <span class='ocrx_word' id='word_1_721' title='bbox 814 2878 999 2902; x_wconf 70' lang='lat' dir='ltr'>eoeaminatz‘onis</span> 
     </span>
    </p>

    <p class='ocr_par' dir='ltr' id='par_1_23' title="bbox 155 2912 648 2944">
     <span class='ocr_line' id='line_1_109' title="bbox 155 2912 648 2944; baseline 0.006 -9"><span class='ocrx_word' id='word_1_722' title='bbox 155 2912 246 2936; x_wconf 80' lang='lat' dir='ltr'>videtur</span> <span class='ocrx_word' id='word_1_723' title='bbox 263 2914 395 2941; x_wconf 86' lang='lat' dir='ltr'>ponendum</span> <span class='ocrx_word' id='word_1_724' title='bbox 414 2921 456 2942; x_wconf 88' lang='lat' dir='ltr'>pro</span> <span class='ocrx_word' id='word_1_725' title='bbox 473 2915 648 2944; x_wconf 80' lang='lat' dir='ltr'>speculationis.</span> 
     </span>
    </p>
   </div>
   <div class='ocr_carea' id='block_1_17' title="bbox 217 2951 945 2984">
    <p class='ocr_par' dir='ltr' id='par_1_24' title="bbox 217 2951 945 2984">
     <span class='ocr_line' id='line_1_110' title="bbox 217 2951 945 2984; baseline 0.007 -10"><span class='ocrx_word' id='word_1_726' title='bbox 217 2951 226 2964; x_wconf 81' lang='lat'>⁵</span> <span class='ocrx_word' id='word_1_727' title='bbox 244 2952 308 2975; x_wconf 77' lang='lat' dir='ltr'>Vers.</span> <span class='ocrx_word' id='word_1_728' title='bbox 327 2953 369 2980; x_wconf 75' lang='lat'>20;</span> <span class='ocrx_word' id='word_1_729' title='bbox 386 2958 515 2982; x_wconf 79' lang='lat' dir='ltr'>sequuntur</span> <span class='ocrx_word' id='word_1_730' title='bbox 532 2960 552 2977; x_wconf 89' lang='lat' dir='ltr'>c.</span> <span class='ocrx_word' id='word_1_731' title='bbox 570 2955 607 2983; x_wconf 78' lang='grc'>11,</span> <span class='ocrx_word' id='word_1_732' title='bbox 626 2955 661 2977; x_wconf 75' lang='lat'>12.</span> <span class='ocrx_word' id='word_1_733' title='bbox 679 2961 728 2984; x_wconf 84' lang='lat' dir='ltr'>seq.</span> <span class='ocrx_word' id='word_1_734' title='bbox 745 2958 767 2977; x_wconf 86' lang='lat' dir='ltr'>et</span> <span class='ocrx_word' id='word_1_735' title='bbox 784 2956 851 2978; x_wconf 86' lang='lat' dir='ltr'>Prov.</span> <span class='ocrx_word' id='word_1_736' title='bbox 873 2957 906 2983; x_wconf 90' lang='grc'>11,</span> <span class='ocrx_word' id='word_1_737' title='bbox 924 2958 945 2979; x_wconf 76' lang='lat'>2.</span> 
     </span>
    </p>
   </div>
   <div class='ocr_carea' id='block_1_18' title="bbox 1026 1358 1035 2986">
    <p class='ocr_par' dir='ltr' id='par_1_25' title="bbox 1026 1358 1035 2986">
     <span class='ocr_line' id='line_1_111' title="bbox 1026 1358 1035 2986; baseline 0 0"><span class='ocrx_word' id='word_1_738' title='bbox 1026 1358 1035 2986; x_wconf 95' lang='lat' dir='ltr'> </span> 
     </span>
    </p>
   </div>
   <div class='ocr_carea' id='block_1_19' title="bbox 1119 2800 1900 2946">
    <p class='ocr_par' dir='ltr' id='par_1_26' title="bbox 1120 2800 1736 2830">
     <span class='ocr_line' id='line_1_112' title="bbox 1120 2800 1736 2830; baseline 0.002 -7"><span class='ocrx_word' id='word_1_739' title='bbox 1120 2800 1129 2813; x_wconf 78' lang='lat'><strong>⁰</strong></span> <span class='ocrx_word' id='word_1_740' title='bbox 1148 2801 1213 2824; x_wconf 78' lang='lat' dir='ltr'>Vers.</span> <span class='ocrx_word' id='word_1_741' title='bbox 1231 2802 1256 2829; x_wconf 48' lang='lat'>*¹3</span> <span class='ocrx_word' id='word_1_742' title='bbox 1274 2804 1402 2830; x_wconf 83' lang='lat' dir='ltr'>sequuntur</span> <span class='ocrx_word' id='word_1_743' title='bbox 1420 2802 1458 2825; x_wconf 91' lang='lat' dir='ltr'>lob</span> <span class='ocrx_word' id='word_1_744' title='bbox 1476 2803 1497 2830; x_wconf 76' lang='lat'>5,</span> <span class='ocrx_word' id='word_1_745' title='bbox 1519 2803 1552 2824; x_wconf 90' lang='grc'>11.</span> <span class='ocrx_word' id='word_1_746' title='bbox 1569 2806 1590 2824; x_wconf 80' lang='lat' dir='ltr'>et</span> <span class='ocrx_word' id='word_1_747' title='bbox 1607 2808 1626 2824; x_wconf 87' lang='lat' dir='ltr'>c.</span> <span class='ocrx_word' id='word_1_748' title='bbox 1645 2803 1682 2828; x_wconf 73' lang='lat'>22,</span> <span class='ocrx_word' id='word_1_749' title='bbox 1700 2802 1736 2824; x_wconf 66' lang='grc' dir='ltr'>ΞΕ).</span> 
     </span>
    </p>

    <p class='ocr_par' dir='ltr' id='par_1_27' title="bbox 1119 2839 1900 2946">
     <span class='ocr_line' id='line_1_113' title="bbox 1119 2839 1900 2864; baseline 0 -2"><span class='ocrx_word' id='word_1_750' title='bbox 1119 2839 1127 2852; x_wconf 98' lang='lat'>⁷</span> <span class='ocrx_word' id='word_1_751' title='bbox 1146 2841 1176 2862; x_wconf 82' lang='lat' dir='ltr'>Ex</span> <span class='ocrx_word' id='word_1_752' title='bbox 1194 2841 1303 2863; x_wconf 76' lang='lat' dir='ltr'>Vaticana</span> <span class='ocrx_word' id='word_1_753' title='bbox 1321 2843 1343 2863; x_wconf 87' lang='lat' dir='ltr'>et</span> <span class='ocrx_word' id='word_1_754' title='bbox 1360 2841 1375 2864; x_wconf 94' lang='lat' dir='ltr'>C</span> <span class='ocrx_word' id='word_1_755' title='bbox 1386 2842 1462 2863; x_wconf 83' lang='lat' dir='ltr'>DEF.</span> <span class='ocrx_word' id='word_1_756' title='bbox 1754 2839 1763 2852; x_wconf 62' lang='grc' dir='ltr'>ὃ</span> <span class='ocrx_word' id='word_1_757' title='bbox 1781 2841 1845 2863; x_wconf 79' lang='lat' dir='ltr'>Vel&#39;S.</span> <span class='ocrx_word' id='word_1_758' title='bbox 1864 2840 1900 2863; x_wconf 75' lang='lat'>35.</span> 
     </span>
     <span class='ocr_line' id='line_1_114' title="bbox 1119 2878 1900 2909; baseline 0 -7"><span class='ocrx_word' id='word_1_759' title='bbox 1119 2878 1128 2890; x_wconf 69' lang='lat'>¹³</span> <span class='ocrx_word' id='word_1_760' title='bbox 1145 2878 1190 2902; x_wconf 83' lang='lat' dir='ltr'>Csr.</span> <span class='ocrx_word' id='word_1_761' title='bbox 1200 2880 1305 2907; x_wconf 71' lang='lat' dir='ltr'>August,</span> <span class='ocrx_word' id='word_1_762' title='bbox 1315 2886 1384 2902; x_wconf 83' lang='lat' dir='ltr'>serm.</span> <span class='ocrx_word' id='word_1_763' title='bbox 1397 2881 1434 2902; x_wconf 79' lang='lat'>98.</span> <span class='ocrx_word' id='word_1_764' title='bbox 1445 2880 1509 2909; x_wconf 84' lang='lat' dir='ltr'>(alias</span> <span class='ocrx_word' id='word_1_765' title='bbox 1522 2879 1558 2902; x_wconf 75' lang='lat'>44..</span> <span class='ocrx_word' id='word_1_766' title='bbox 1568 2880 1596 2902; x_wconf 81' lang='lat' dir='ltr'>de</span> <span class='ocrx_word' id='word_1_767' title='bbox 1608 2879 1688 2902; x_wconf 73' lang='lat' dir='ltr'>Verbis</span> <span class='ocrx_word' id='word_1_768' title='bbox 1700 2880 1775 2907; x_wconf 87' lang='lat' dir='ltr'>Dom.)</span> <span class='ocrx_word' id='word_1_769' title='bbox 1787 2886 1806 2902; x_wconf 84' lang='lat' dir='ltr'>c.</span> <span class='ocrx_word' id='word_1_770' title='bbox 1817 2880 1837 2902; x_wconf 82' lang='lat'>3.</span> <span class='ocrx_word' id='word_1_771' title='bbox 1847 2886 1869 2902; x_wconf 90' lang='lat' dir='ltr'>u.</span> <span class='ocrx_word' id='word_1_772' title='bbox 1879 2880 1900 2902; x_wconf 88' lang='lat'>3.</span> 
     </span>
     <span class='ocr_line' id='line_1_115' title="bbox 1119 2917 1350 2946; baseline 0.004 -6"><span class='ocrx_word' id='word_1_773' title='bbox 1119 2917 1138 2930; x_wconf 92' lang='lat'>¹⁰</span> <span class='ocrx_word' id='word_1_774' title='bbox 1156 2918 1238 2940; x_wconf 71' lang='lat' dir='ltr'>Psalm.</span> <span class='ocrx_word' id='word_1_775' title='bbox 1263 2918 1311 2946; x_wconf 76' lang='lat'>140,</span> <span class='ocrx_word' id='word_1_776' title='bbox 1330 2918 1350 2941; x_wconf 78' lang='lat'>4.</span> 
     </span>
    </p>
   </div>
   <div class='ocr_carea' id='block_1_20' title="bbox 1118 2956 1550 2987">
    <p class='ocr_par' dir='ltr' id='par_1_28' title="bbox 1118 2956 1550 2987">
     <span class='ocr_line' id='line_1_116' title="bbox 1118 2956 1550 2987; baseline 0.002 -8"><span class='ocrx_word' id='word_1_777' title='bbox 1118 2956 1136 2969; x_wconf 87' lang='lat'>¹¹</span> <span class='ocrx_word' id='word_1_778' title='bbox 1155 2958 1220 2979; x_wconf 84' lang='lat' dir='ltr'>Vers.</span> <span class='ocrx_word' id='word_1_779' title='bbox 1239 2958 1264 2985; x_wconf 74' lang='lat'>23</span> <span class='ocrx_word' id='word_1_780' title='bbox 1282 2958 1386 2986; x_wconf 82' lang='lat' dir='ltr'>sequitur</span> <span class='ocrx_word' id='word_1_781' title='bbox 1404 2957 1442 2980; x_wconf 84' lang='lat' dir='ltr'>lob</span> <span class='ocrx_word' id='word_1_782' title='bbox 1461 2957 1497 2987; x_wconf 75' lang='grc'>41,</span> <span class='ocrx_word' id='word_1_783' title='bbox 1514 2958 1550 2980; x_wconf 73' lang='lat'>25.</span> 
     </span>
    </p>
   </div>
   <div class='ocr_carea' id='block_1_21' title="bbox 1922 432 2038 503">
    <p class='ocr_par' dir='ltr' id='par_1_29' title="bbox 1922 432 2038 503">
     <span class='ocr_line' id='line_1_117' title="bbox 1941 432 2020 450; baseline 0 0"><span class='ocrx_word' id='word_1_784' title='bbox 1941 432 1986 450; x_wconf 78' lang='lat' dir='ltr'>Pars</span> <span class='ocrx_word' id='word_1_785' title='bbox 1999 432 2020 450; x_wconf 89' lang='lat' dir='ltr'>ll.</span> 
     </span>
     <span class='ocr_line' id='line_1_118' title="bbox 1933 455 2025 474; baseline 0 0"><span class='ocrx_word' id='word_1_786' title='bbox 1933 455 2025 474; x_wconf 77' lang='lat' dir='ltr'>Exaltatio</span> 
     </span>
     <span class='ocr_line' id='line_1_119' title="bbox 1922 479 2038 503; baseline 0.009 -6"><span class='ocrx_word' id='word_1_787' title='bbox 1922 479 2038 503; x_wconf 81' lang='lat' dir='ltr'>quintuplex.</span> 
     </span>
    </p>
   </div>
   <div class='ocr_carea' id='block_1_22' title="bbox 1918 1553 2051 1619">
    <p class='ocr_par' dir='ltr' id='par_1_30' title="bbox 1918 1553 2051 1619">
     <span class='ocr_line' id='line_1_120' title="bbox 1924 1553 2051 1572; baseline 0.016 -2"><span class='ocrx_word' id='word_1_788' title='bbox 1924 1553 1968 1571; x_wconf 81' lang='lat' dir='ltr'>Pars</span> <span class='ocrx_word' id='word_1_789' title='bbox 1982 1553 1995 1571; x_wconf 80' lang='lat'>1.</span> <span class='ocrx_word' id='word_1_790' title='bbox 2008 1553 2051 1572; x_wconf 81' lang='lat' dir='ltr'>Sce-</span> 
     </span>
     <span class='ocr_line' id='line_1_121' title="bbox 1918 1577 2051 1595; baseline 0.008 -1"><span class='ocrx_word' id='word_1_791' title='bbox 1918 1577 1963 1595; x_wconf 87' lang='lat' dir='ltr'>leris</span> <span class='ocrx_word' id='word_1_792' title='bbox 1973 1577 2051 1595; x_wconf 85' lang='lat' dir='ltr'>circum-</span> 
     </span>
     <span class='ocr_line' id='line_1_122' title="bbox 1919 1600 1995 1619; baseline 0 -1"><span class='ocrx_word' id='word_1_793' title='bbox 1919 1600 1995 1619; x_wconf 78' lang='lat' dir='ltr'>volutio.</span> 
     </span>
    </p>
   </div>
   <div class='ocr_carea' id='block_1_23' title="bbox 1922 1929 2035 1948">
    <p class='ocr_par' dir='ltr' id='par_1_31' title="bbox 1922 1929 2035 1948">
     <span class='ocr_line' id='line_1_123' title="bbox 1922 1929 2035 1948; baseline 0.009 -1"><span class='ocrx_word' id='word_1_794' title='bbox 1922 1929 2035 1948; x_wconf 82' lang='lat' dir='ltr'>Subdivisio.</span> 
     </span>
    </p>
   </div>
   <div class='ocr_carea' id='block_1_24' title="bbox 1921 2211 2034 2258">
    <p class='ocr_par' dir='ltr' id='par_1_32' title="bbox 1921 2211 2034 2258">
     <span class='ocr_line' id='line_1_124' title="bbox 1921 2211 2034 2229; baseline 0 0"><span class='ocrx_word' id='word_1_795' title='bbox 1921 2211 1948 2229; x_wconf 83' lang='lat' dir='ltr'>De</span> <span class='ocrx_word' id='word_1_796' title='bbox 1961 2211 2034 2229; x_wconf 78' lang='lat' dir='ltr'>vinculo</span> 
     </span>
     <span class='ocr_line' id='line_1_125' title="bbox 1925 2235 2031 2258; baseline 0 -5"><span class='ocrx_word' id='word_1_797' title='bbox 1925 2235 2031 2258; x_wconf 80' lang='lat' dir='ltr'>superbiae.</span> 
     </span>
    </p>
   </div>
  </div>
 </body>
</html>
