2243 3348
645 173 686 201 DE
709 173 831 201 SANCTA
852 172 978 201 AGATHA
1001 172 1131 201 leGlNE
1153 173 1194 201 ET
1216 173 1380 201 MARTYRE.
1829 173 1883 202 513

142 260 200 280 non
215 251 403 287 suscipientes
423 251 655 288 redemptionem,
670 254 703 279 ut
716 250 861 279 meliorem
876 250 985 279 inveni-

142 301 205 327 rent
217 297 466 326 resurrectionem.
480 297 542 325 Alii
551 306 618 325 vero
634 297 764 326 ludibria
775 301 799 325 et
810 297 929 326 verbera
941 306 985 325 ex-

139 344 226 381 perti,
241 344 362 380 insuper
376 347 400 372 et
414 343 533 372 vincula
554 347 579 372 et
597 352 739 378 carceres,
761 344 887 380 lapidati
906 348 984 378 sunt,

141 391 209 420 secti
228 394 314 424 sunt,
336 391 438 418 tentati
457 394 542 424 sunt,
559 391 590 418 in
604 390 744 418 occisione
760 390 856 427 qladii
875 391 986 419 mortui

141 441 225 470 sunt,
240 437 422 465 circuierunt
443 436 474 464 in
496 436 622 470 melotis,
644 437 675 465 in
693 436 816 473 pellibus
837 437 984 473 caprinis,

141 486 262 521 egentes,
284 483 457 520 angustiati,
473 483 578 519 afflicti
591 486 641 511 etc.
659 483 702 511 lsti
715 483 874 511 habuerunt
889 483 984 511 faciem

141 530 285 559 leoninam.

220 576 259 604 lll.
281 576 372 604 Tertia
393 575 542 604 similitudo
564 575 650 604 leonis
681 579 794 612 propter
815 576 985 604 virtuosita-

13 626 67 662 inm
78 633 108 660 ¹!1-
141 627 193 651 tem
216 623 247 651 in
267 622 445 650 assecutione
457 621 638 658 palmarum.
654 622 693 650 De
709 622 785 650 leone
806 626 909 655 nostro,
926 622 985 651 lesu

8 657 122 704 ffffiiiss'c'ff
141 669 258 703 Christo,
280 669 326 705 qui
350 668 400 696 t'uit
422 669 550 704 princeps
571 669 722 704 Martyrum
741 669 759 701 ¹,
774 668 821 704 qui
844 668 896 696 suit
911 677 984 697 mor-

13 703 129 751 {mininafm‘
142 719 207 745 tuus
238 719 265 744 et
295 715 448 744 crucifixus
479 722 530 751 pro
561 714 655 748 nobis,
676 714 778 742 dicitur
810 715 836 742 in
859 715 985 751 ¹apocaly-

140 763 198 800 psi:
221 763 300 796 Ecec,
322 762 390 790 vicit
413 762 463 790 Leo
485 762 518 789 de
540 760 619 789 tribu
641 761 715 789 Iuda
739 761 854 797 aperire
876 761 984 789 libran

140 814 165 838 et
184 809 292 838 solvere
312 813 415 845 septem
444 807 602 845 siynaeuiu
622 808 693 836 eius.
723 808 773 835 lste
802 808 899 836 beatus
921 808 984 836 Vin-

141 857 247 886 centius
267 856 364 884 similis
384 855 473 884 sactus
494 858 534 883 est
556 855 646 888 Leoni,
665 854 711 891 qui
734 855 852 891 aperuit
866 854 983 882 librum.

219 903 250 931 Et
272 902 438 935 notandum,
467 901 540 938 quod
566 900 700 929 Dominus
727 901 864 937 promittit
884 901 907 929 ei
936 901 982 937 qui

27 960 101 986 sepiem
141 950 250 984 vicerit,
273 952 376 986 septem
396 948 541 986 praemia.
564 947 685 976 Primum
701 951 742 976 est
756 947 932 980 aeternitas,·
947 955 984 976 se-

15 987 130 1026 Μῗιιῗέἒεῗω
140 997 276 1029 cundum,
299 1004 407 1024 corona
420 995 550 1032 ytoriae5
566 994 678 1023 tertium
694 997 735 1023 est
748 994 885 1027 satietas,·
900 1002 984 1031 quar-

141 1047 216 1078 tum,
244 1043 373 1080 potentia
404 1043 447 1071 vel
478 1045 612 1079 potestas;
642 1041 787 1078 quintum,
813 1041 984 1078 pulcritudo

140 1091 197 1120 sive
218 1093 362 1124 venustas;
384 1093 510 1123 sextum,
532 1088 695 1125 sapientiem
717 1088 880 1125 septimum,
903 1092 985 1116 tran-

140 1137 278 1176 quillitas.
294 1154 332 1157 —
348 1137 468 1164 Primum
488 1143 554 1172 ergo
569 1138 609 1164 est
624 1135 790 1168 aeternitas,
806 1135 880 1171 quod
902 1135 984 1172 signi-

138 1184 238 1213 ficatur
252 1183 426 1220 Apocalypsis
440 1182 561 1211 secundo
572 1182 598 1210 2:
621 1182 749 1210 Vincenti
762 1181 836 1210 dabo
851 1182 932 1210 edere
951 1182 985 1210 de

139 1231 216 1268 liyno
231 1231 315 1264 vitae,
331 1230 408 1268 quod
422 1233 461 1258 est
476 1229 507 1257 in
520 1229 664 1266 paradiso
682 1228 733 1256 Dei
742 1229 816 1261 mei‚·
832 1228 857 1256 in
870 1237 925 1265 quo
940 1237 985 1256 no-

139 1280 214 1306 tatur
234 1277 390 1306 aeternitas.
407 1293 443 1297 -
458 1276 613 1305 Secundum
629 1278 670 1304 est
688 1276 776 1312 gloria
797 1275 854 1304 sive
875 1284 984 1304 corona

137 1324 267 1362 9toriae;
288 1326 315 1352 et
337 1324 388 1352 hoc
403 1322 583 1360 significatur,
605 1330 668 1350 cum
689 1322 790 1350 dicitur
810 1322 984 1359 Apocalypsis

139 1371 273 1400 secundo:
291 1371 357 1398 Esto
371 1370 464 1406 fidelis
485 1378 575 1407 usque
590 1369 629 1397 ad
643 1372 778 1402 mortem,
794 1374 820 1397 et
840 1369 914 1397 dabo
933 1369 985 1397 tibi

138 1426 277 1447 coronam
297 1417 388 1450 vitae,
410 1417 512 1445 scilicet
527 1420 663 1450 aeternae,
686 1416 713 1444 in
728 1424 783 1453 qua
796 1419 908 1444 notatur
930 1417 984 1453 glo-

139 1465 188 1494 ria.
205 1481 242 1485 -—
256 1465 380 1493 Tertium
402 1467 443 1492 est
463 1464 599 1497 saneta-9,
622 1463 695 1500 quod
717 1463 897 1500 significatur,
919 1471 982 1491 eum

138 1511 239 1540 dicitur
261 1511 433 1547 Apocalypsis
455 1510 589 1539 secundo:
620 1510 747 1538 Vincenti
773 1509 848 1538 dubo
869 1518 982 1538 manna

139 1558 357 1592 absconditum,
389 1558 415 1586 in
448 1566 503 1594 quo
534 1561 646 1586 notatur
678 1557 802 1591 satietas;
829 1557 982 1594 Sapientiae

138 1605 243 1635 decimo
265 1609 344 1634 sexto
359 1605 385 1633 S:
408 1605 558 1633 Paratum.
575 1612 685 1641 panem
705 1604 739 1632 de
760 1603 837 1632 eaelo
856 1603 982 1640 praesti-

139 1653 198 1682 tisti
225 1652 283 1681 iltis
309 1652 372 1680 sine
393 1651 505 1685 labore,
528 1660 609 1679 omne
637 1650 871 1679 delectamentum
902 1651 933 1679 in
954 1659 983 1679 se

138 1698 285 1728 habentem
307 1703 332 1727 et
353 1699 446 1727 omnis
459 1698 578 1735 saporis
591 1698 776 1726 suavitatem.
794 1714 830 1718 —-
845 1698 981 1734 Quartum

138 1749 179 1775 est
197 1746 325 1782 potentia
340 1745 396 1774 sive
411 1747 545 1782 potestas;
568 1744 601 1773 de
616 1753 672 1781 quo
686 1744 788 1773 dicitur
807 1744 982 1781 Apocalypsis

138 1792 273 1822 secundo:
299 1792 377 1821 Dabo
392 1792 451 1826 itti,
474 1792 576 1820 scilieet
596 1792 731 1825 vincenti,
750 1794 918 1828 potestatem
932 1800 981 1819 su-

134 1848 189 1877 per
208 1843 313 1876 yentes,
329 1843 353 1867 et
367 1842 443 1876 repet
464 1847 513 1867 eas
528 1839 559 1867 in
573 1839 660 1876 virya
674 1837 783 1875 ferrea,
800 1842 824 1866 et
839 1842 979 1876 tanquam

138 1894 191 1915 vas
210 1885 295 1924 fiyuti
315 1884 547 1923 confi-inqentur.
569 1902 609 1905 —
629 1885 761 1921 Quintum
783 1888 825 1913 est
852 1887 982 1914 venustas

138 1933 194 1962 sive
212 1933 401 1970 pulcrituclo;
422 1933 455 1961 de
476 1941 532 1969 qua
552 1932 727 1969 Apocalypsis
748 1932 845 1961 tertio:
869 1932 927 1968 Qui
940 1932 981 1960 vi-

138 1980 224 2014 cerit,
246 1980 288 2008 sie
302 1980 439 2008 vestietur
459 1979 635 2008 vestimentis
650 1978 734 2013 albis,
750 1979 777 2007 in
792 1987 848 2016 quo
868 1982 981 2007 notatur

137 2029 282 2061 venustas,
304 2027 438 2055 munditia
458 2030 485 2055 et
507 2026 672 2063 pulcritudo.
688 2042 726 2046 —
740 2026 855 2054 Sextum
879 2029 920 2054 est
933 2034 981 2054 sa-

136 2073 264 2110 pientia;
285 2073 318 2102 de
339 2081 394 2110 qua
414 2073 515 2102 dicitur
530 2073 704 2109 Apocalypsis
716 2073 797 2101 tertio
811 2073 837 2100 4:
861 2073 894 2100 Et
907 2072 982 2101 scri-

139 2119 205 2149 bam
225 2128 315 2157 super
335 2129 401 2148 eum
422 2128 525 2148 nomen
548 2120 600 2148 Dei
626 2120 684 2148 mei
704 2123 728 2148 et
756 2128 858 2148 nomen
886 2128 981 2147 meum

137 2175 244 2195 novum
252 2177 262 2200 ,·
283 2170 310 2195 et
341 2167 385 2196 hic
406 2167 475 2195 nihil
495 2167 570 2195 aliud
591 2170 632 2195 est
659 2165 763 2195 babere
788 2166 860 2195 istud
879 2174 982 2194 nomen

137 2222 245 2242 nouum
266 2222 349 2251 quam
372 2214 474 2242 habere
495 2214 618 2242 notitiam
633 2214 753 2242 divinam
776 2217 802 2242 et
821 2214 980 2242 humanam.

13 350 15 406 l

11 540 15 592 1

1043 267 1080 270 -
1096 250 1246 287 Septimum
1262 254 1302 279 est
1317 250 1518 288 tranquillitas
1531 254 1655 284 aeterna;
1671 250 1703 279 de
1719 259 1773 287 qua
1785 251 1885 287 Apoca-

1043 297 1141 334 lypsis:
1160 296 1239 325 Dabo
1254 297 1280 325 ei
1296 297 1392 325 sedere
1405 305 1515 325 mecum
1532 297 1564 325 in
1579 296 1680 325 tltrono
1695 306 1764 325 meo.
1781 314 1818 317 —
1834 297 1886 326 lsta

1043 348 1145 381 septem
1168 352 1221 373 non
1243 344 1368 373 videmus
1389 344 1484 378 m0d0;
1506 344 1553 372 sed
1571 344 1681 381 quando
1702 344 1767 372 vicit
1789 344 1885 373 beatus

1042 390 1217 424 Vincentius,
1240 392 1305 418 tunc
1327 390 1393 419 vidit
1414 398 1454 424 ea,
1475 393 1502 419 et
1515 394 1642 427 apertum
1658 393 1699 419 est
1719 391 1742 418 ei
1765 391 1884 425 caelum,

1042 437 1113 465 sicut
1134 437 1214 465 beato
1228 437 1374 473 Stephano,
1390 438 1505 465 Actuum
1529 437 1644 473 septimo
1659 437 1679 464 ⁵.
1703 437 1776 465 Unde
1794 438 1885 466 omnia

1043 483 1094 511 ista
1114 486 1257 512 assecutus
1278 483 1329 512 fuit
1345 487 1405 520 post
1426 484 1583 517 victoriam;
1600 484 1659 512 ideo
1674 484 1707 512 de
1723 484 1773 512 isto
1796 488 1884 520 posset

1041 529 1093 557 dici
1115 529 1181 557 illud
1204 529 1315 558 Genesis
1336 530 1547 567 quadragesimo
1568 538 1654 558 nono:
1678 531 1724 558 Ad
1739 531 1882 567 praedam

1042 576 1214 610 ascendisti,
1235 576 1280 612 fitz*
1305 577 1362 611 mi,
1385 577 1563 614 requiescens
1589 577 1754 605 accubuisti
1780 581 1810 605 ut
1836 577 1883 605 leo.

1043 623 1101 659 lpse
1115 623 1244 651 aseendit
1258 624 1298 651 ad
1308 624 1470 660 praedam,
1486 624 1596 661 quando
1616 624 1737 653 ascendit
1751 625 1783 653 ad
1799 633 1884 661 equu-

1042 670 1114 698 leum
1131 686 1167 689 —
1183 670 1248 706 quia
1263 671 1368 706 positus
1378 670 1429 699 fuit
1445 671 1470 699 in
1483 671 1601 707 equuleo
1612 687 1650 691 —
1664 671 1697 699 ad
1710 671 1782 699 illam
1797 675 1885 699 aeter-

1042 714 1169 748 nitatem,
1191 716 1225 743 ad
1247 716 1319 744 illam
1339 717 1481 745 caelestem
1497 717 1620 753 gloriam.
1638 718 1821 755 Requiescens
1837 726 1884 746 ac-

1042 760 1169 789 cubuisti
1190 766 1221 789 ut
1243 762 1290 790 teo.
1315 763 1388 791 Unde
1413 763 1589 791 accubitus?
1611 764 1717 792 Scilicet
1740 765 1764 792 in
1788 769 1883 793 morte.

1041 807 1117 836 Unde
1130 808 1311 844 triumphavit
1325 812 1352 837 et
1366 809 1392 837 in
1405 810 1468 837 a'e're
1483 814 1509 837 et
1525 811 1550 838 in
1565 813 1646 838 terra.
1660 827 1696 831 -
1707 811 1729 839 Ο
1742 811 1884 845 carissimi,

1042 854 1152 889 quando
1167 854 1320 883 videbimus
1335 863 1398 883 eum
1415 856 1441 883 in
1457 857 1552 892 gloria,
1566 860 1630 885 tunc
1645 858 1782 886 dicemus:
1799 866 1885 894 quare

1042 908 1095 927 non
1118 901 1302 929 sustinuimus
1323 902 1394 929 sicut
1416 902 1485 930 iste?
1510 902 1532 930 Ο
1547 911 1630 939 quam
1656 904 1747 932 miseri
1773 912 1884 938 sumus3

1042 954 1129 982 quare
1150 955 1204 975 non
1227 948 1387 981 restitimus,
1403 953 1434 976 ut
1450 949 1584 985 possimus
1607 950 1708 978 hahere
1725 950 1885 979 victoriam?

1120 993 1192 1021 Hanc
1213 997 1306 1022 autem
1329 995 1470 1023 victoriam
1491 995 1537 1023 dat
1558 996 1679 1024 caritas.
1702 996 1789 1031 Unde,
1815 997 1885 1025 sicut

1040 1039 1112 1076 fides
1132 1040 1247 1068 faciebat
1268 1048 1331 1069 eum
1353 1041 1449 1069 fortem
1466 1046 1579 1078 propter
1595 1043 1843 1079 magnanimitatem
1859 1044 1885 1071 in

1041 1087 1246 1123 expugnatione
1267 1087 1481 1122 adversantium,
1503 1092 1530 1117 et
1550 1097 1623 1125 spes,
1640 1093 1751 1126 propter
1774 1090 1886 1118 virilita-

1042 1136 1095 1162 tem
1122 1134 1149 1162 in
1175 1134 1351 1170 perpessione
1379 1134 1547 1168 difficilium;
1576 1136 1614 1164 sic
1635 1136 1747 1164 caritas
1772 1137 1887 1165 faciebat

1041 1180 1132 1217 ipsum
1153 1179 1256 1218 fortem
1277 1185 1398 1218 propter
1419 1182 1630 1210 virtuositatem
1653 1183 1684 1211 in
1709 1184 1886 1212 assecutione

1039 1227 1221 1264 palmarum.
1246 1228 1305 1256 [deo
1326 1228 1460 1256 debemus
1481 1228 1514 1256 ad
1529 1229 1588 1257 eius
1609 1230 1767 1266 exemplum
1785 1230 1885 1259 habere

1041 1274 1193 1302 caritatem.
1209 1274 1284 1303 Unde
1299 1274 1431 1303 debemus
1446 1283 1538 1303 amare
1557 1276 1645 1303 Deum
1660 1280 1821 1310 aeternum,
1842 1284 1887 1305 ve-

1042 1329 1104 1349 rum
1127 1324 1153 1349 et
1174 1321 1334 1357 gloriosum,
1358 1320 1506 1349 Christum
1528 1322 1694 1350 crucifixum
1716 1327 1743 1351 et
1763 1324 1885 1351 satutem

1041 1368 1213 1396 animarum
1243 1371 1410 1397 nostrarum.
1433 1385 1470 1389 --
1501 1369 1552 1405 Qui
1583 1378 1636 1397 non
1664 1373 1736 1398 amat
1763 1370 1885 1398 salutem

1041 1415 1159 1443 animae
1170 1423 1236 1444 suae
1251 1423 1304 1443 non
1321 1415 1398 1444 timet
1412 1423 1462 1444 nec
1477 1416 1570 1452 plagas
1586 1417 1621 1453 (ἲ)
1642 1417 1667 1445 in
1685 1420 1817 1453 corpore?
1833 1418 1886 1454 Ego

1041 1462 1128 1496 video,
1150 1462 1223 1499 quod
1255 1462 1365 1499 quando
1398 1463 1554 1491 infirmatur
1582 1464 1690 1500 aliquis,
1714 1473 1767 1492 non
1804 1465 1886 1493 audet

1040 1509 1183 1538 comedere
1205 1509 1255 1537 nisi
1279 1518 1344 1538 sana
1360 1510 1477 1544 cibaria,
1498 1518 1550 1538 non
1567 1511 1650 1539 audet
1665 1511 1758 1539 bibere
1773 1511 1884 1545 vinum,

1040 1559 1080 1584 tot
1103 1556 1206 1593 patitur
1228 1557 1406 1585 abstinentias
1424 1565 1474 1593 pro
1489 1565 1621 1593 corpore,
1637 1557 1709 1594 quod
1726 1558 1779 1586 cito
1794 1558 1886 1586 deficit

1040 1606 1067 1630 et
1088 1603 1277 1639 pulverizatus
1296 1607 1322 1632 et
1338 1603 1443 1632 transit.
1460 1604 1567 1640 Quanta
1582 1612 1647 1640 ergo
1668 1604 1749 1632 debet
1765 1604 1818 1640 pati
1834 1612 1885 1640 pro

1039 1649 1131 1677 anima
1152 1658 1295 1686 nunquam
1318 1650 1467 1678 moritura!
1484 1667 1520 1671 —
1537 1651 1618 1684 ltem,
1639 1650 1772 1679 debemus
1793 1658 1885 1679 amare

1042 1695 1189 1724 Christum
1211 1697 1379 1725 crucifixum
1401 1700 1427 1725 et
1448 1698 1508 1726 eius
1523 1698 1614 1734 plagas
1630 1698 1655 1725 in
1672 1698 1753 1725 corde
1775 1701 1885 1734 portare

1039 1745 1066 1770 et
1088 1743 1231 1779 inspicere,
1256 1747 1285 1771 ut
1312 1743 1467 1772 animemur
1488 1744 1521 1772 ad
1544 1747 1680 1772 tormenta
1708 1744 1882 1778 sustinenda,

1039 1790 1112 1826 quia,
1135 1790 1206 1818 sicut
1227 1790 1328 1818 dicitur
1344 1791 1423 1827 primi
1446 1791 1672 1819 Macl'iabaeorum
1695 1794 1774 1819 sexto
1788 1791 1808 1825 ⁶,
1830 1791 1880 1819 ete-

1035 1836 1156 1874 pltantis
1177 1837 1362 1865 ostenderunt
1376 1837 1549 1874 sanquinem
1567 1846 1641 1865 uuae
1655 1841 1681 1866 et
1698 1838 1791 1871 mori,
1807 1838 1881 1874 quia,

1039 1885 1110 1913 sicut
1131 1885 1243 1921 elephas
1264 1885 1403 1913 anImatur
1418 1884 1451 1913 ad
1466 1885 1586 1919 bellum,
1602 1885 1711 1921 quando
1734 1885 1806 1913 videt
1821 1893 1882 1913 san-

1038 1932 1160 1968 guinem,
1176 1932 1241 1968 quia
1256 1935 1297 1960 est
1311 1932 1411 1960 animal
1426 1932 1565 1960 fastidiens
1582 1932 1752 1968 sanguinem,
1767 1932 1805 1960 sic
1820 1939 1882 1965 nos,

1039 1979 1098 2007 eius
1112 1979 1251 2012 membra,
1268 1979 1392 2015 passione
1408 1979 1493 2015 ipsius
1514 1979 1647 2007 debemus
1670 1979 1832 2006 inflammari
1849 1978 1883 2006 ad

1039 2026 1098 2054 eius
1119 2034 1250 2054 amorem.
1272 2043 1311 2046 -—
1334 2026 1470 2054 Debemus
1497 2026 1577 2054 etiam
1604 2033 1696 2053 amare
1720 2025 1807 2053 Deum
1838 2033 1882 2053 ve-

1040 2081 1118 2107 rum,
1140 2073 1306 2109 gloriosum,
1328 2076 1490 2106 aeternum,
1505 2072 1553 2109 qui
1569 2072 1722 2108 triumphat
1744 2072 1770 2100 in
1792 2072 1881 2105 caelis,

1039 2122 1070 2147 ut
1091 2119 1228 2155 possimus
1257 2126 1319 2147 cum
1352 2119 1411 2155 ipso
1443 2119 1615 2155 triumphare
1645 2119 1669 2146 in
1700 2119 1745 2146 illa
1772 2121 1883 2146 aeterna

1039 2166 1140 2202 gloria,
1163 2165 1196 2193 ad
1217 2173 1299 2202 quam
1322 2173 1371 2193 nos
1393 2165 1525 2201 perducat
1547 2165 1592 2201 qui
1617 2165 1683 2193 vivit
1698 2168 1724 2193 et
1746 2168 1840 2201 regnat
1855 2165 1881 2192 in

1039 2213 1148 2241 saecula
1169 2212 1353 2240 saeculorum.
1376 2212 1467 2240 Amen.

563 2340 606 2367 DE
628 2339 749 2368 SANCTA
772 2339 897 2367 AGATHA
920 2338 1051 2367 VlRGlNE
1073 2338 1114 2366 ET
1136 2337 1290 2365 MARTYRE
1312 2338 1340 2372 (5
1362 2337 1460 2371 Febn).

500 2451 591 2478 Sanno
606 2449 625 2477 ⁷.

217 2543 370 2572 Fortitudo
391 2547 416 2571 et
436 2543 522 2572 decor
543 2543 745 2571 indumentum
767 2542 838 2576 eius,
861 2546 885 2570 et
905 2542 981 2570 ride—

140 2589 179 2618 bit
199 2590 230 2618 in
250 2590 296 2618 die
315 2590 490 2623 novissimo,
513 2589 724 2618 Proverbiorum
747 2589 844 2617 ultimo
856 2589 875 2616 8.

109 2631 111 2633 ’
217 2637 335 2673 Spiritus
356 2640 467 2665 sanctus
489 2637 515 2664 in
539 2636 630 2664 verbis
651 2636 710 2664 istis
731 2636 764 2664 de
785 2635 901 2664 muliere
916 2635 979 2663 forti

140 2683 249 2720 scriptis
270 2684 441 2712 commendat
463 2686 490 2712 et
511 2683 619 2712 extollit
640 2683 746 2711 beatam
775 2683 923 2719 Agatham:
946 2682 981 2711 ab

1040 2447 1248 2486 informatione
1263 2447 1380 2475 virtutis
1392 2446 1601 2484 gratificantis,
1618 2447 1670 2475 ibi:
1692 2446 1843 2475 Fortitudo
1858 2450 1882 2474 et

1039 2495 1124 2523 decor
1135 2494 1336 2522 indumentum
1351 2494 1428 2527 etus,-
1443 2496 1469 2522 et
1483 2502 1498 2521 a
1511 2493 1682 2521 certitudine
1693 2493 1750 2522 sive
1762 2493 1881 2521 tentione

1038 2542 1144 2570 salutis
1166 2540 1366 2577 beatificantis,
1381 2541 1433 2569 ibi:
1449 2544 1474 2568 et
1488 2540 1591 2569 ridebit
1610 2540 1640 2568 in
1655 2540 1700 2568 die
1713 2540 1879 2568 novissi-mo.

1118 2589 1134 2616 l.
1157 2589 1235 2617 Circa
1257 2588 1376 2624 primum
1399 2590 1471 2621 nota,
1494 2587 1566 2624 quod
1588 2587 1667 2615 beata
1688 2587 1790 2623 Agatha
1811 2586 1878 2615 fuit:

1038 2639 1133 2664 contra
1154 2636 1306 2664 daemones
1327 2635 1478 2667 virtuosa;
1500 2634 1596 2662 babuit
1617 2634 1688 2662 enim
1710 2637 1806 2662 contra
1820 2634 1880 2662 dae-

1039 2690 1132 2711 mones
1147 2686 1173 2710 et
1186 2686 1315 2718 tyrannos
1329 2681 1518 2709 fortitudinem
1532 2681 1664 2709 veritatis
1677 2684 1703 2709 et
1718 2681 1877 2717 sapientiae;

202 2846 209 2859 ¹
229 2847 286 2869 Vide
298 2847 403 2875 August„
415 2848 517 2869 Enarrat.
529 2848 551 2869 in
569 2847 603 2869 ΡΞ.
617 2847 654 2868 62.
667 2853 689 2869 n.
701 2847 723 2869 3.
740 2859 770 2863 —
788 2848 895 2876 Sequitur
907 2848 978 2876 Apoc.

195 2903 200 2908 .
509 2885 518 2898 ²
537 2887 601 2908 Vers.
618 2886 645 2913 7;
663 2889 791 2914 sequuntur
809 2893 830 2908 v.
849 2887 884 2908 Ἰ10.
903 2890 924 2909 et
947 2887 980 2908 17.

202 2924 211 2937 ³
230 2925 286 2947 Vers
303 2925 344 2953 203
362 2927 490 2954 sequuntur
507 2925 580 2953 Apoc.
597 2925 617 2953 2,
637 2925 673 2947 26.
691 2931 738 2953 seq.
756 2928 778 2947 et
794 2931 814 2948 c.
834 2926 855 2954 3,
872 2925 894 2948 5.

201 2963 209 2976 ⁴¹
228 2964 293 2986 Vers.
311 2964 352 2992 Ἰ2;
370 2964 473 2992 sequitur
490 2970 512 2986 v.
530 2963 567 2985 21.

232 3011 258 3034 S.
277 3010 366 3033 Bonav.
383 3023 414 3026 —
431 3011 499 3033 Tom.
515 3011 554 3033 lX.

139 2887 192 2913 5,5

1101 2846 1110 2859 ⁵
1128 2848 1191 2869 Vers.
1210 2847 1253 2873 55;
1271 2846 1374 2874 sequitur
1391 2846 1446 2868 Gen.
1465 2845 1501 2872 49,
1521 2846 1542 2867 9.

1101 2885 1110 2898 ‘³
1127 2886 1192 2908 Vers.
1210 2885 1247 2907 34.

1102 2924 1111 2937 ⁷
1128 2925 1234 2947 Sumtum
1252 2926 1286 2946 est
1304 2925 1346 2946 hoc
1363 2925 1454 2946 schema
1472 2930 1498 2945 ex
1516 2923 1568 2945 cod.
1587 2923 1705 2945 parisiensi
1724 2923 1739 2944 B
1756 2922 1792 2945 sol.
1811 2922 1863 2944 lot.

1102 2962 1110 2975 ⁸
1129 2963 1194 2985 Vers.
1212 2963 1248 2985 25.

1759 3009 1788 3031 65

1905 305 2017 324 Notandum.

1902 817 1993 836 flurtatio.

1902 1003 1974 1029 Caritas
1987 1003 2018 1022 dat

1908 1028 2011 1045 victonam.

1903 1282 1946 1300 Tria
1958 1288 2020 1300 aman-

1946 1306 1976 1324 da.

1909 1375 1962 1394 Salus
1974 1376 2014 1394 ani-

1937 1404 1985 1418 mae.

1918 1655 2002 1673 Christus

1906 1679 2011 1697 crucifixus.

1898 2029 1949 2047 Deus
1961 2028 2029 2052 glorio-

1941 2057 1980 2070 sus.

1899 2449 1976 2467 Divisio.

1897 2589 1942 2607 Pars
1955 2590 1969 2607 1.
1980 2590 2027 2608 Con-

1897 2615 1924 2630 tra
1953 2614 2027 2632 daemo-

1897 2641 1929 2654 nes
1945 2637 2027 2656 virtuosa

1896 2659 1919 2677 tri
1935 2660 1966 2678 lici
1976 2661 2027 2679 sorti-

1897 2685 1916 2701 tu
1932 2684 1969 2702 ne.
