2243 3348
249 981 276 1008 De
288 980 351 1000 eondi-

251 1007 302 1023 uone
317 1009 345 1023 se·

265 1028 333 1047 cunda.

250 1542 277 1560 De
291 1541 352 1560 tertia.

232 2384 353 2403 introductio.

374 200 430 228 510

374 277 493 314 quadam
514 276 670 309 serenitate,
692 278 722 303 ut
744 282 792 311 per
808 281 839 302 ea
853 273 981 302 ascendat
995 272 1022 300 in
1038 279 1119 300 sunm
1136 271 1217 300 Crea-

374 327 477 357 torem;
497 323 569 352 unde
591 323 617 350 in
637 321 773 350 Canticis¹
790 320 906 348 dicitur:
924 320 1004 354 Quae
1017 322 1057 346 est
1072 318 1129 346 istu
1142 325 1218 355 quae

371 370 563 407 progyreclitur
584 368 672 406 quasi
692 374 807 395 aurora
828 373 1023 402 consumens,
1050 364 1158 401 pulcra
1187 366 1218 391 ut

375 417 464 451 1111111,
485 416 570 445 electu
595 418 624 443 111
644 414 703 447 sol,
726 412 865 441 terribilis
885 416 917 440 ut
945 415 1114 440 castrorum
1140 410 1218 439 acies

374 462 534 492 ordinata?
555 462 649 490 Anima
669 460 741 489 enim
764 461 857 487 sancta
878 459 905 486 in
927 457 1158 494 contemplatione
1179 463 1218 484 se-

373 517 440 538 rena
461 508 636 537 considerans
663 506 803 535 exteriora
833 504 985 534 secundum
1017 507 1119 532 statum
1151 503 1218 540 legis

373 560 497 588 naturae,
520 554 596 590 Legis
614 553 741 589 scriptae,
758 552 824 589 legis
837 551 941 588 gratiae
955 554 982 579 et
997 550 1148 579 secundum
1164 552 1217 578 sta-

374 606 432 631 tum
454 601 572 634 finalem,
595 601 632 629 sic
653 599 844 636 prom-editur
865 601 892 626 et
913 598 952 626 sic
973 596 1155 625 diversimode
1170 604 1218 624 no-

372 649 503 681 minatur,
525 647 602 684 quia,
625 650 760 683 quantum
776 645 808 673 ad
824 648 925 674 statum
942 643 1009 681 legis
1023 646 1139 672 naturae
1154 650 1218 671 con-

373 696 496 724 siderans
510 694 659 727 exteriora,
673 693 775 721 dicitnr
790 691 878 730 quasi
891 699 1007 719 aurora
1021 698 1218 727 consumens,-

373 744 507 778 quantum
530 740 562 769 ad
585 743 686 768 statum
709 739 786 776 Legis
807 738 934 775 scriptae,
949 737 1050 766 dicitnr
1065 737 1171 774 pulcra
1186 740 1219 764 ut

373 787 462 821 lunen
483 790 618 824 quantum
640 786 673 815 ad
687 789 789 814 statum
805 785 871 822 legis
885 784 1002 821 gratiae,
1017 784 1118 812 dicitur
1132 783 1217 811 electu

373 838 404 863 uc
424 834 484 867 εοίς
504 837 639 871 quantum
661 833 695 862 ad
710 836 811 862 statum
828 832 949 865 finalem,
964 831 1065 860 dicitur
1081 829 1219 859 terribilis

374 886 406 909 ut
427 885 593 909 castrorum
617 880 693 908 acies
715 879 863 908 ordinata.

451 927 508 955 Alia
528 931 570 956 est
590 926 772 963 pulcriiicatio
799 926 906 954 animae
934 933 983 962 per
1012 923 1219 961 contemplatio-

374 982 437 1003 nem
459 982 603 1003 arcauum
627 972 824 1002 considerando
846 972 978 1000 interiora
993 979 1052 1004 sua,
1067 974 1094 1000 et
1108 970 1219 1007 quando

374 1025 415 1050 est
436 1021 467 1050 ad
484 1021 615 1049 interiora
629 1020 750 1049 collecta.
767 1019 841 1048 Unde
855 1019 882 1047 in
898 1019 1015 1047 Canticis
1028 1018 1037 1034 ἲ
1053 1018 1118 1047 dicit
1133 1018 1219 1054 Spon-

374 1075 421 1097 sus
442 1067 475 1096 de
497 1067 548 1095 ista
569 1066 771 1103 pulcritudine:
794 1065 909 1094 Pulcra
936 1074 981 1099 es,
1011 1065 1109 1093 amica
1136 1073 1218 1098 mea,

373 1114 476 1142 suauis
497 1117 521 1142 et
541 1113 647 1142 ‹iecor-a
668 1113 745 1141 sicut
765 1112 939 1145 Ierusalem,-
960 1112 987 1140 in
1010 1119 1065 1148 qua
1086 1114 1152 1140 sunt
1171 1119 1218 1139 no-

373 1168 433 1190 vem
456 1160 566 1189 ordines
586 1160 761 1196 Angelorum,
783 1162 810 1188 et
831 1159 889 1195 ipsa
907 1159 990 1187 habet
1004 1165 1102 1186 novem
1118 1166 1219 1194 genera

374 1208 534 1236 habituum:
556 1207 686 1243 gratiam,
707 1206 838 1239 virtutes,
860 1206 940 1239 dona,
962 1205 1145 1233 beatitudines
1166 1207 1217 1233 etc.

372 1271 410 1275 ——
432 1255 513 1288 item,
535 1261 608 1282 nunc
630 1256 743 1282 exercet
763 1260 792 1281 se
812 1253 839 1281 in
861 1255 924 1281 actu
946 1252 1027 1289 primi
1048 1251 1153 1280 ordinis
1167 1252 1218 1280 An-

373 1302 515 1339 gelorum,
538 1300 617 1329 modo
639 1300 666 1328 in
688 1300 808 1328 secundo
836 1302 863 1327 et
893 1306 984 1335 usque
1014 1298 1048 1326 ad
1078 1298 1217 1326 ultimum.

373 1348 423 1386 Qui
446 1352 487 1377 est
509 1348 679 1376 exercitatus
700 1347 726 1375 in
750 1346 895 1383 psalterio,
918 1346 1025 1379 statim,
1047 1353 1111 1374 cum
1134 1345 1217 1374 tradi-

373 1399 419 1423 tur
441 1395 474 1428 01,
491 1398 580 1431 potest
600 1394 667 1422 illud
690 1398 802 1430 tangere
822 1393 943 1426 musice:
965 1392 1011 1429 qui
1027 1400 1081 1420 non
1097 1394 1147 1426 est,
1163 1395 1218 1420 tra-

374 1441 421 1470 das
443 1441 483 1475 ei,
507 1441 592 1469 nescit
613 1449 645 1469 00
666 1440 722 1473 1111;
744 1440 783 1468 sic
804 1442 845 1468 est
866 1439 899 1467 de
921 1439 988 1467 istis.

450 1488 542 1516 Tertio
550 1487 601 1515 dici
606 1491 651 1515 tur
659 1495 701 1515 am
706 1487 747 1515 ica
755 1486 851 1523 pulcra
859 1485 1088 1522 contemplatione
1096 1485 1217 1519 excelsa,

373 1533 482 1571 quando
504 1533 593 1562 fertur
614 1533 744 1569 superius
767 1540 815 1569 per
836 1532 1093 1569 contemplationem
1123 1532 1150 1560 111
1172 1532 1218 1560 illa

372 1580 498 1609 caelestia
518 1584 545 1608 et
566 1583 677 1609 aeterna
698 1580 784 1613 bona:
808 1579 834 1607 in
856 1579 1012 1608 Canticis³:
1036 1579 1131 1614 Quam
1151 1578 1217 1615 pul-

371 1635 424 1656 cra
445 1636 473 1656 es
495 1632 520 1656 ei
541 1635 630 1665 quum
651 1628 767 1661 decora,
790 1626 949 1655 carissimu
964 1626 995 1654 iu
1009 1626 1137 1655 deliciis!
1153 1626 1218 1655 Sta-

372 1679 443 1704 tura
465 1678 517 1703 11111
538 1674 706 1703 assimilata
727 1678 766 1702 est
786 1674 903 1710 palmae
924 1676 975 1702 etc.
991 1673 1023 1701 Et
1037 1676 1078 1702 est
1092 1673 1218 1702 mirabile

370 1722 403 1751 de
425 1722 516 1759 palma
536 1724 665 1758 respectu
686 1721 802 1749 aliarum
825 1720 967 1755 arborum,
989 1720 1063 1757 quod
1084 1720 1152 1748 aliae
1173 1727 1217 1748 ar-

370 1769 452 1797 bores
473 1772 537 1797 sunt
558 1768 751 1805 pyramidales,
766 1775 877 1805 grossae
892 1768 965 1796 circa
979 1767 1098 1796 radicem
1114 1770 1141 1796 et
1155 1775 1217 1804 gra-

372 1816 436 1844 ciles
457 1823 557 1852 supra:
581 1815 627 1844 sed
642 1815 732 1852 palma
747 1814 869 1852 grossior
883 1817 924 1843 est
938 1814 1012 1843 circa
1026 1821 1118 1843 ramos
1133 1822 1216 1850 quam

372 1863 444 1891 circa
466 1862 593 1891 radicem.
617 1862 659 1891 Sic
680 1862 781 1896 anima,
802 1861 955 1890 secundnm
978 1861 1051 1898 quod
1065 1861 1148 1889 altius
1163 1861 1217 1890 fer-

1046 194 1217 223 SERMONES
1237 193 1281 222 DE
1302 193 1443 222 SANCTiS.

1274 273 1320 299 tur
1336 278 1384 307 per
1399 270 1666 306 contemplationem,
1682 272 1757 298 tanto
1771 272 1812 298 est
1827 269 1984 298 virtuosior.
2000 269 2022 298 Ο
2034 278 2117 307 quan-

1274 319 1316 345 tae
1338 309 1532 353 pulcritudinis
1552 319 1593 345 est
1613 317 1713 350 anima,
1736 324 1806 353 quae
1827 316 1861 345 de
1881 316 1948 345 foris
1968 319 2009 345 est
2023 324 2117 345 aseen-

1273 363 1340 392 dens
1362 363 1388 391 in
1411 363 1501 399 ipsum
1524 371 1572 400 per
1594 363 1849 400 contemplationem
1872 363 1951 392 istam
1970 363 2116 392 excelsam.

1273 410 1382 446 Quanto
1403 410 1475 438 enim
1497 410 1612 446 spiritns
1633 410 1750 438 nobilior
1772 413 1812 439 est
1827 418 1952 446 corpore,
1968 412 2043 438 tanto
2057 418 2117 446 spe-

1274 457 1368 485 culum
1390 459 1601 493 repraesentans
1622 456 1696 485 illam
1717 459 1804 485 artem
1828 459 1966 485 aeternam
1993 457 2118 493 pulcrius

1274 506 1315 532 est
1335 503 1408 531 omni
1430 503 1484 531 alio
1504 503 1615 540 speculo
1636 506 1663 532 et
1683 503 1756 531 omni
1773 503 1959 540 pulcritudine
1973 503 2117 540 corporali.

1274 599 1301 625 et
1323 596 1390 624 haec
1411 599 1452 625 est
1473 596 1682 631 consummatio,
1704 597 1768 633 quia
1791 597 1842 625 iam
1865 600 1905 626 est
1926 600 2007 626 extra
2027 597 2119 626 omnia

1274 643 1326 671 alia
1347 645 1374 671 et
1394 646 1476 671 extra
1497 651 1533 671 se.
1556 643 1633 671 Tunc
1654 643 1817 672 sublevatur
1838 644 1865 672 111
1880 643 2018 680 quandam
2033 644 2116 672 admi-

1275 689 1407 718 rationem
1440 693 1467 718 et
1499 690 1645 718 iucundam
1678 690 1907 725 exsultationem
1941 690 2116 720 Canticorum

1274 739 1374 772 quarto
1385 736 1412 763 4:
1437 736 1531 771 Quum
1551 735 1673 772 pulcrae
1693 739 1762 764 sum
1777 744 1922 765 mammae
1938 740 2018 770 tuae,
2033 745 2118 765 soror

1274 791 1349 816 meu,
1363 790 1472 819 sponsu
1487 790 1545 811 mea
1557 785 1561 811 1
1578 782 1739 811 Pudor-tora
1753 787 1822 811 sum
1837 782 1928 812 ubera
1942 787 1994 812 tua
2005 783 2083 818 vino,
2095 787 2119 812 et

1275 830 1346 858 odor
1368 833 1585 866 unquentorum
1607 833 1726 857 tuorum
1747 837 1836 866 super
1857 829 1956 858 omitia,
1971 834 2118 858 aromata.

1275 876 1390 913 Quando
1411 876 1482 905 enim
1505 876 1596 905 anima
1617 876 1669 904 iam
1692 876 1892 904 introducitur
1914 876 1944 904 iu
1966 876 2011 905 illa
2035 876 2118 905 ceila—

1275 923 1325 952 ria
1346 923 1409 957 Dei,
1431 923 1587 951 divinarum
1609 923 1713 952 scilicet
1734 923 1952 958 iucunditatum,
1980 923 2048 953 adeo
2068 923 2118 952 im-

1275 971 1367 1007 pletur
1388 974 1415 999 et
1436 970 1599 1004 inebriatur,
1621 970 1694 1007 quod
1709 978 1810 999 omnes
1831 978 1929 999 sensus
1953 970 2013 999 eius
2040 970 2118 1007 quasi

1274 1017 1460 1046 absorbentur
1481 1020 1508 1046 et
1528 1017 1735 1046 retunduntur:
1759 1017 1849 1050 visus,
1875 1025 1891 1046 a
1918 1017 2042 1046 claritate
2069 1017 2119 1045 im-

1275 1071 1384 1098 mensa3
1406 1067 1520 1101 gustus,
1548 1072 1564 1092 a
1591 1064 1750 1097 dulcedine:
1772 1063 1810 1092 ita
1840 1063 1914 1100 quod
1945 1063 2037 1092 anima
2063 1067 2120 1092 tota

1275 1111 1440 1140 absorbetur
1462 1111 1496 1139 ab
1518 1111 1564 1139 illo
1584 1110 1684 1147 gaudio
1696 1111 1715 1138 ⁵.
1738 1110 1774 1139 Ad
1807 1110 1880 1139 istud
1908 1111 2003 1139 nullus
2031 1113 2120 1147 potest

1276 1158 1421 1194 pervenire
1442 1158 1493 1186 nisi
1516 1166 1565 1194 per
1580 1157 1710 1186 virtutem
1729 1157 1876 1191 orationis3
1891 1157 2052 1186 Psalnmsss:
2071 1157 2120 1186 Di-

1275 1205 1396 1242 riycttur
1417 1204 1513 1233 oratio
1534 1212 1598 1232 mect-
1619 1205 1695 1233 sicut
1727 1204 1877 1233 incensum
1905 1204 1936 1232 iu
1968 1207 2119 1241 conspectu

1275 1255 1323 1279 tuo
1332 1261 1341 1284 ,·
1367 1254 1394 1279 et
1424 1251 1451 1279 in
1482 1251 1615 1279 Canticis:
1640 1251 1718 1279 Odor
1740 1251 1972 1279 vestimentorum
2001 1253 2120 1279 mortim

1274 1298 1351 1326 sicut
1371 1298 1443 1326 odor
1465 1297 1570 1326 tlturiS.
1593 1298 1709 1334 Oportet
1730 1305 1805 1334 erge,
1821 1297 1894 1334 quod
1910 1297 2002 1332 homo,
2017 1298 2064 1334 qui
2081 1297 2119 1326 sic

1275 1353 1324 1382 per
1345 1345 1603 1381 contemplationem
1626 1345 1651 1372 in
1676 1345 1761 1373 Deum
1784 1344 1843 1373 vult
1864 1344 2024 1378 ascendere,
2046 1344 2119 1382 quod

1275 1391 1422 1420 mortificet
1443 1399 1471 1420 se
1492 1391 1583 1428 ipsum
1606 1394 1633 1420 et
1654 1391 1689 1419 sit
1710 1391 1735 1419 in
1759 1391 1888 1420 continua
1908 1391 2040 1420 oratione.

1353 1438 1423 1474 Quia
1444 1438 1528 1475 igitur
1550 1438 1628 1466 beata
1643 1438 1729 1474 Agnes
1751 1441 1810 1466 erat
1832 1440 1887 1466 tota
1908 1438 2071 1468 mortificata
2092 1438 2119 1467 in

1275 1493 1304 1514 se
1326 1485 1383 1522 ipsa
1398 1493 1447 1522 per
1462 1485 1585 1513 omnium
1600 1485 1752 1514 carnalium
1769 1493 1863 1514 rerum
1878 1488 1905 1514 et
1919 1485 2118 1514 desideriorum

1274 1531 1488 1565 abdicationem:
1512 1532 1577 1568 quia
1598 1531 1680 1560 etiam
1712 1535 1772 1560 erat
1803 1532 1932 1561 continue
1965 1532 1990 1560 in
2022 1532 2120 1561 devota

1274 1579 1413 1607 oratione:
1434 1579 1495 1607 ideo
1516 1582 1576 1607 erat
1596 1578 1739 1607 sublevata
1760 1579 1798 1607 sic
1820 1579 1846 1607 in
1874 1579 2119 1616 contemplatione,

1274 1626 1301 1654 111
1323 1634 1379 1663 qua
1399 1625 1587 1654 delectabatur
1609 1628 1636 1654 et
1657 1625 1871 1660 jucundabatur,
1900 1625 1926 1654 in
1955 1634 2011 1663 qua
2037 1626 2118 1655 etiam

1274 1673 1502 1710 pulcrilicabatur
1524 1680 1560 1701 ex
1581 1676 1695 1709 aspectu
1716 1672 1828 1701 luminis
1849 1673 1971 1709 superni.
1997 1673 2073 1702 Unde
2092 1675 2120 1702 et

1273 1720 1373 1748 merito
1396 1722 1503 1756 poterat
1523 1719 1547 1748 ei
1562 1719 1653 1748 dicere
1669 1720 1791 1756 Sponsus
1805 1719 1865 1748 eius
1879 1719 2022 1749 Christus:
2038 1720 2117 1754 Eece,

1274 1772 1305 1795 tu
1323 1767 1432 1804 pulcra
1453 1775 1492 1800 σε,
1513 1766 1613 1795 amicti
1633 1775 1698 1795 mea
1719 1769 1770 1795 etc.
1793 1767 1916 1801 Pulcra,
1937 1775 1990 1796 non
2007 1766 2040 1795 ad
2055 1775 2120 1796 ocu-

1274 1814 1330 1842 lum
1352 1814 1538 1850 corporalem,
1561 1814 1606 1842 sed
1623 1814 1802 1850 spiritualem.
1818 1814 1855 1842 Ad
1872 1814 1942 1843 hanc
1956 1813 2120 1851 pulcritudi-

1273 1868 1335 1889 nem
1351 1861 1484 1897 perducat
1498 1868 1548 1889 nos
1563 1860 1699 1895 Christus,
1715 1861 1836 1897 Sponsus
1850 1861 2015 1889 animarum.
2027 1861 2119 1890 Amen.

877 1988 920 2016 DE
942 1987 1068 2016 SANCTO
1090 1987 1266 2016 VINCENTIO
1288 1987 1443 2016 MARTYRE
1466 1988 1513 2023 (22
1537 1987 1611 2024 Ian).

734 2099 825 2127 SERMO
839 2098 859 2126 ⁷.

451 2192 563 2221 Similis
584 2192 682 2230 sciolus
703 2196 743 2220 esc
764 2192 838 2220 leoni
863 2192 893 2220 in
921 2191 1057 2228 operibus
1083 2192 1165 2225 suis,
1194 2195 1219 2220 01

370 2240 447 2268 sieut
468 2239 585 2268 catulus
606 2239 695 2268 leonis
710 2239 831 2276 ruyiens
845 2239 876 2267 iu
895 2239 1045 2267 venatione
1059 2242 1120 2273 etc,
1136 2238 1216 2275 primi

371 2287 598 2316 Machabaeorum
622 2286 703 2315 tertio
714 2286 734 2314 ⁸.

448 2334 570 2362 Verbum
592 2333 666 2362 istud
687 2333 790 2361 dictum
812 2332 864 2362 suit
889 2333 916 2361 in
945 2333 1055 2361 laudem
1084 2332 1218 2361 strenuis*

371 2381 430 2409 simi
453 2380 557 2414 militis,
579 2380 660 2409 {udae
675 2380 840 2414 Machabaei,
856 2380 883 2408 in
900 2383 1022 2416 tempore
1037 2379 1114 2416 Legis
1129 2379 1217 2408 ludai—

371 2434 427 2461 000,
449 2427 496 2463 qui
520 2428 591 2455 inter
612 2429 718 2455 ceteros
741 2427 840 2455 milites
861 2427 1007 2464 gloriosam
1024 2426 1132 2455 laudem
1148 2426 1218 2454 ohti-

372 2473 432 2501 nuit
453 2477 566 2510 propter
588 2473 745 2508 victoriam:
774 2477 801 2503 et
832 2477 922 2511 potest
952 2473 1106 2510 comparari
1138 2473 1218 2502 beato

372 2520 527 2554 Vincentio,
549 2521 595 2557 qui
618 2521 644 2549 in
667 2524 792 2557 tempore
813 2521 917 2558 gratiae
937 2524 1052 2558 propter
1073 2520 1216 2549 victoriam

373 2574 449 2595 suam
482 2567 602 2595 obtinuit
634 2568 751 2596 laudem.
785 2568 815 2596 Et
846 2567 1057 2596 commendatur
1079 2575 1094 2596 a
1113 2567 1218 2596 virtute

373 2613 455 2641 animi
478 2616 611 2649 quantum
634 2614 667 2641 ad
688 2614 756 2647 dno,
778 2614 843 2651 quia
864 2614 954 2643 virtus
967 2614 1050 2642 animi
1067 2613 1094 2641 in
1107 2613 1218 2642 duobus

374 2659 510 2688 consistit:
533 2660 560 2687 in
582 2661 693 2697 agendo
715 2663 742 2689 et
756 2661 932 2690 sustinendo.
949 2661 1024 2690 Unde
1038 2661 1084 2689 ille
1098 2660 1145 2697 qui
1162 2660 1218 2689 vir-

1276 2102 1354 2127 tuose
1375 2100 1507 2135 operatur
1527 2102 1554 2127 et
1576 2098 1698 2127 virtuose
1718 2097 1884 2135 triumphat,
1899 2098 1980 2127 debet
1994 2098 2045 2127 dici
2061 2098 2120 2127 vir-

1276 2149 1385 2174 tuosus.
1408 2145 1469 2174 ideo
1491 2145 1580 2182 primo
1601 2145 1811 2174 commendatur
1836 2145 1933 2174 beatus
1961 2145 2121 2175 Vincentius

1275 2192 1309 2221 ab
1330 2192 1476 2229 operibus,
1498 2200 1561 2221 cum
1583 2192 1699 2221 dicitur:
1723 2191 1834 2220 Similis
1856 2191 1955 2229 faetus
1976 2192 2120 2226 0811100111,-

1275 2239 1404 2274 secundo,
1427 2247 1441 2267 a
1463 2239 1582 2268 virtutis
1602 2239 1773 2267 strenuitate
1794 2242 1821 2267 et
1841 2239 1989 2268 stabilitate
2010 2239 2036 2268 111
2056 2247 2121 2268 con—

1275 2286 1383 2320 stantia,
1405 2293 1468 2314 cnm
1490 2286 1570 2314 dicit:
1593 2286 1710 2314 catulus
1731 2286 1820 2314 leonis
1841 2285 1961 2323 rugiens
1982 2286 2013 2314 iu
2034 2294 2120 2315 vena-

1275 2333 1356 2361 tione.
1381 2333 1411 2361 Et
1433 2332 1495 2361 licet
1517 2333 1558 2361 leo
1580 2336 1693 2369 propter
1715 2333 1885 2361 atrocitatem
1901 2335 1928 2361 et
1942 2332 2118 2369 rapacitatem

1275 2379 1395 2408 insinuet
1416 2379 1495 2408 nobis
1516 2379 1706 2408 adversarium
1728 2382 1865 2413 nostrum,
1887 2379 1920 2408 de
1941 2387 1997 2416 quo
2018 2379 2120 2408 dicitur

1275 2426 1380 2463 primae
1403 2426 1473 2455 Petri
1494 2426 1591 2463 quinto
1603 2426 1629 2454 ⁹:
1653 2426 1853 2454 Adversarius
1873 2429 1965 2454 vester
1985 2425 2120 2455 diabolus

1275 2476 1416 2510 tanquam
1446 2473 1485 2501 leo
1517 2473 1637 2510 rugiens
1668 2476 1735 2507 etc:
1768 2476 1856 2501 tamen
1888 2473 1967 2501 nobis
1996 2472 2121 2509 designat

1274 2520 1357 2548 istum
1380 2520 1530 2556 gloriosum
1550 2521 1696 2556 Martyrem
1712 2520 1894 2548 Vincentium.
1913 2520 1943 2548 Et
1957 2523 2029 2554 nota,
2045 2519 2118 2557 quod

1276 2566 1317 2595 leo
1339 2566 1421 2595 habet
1442 2567 1715 2604 mcifflzauimitutem
1737 2567 1768 2594 iu
1790 2566 2003 2604 ayqrediendo,
2025 2566 2119 2595 virili-

1275 2616 1362 2641 tatem
1383 2613 1414 2641 iu
1433 2621 1593 2650 promessu
1614 2614 1657 2642 vel
1679 2613 1878 2650 progrediendo
1898 2616 1926 2642 et
1950 2613 2121 2642 virtuosita-

1276 2664 1329 2688 tem
1351 2659 1382 2688 iu
1400 2659 1576 2697 perficiendo
1598 2661 1641 2689 vel
1662 2660 1840 2697 assequendo.
1864 2661 1895 2689 Et
1915 2660 1981 2698 quia
2001 2660 2053 2689 ista
2067 2660 2120 2689 tria

434 2826 443 2839 ¹
461 2827 517 2855 Cap.
534 2829 559 2857 6,
576 2829 598 2850 9.

435 2865 443 2879 2
461 2866 516 2895 Cap.
535 2868 560 2894 ss,
577 2868 599 2889 3.

435 2903 444 2916 ³
462 2905 516 2933 Cap.
534 2906 556 2933 7,
574 2907 594 2928 6.
613 2913 660 2935 seq.

435 2943 444 2955 4
462 2944 526 2966 Yers.
549 2946 587 2972 10;
605 2945 688 2968 deinde
705 2947 826 2974 respicitur
843 2953 862 2970 c.
882 2948 902 2974 l,
920 2948 940 2969 3.

436 2982 445 2995 ⁵
462 2983 507 3005 Csr.
524 2984 623 3006 itinerar.
642 2985 723 3007 mentis
740 2985 763 3007 in
776 2986 857 3013 Deum,
871 2987 980 3014 Prologus
991 2993 1013 3009 n.
1027 2987 1047 3009 4.
1060 2990 1081 3009 et
1093 2994 1113 3010 c.
1125 2988 1146 3009 7.
1159 2994 1180 3010 n.
1194 2988 1216 3009 6.

1337 2829 1346 2843 ⁵
1363 2831 1445 2853 Psalm.
1467 2830 1516 2858 140,
1535 2832 1560 2857 25
1578 2830 1682 2858 sequitur
1699 2829 1763 2853 Cant.
1782 2830 1802 2857 4,
1824 2830 1858 2851 ll.

1244 2830 1247 2898 ¹
1337 2869 1345 2882 ⁷
1363 2870 1393 2892 Ex
1410 2870 1492 2892 eodem
1510 2870 1591 2892 codice
1607 2872 1631 2891 ut
1643 2875 1719 2891 sermo
1731 2869 1872 2897 praecedens
1884 2869 1922 2891 sol.
1933 2869 1978 2891 302
1991 2874 2008 2891 r.
2022 2869 2118 2891 Schema

1273 2909 1341 2931 huius
1358 2909 1471 2931 sermonis
1489 2909 1603 2931 invenitur
1620 2908 1686 2930 etiam
1703 2908 1724 2930 in
1737 2908 1787 2930 cod.
1800 2907 1904 2930 biblioth.
1917 2908 2004 2930 Monac.
2016 2913 2037 2929 11.
2050 2907 2119 2930 8739.

1273 2948 1324 2970 soti
1333 2948 1360 2969 118
1368 2954 1398 2975 v.‚
1407 2947 1445 2969 nbi
1454 2948 1482 2969 29
1490 2949 1605 2970 schemata
1613 2953 1746 2970 sermonum
1753 2948 1775 2969 S.
1784 2947 1957 2969 Bonaventurae
1964 2949 2118 2969 recensentur.

1335 2985 1344 2998 ³
1362 2987 1426 3009 Vers.
1446 2987 1467 3009 4.
1988 2984 1997 2998 ⁹
2015 2986 2080 3008 Vers.
2097 2986 2118 3007 8.

1352 550 1456 586 Quarta
1474 552 1516 578 est
1531 549 1688 586 pulcritudo
1703 550 1940 586 contemplationis
1954 550 2118 585 iucuudae;
2135 556 2162 575 De
2174 546 2243 583 qual-u·
