2243 3348
31 477 36 490 ἱ

19 491 36 539 <t
78 522 84 524 s

18 541 34 600 l

26 599 63 624 “hm
75 604 97 623 u.

26 628 103 655 1111111111,

28 656 109 673 sericor-

25 676 81 694 miae.

29 699 31 730 l

25 744 105 764 'odivisio
108 758 112 763 .

26 793 30 888 l

13 697 24 882 l

9 1072 75 1098 filiium
87 1072 115 1091 di-

8 1097 69 1121 mittar
77 1102 119 1120 pro-

11 1123 36 1146 ῇμ·
48 1120 115 1139 contri-

11 1145 91 1163 cionem.

11 2107 57 2129 dem,
70 2111 112 2130 pro·

11 2134 37 2156 tei·
48 2130 120 2149 confes-

11 2160 13 2165 ·
19 2158 95 2172 sionem.

613 145 769 174 DOMINICA
792 147 856 174 xxi.
879 146 960 174 POST
983 146 1224 175 PENTECOSTEN.
1247 147 1356 175 SERMO
1379 148 1395 175 1.

131 223 156 251 in
180 223 346 251 conscientia
361 236 386 251 n.
411 223 521 252 Semini
544 232 686 262 nequam,
715 224 741 252 in
768 224 840 253 viliis
865 228 891 253 et
913 232 976 261 pec-

131 269 197 298 catis
219 270 355 298 nascendo
383 274 409 299 et
438 270 601 303 crescendo;
630 270 700 307 filiis
727 271 890 305 sceleratis,
919 271 975 300 dia-

131 316 224 345 bolum
248 316 387 345 imitando.
415 317 635 355 Dereliquernnt
659 318 832 351 Dominam,
854 318 888 346 ab
916 319 975 354 ipso

131 370 160 391 se
181 364 345 397 avertend03
368 363 640 400 blasphemaverant
663 365 802 393 Sanctum
820 365 926 398 lsrael,
942 365 975 393 ad

131 409 225 439 illicita
239 418 267 439 se
288 411 482 439 convertendo.
498 411 574 440 Unde
588 415 654 440 tunc
676 412 776 448 aliquis
798 410 976 448 blasphemat

130 460 157 485 et
173 457 311 493 vituperat
323 457 464 486 Sanctum
482 457 583 491 lsrael,
598 458 624 486 id
639 462 681 486 est
696 458 849 491 Christum,
866 458 976 494 quando

130 504 163 532 ad
185 504 244 532 eius
265 504 395 532 iniuriam
417 508 527 540 peccata
548 508 574 533 et
596 504 690 533 illicita
708 508 857 541 perpetrat.

210 551 237 578 ll.
261 551 385 579 Secundo
407 550 434 578 in
458 551 542 579 verbo
564 551 704 587 proposito
723 551 847 588 explicat
868 550 976 579 exhibi-

130 601 190 625 tam
211 597 445 625 misericordiam
468 596 577 625 divinae
598 597 808 633 propitiationis,
830 601 857 626 et
878 598 930 626 hoo
949 597 974 625 in

130 644 212 673 debiti
235 643 448 676 condonatione,
471 651 533 671 cum
550 643 658 671 subdit:
680 652 763 671 omne
784 643 910 672 debitam
932 644 976 673 cli-

131 692 199 720 misi
220 691 278 719 tibi.
302 690 468 727 Propiliatur
492 690 563 718 Deus
577 690 658 718 alicui
682 690 787 718 ratione
809 698 874 718 suae
896 690 976 718 mise-

131 738 265 767 ricordiae
287 741 314 766 et
334 737 446 766 dimittit
466 737 606 766 debitum:
629 737 733 773 primo,
756 741 869 773 propter
897 736 976 765 velie-

130 785 266 813 mentiam
289 785 440 813 dolorosae
468 784 650 812 contritionis
658 795 668 817 ,·
697 784 833 818 secundo,
863 787 976 820 propter

130 832 313 870 diligentiam
331 840 429 868 purae
450 830 656 868 consessionis,-
678 831 775 863 tertio,
798 834 910 867 propter
930 839 976 858 ae-

130 879 345 917 quipollentiam
370 878 531 915 condignae
551 877 774 914 satisfactionis.
791 878 913 906 Primum
936 880 977 905 est

131 926 158 954 in
179 926 294 959 affectu,
316 925 468 954 secundum
497 928 539 953 est
566 925 593 953 in
615 924 716 958 affatu,
745 924 858 953 tertium
887 927 928 953 est
949 924 975 952 in

131 973 238 1002 effectu.

211 1020 299 1048 l'rimo
322 1019 487 1056 propitiatur
503 1019 576 1048 Deus
590 1023 617 1047 et
638 1019 749 1047 dimittit
770 1019 892 1047 debitum
914 1027 977 1055 pro-

133 1070 193 1103 pter
214 1065 417 1094 vehementiam
440 1065 591 1094 dolorosae
612 1066 794 1094 contritionis
812 1066 838 1093 in
861 1065 976 1098 affectu;

130 1113 164 1142 de
186 1114 238 1142 lioc
259 1113 330 1141 enim
353 1116 443 1149 potest
470 1113 554 1150 accipi
584 1113 650 1141 illud
674 1113 770 1141 Psalmi
789 1114 813 1140 ¹:
843 1112 978 1140 Tribala—

131 1161 220 1189 tiones
242 1160 339 1188 coritis
368 1160 424 1188 mei
444 1160 655 1197 multiplicatae
682 1164 767 1194 sant,
797 1160 830 1188 tle
857 1160 977 1188 necessi-

132 1207 239 1236 tatibus
261 1208 331 1235 meis
359 1216 428 1235 eruc
449 1215 500 1235 me.
531 1207 596 1235 Vide
617 1206 809 1235 humilitatem
836 1215 929 1235 meam
953 1210 978 1235 ct

132 1253 258 1282 laborem
289 1262 386 1282 meam
415 1257 440 1281 et
467 1253 577 1282 dimitte
599 1254 740 1281 uniuersa
765 1253 869 1281 delicta
895 1261 976 1286 mea,

132 1302 222 1338 inquit
240 1301 376 1337 Propheta
397 1301 423 1328 in
448 1308 564 1337 persona
578 1300 629 1328 viri
652 1300 771 1329 contriti.
787 1317 826 1320 —
847 1299 978 1328 7111111111-

132 1348 221 1376 tiones
242 1347 340 1376 corais
355 1348 411 1375 mei
425 1347 636 1384 multiplicatae
649 1351 734 1381 sant,
758 1355 806 1384 per
821 1347 976 1375 dolorosam

132 1395 222 1424 cordis
244 1395 435 1424 contritionem
459 1395 611 1423 secundum
641 1398 816 1431 peccatorum
847 1394 977 1422 maiorem

132 1442 174 1471 vel
196 1442 329 1470 minorem
360 1442 558 1478 cognitionem3
588 1442 621 1470 tle
645 1442 863 1470 necessitatibus
890 1441 977 1475 meis,

132 1489 234 1518 scilicet
257 1489 392 1517 bonorum
415 1489 618 1525 spiritualium;
639 1498 708 1517 erue
734 1497 794 1522 me,
818 1497 866 1525 per
888 1489 979 1517 chari-

132 1540 250 1565 smatum
273 1536 429 1564 divinorum
452 1536 626 1564 infusionem.
650 1536 697 1564 Vel
719 1536 813 1564 aliter:
836 1536 869 1564 (le
890 1544 979 1564 neces-

131 1582 268 1611 sitatibus
289 1583 376 1617 mets,
399 1583 502 1611 scilieet
516 1583 686 1611 difficultatis
700 1583 733 1611 ad
749 1583 851 1611 bonum
868 1587 894 1612 et
917 1591 979 1620 pro-

132 1630 224 1658 nitatis
245 1629 279 1658 ad
300 1630 421 1664 malum,
438 1638 506 1666 quas
529 1630 647 1658 incurrit
662 1630 744 1658 homo
761 1630 859 1658 merito
874 1630 979 1667 primae

132 1677 390 1714 praevaricationis;
413 1686 481 1705 erac
501 1686 563 1711 me,
579 1685 628 1714 per
649 1677 805 1706 adiuvantis
819 1678 923 1714 gratiae
939 1678 979 1705 in-

131 1724 277 1753 fusionem.
306 1724 371 1752 Viae
386 1723 578 1753 humilitatem
600 1733 705 1758 meam,
728 1732 776 1761 per
797 1725 853 1753 oris
875 1724 979 1753 confes-

133 1771 235 1800 sionem
258 1779 301 1800 me
322 1771 413 1808 ipsum
435 1771 589 1800 accusando
615 1775 641 1800 et
663 1776 806 1809 peccatum
835 1772 979 1808 proprium

132 1818 316 1855 aggravando,
338 1822 434 1847 contra
448 1819 563 1855 aliquos,
579 1819 625 1856 qui
642 1822 756 1856 propter
778 1819 937 1855 superbiam
952 1819 979 1847 in

133 1865 302 1894 confessione
323 1873 352 1894 se
373 1865 447 1902 ipsos
468 1864 626 1898 iustificam,
648 1865 761 1902 propria
783 1869 894 1902 peccata
915 1866 980 1894 alle—

134 1912 209 1940 viant
229 1916 256 1940 et
277 1912 366 1941 aliena
380 1916 511 1949 gravant;
527 1916 551 1941 ct
567 1912 693 1941 laborem
708 1921 821 1946 meam,
844 1916 979 1949 quantum

132 1958 165 1987 ad
187 1959 278 1995 operis
300 1959 527 1993 satisfactionem;
543 1964 568 1987 et
585 1963 651 1988 tunc
666 1963 693 1988 et
708 1968 761 1988 non
776 1960 856 1988 aliter
871 1960 981 1988 dimitte

133 2005 274 2034 universa
296 2006 399 2034 delicta
420 2015 495 2041 mea,
512 2015 560 2043 per
576 2007 720 2043 benignam
743 2007 979 2035 condonationem.

212 2053 337 2082 Secundo
359 2054 526 2090 propitiatur
542 2054 615 2082 Deus
630 2058 656 2082 et
678 2054 790 2082 dimittit
804 2054 903 2082 delicta
917 2062 981 2090 pro-

133 2104 194 2138 pter
216 2101 398 2138 (liligyentiam
419 2110 515 2137 parae
537 2100 727 2138 confessionis
748 2101 775 2129 in
797 2102 890 2130 allatu.
914 2101 981 2130 Huic

134 2149 261 2177 convenit
282 2149 356 2185 quod
378 2148 443 2177 dicit
466 2149 588 2177 psalmus
604 2149 629 2176 2:
656 2149 795 2177 Delictum
817 2157 913 2177 meam
936 2157 980 2177 eo-

131 2196 246 2233 gnitum
269 2195 321 2224 tibi
333 2195 390 2233 feci
404 2200 429 2224 ct
444 2196 620 2224 iniustitiam
637 2205 730 2224 meanz
752 2205 811 2224 non
833 2195 980 2224 abscondi.

136 2243 220 2271 Dixi.-
246 2242 405 2280 Confitebor
431 2243 588 2271 aduersam
614 2252 658 2271 me
683 2243 860 2271 iniustitiam
885 2252 979 2271 meanz

136 2290 267 2324 Domino,
290 2293 314 2318 et
336 2293 366 2317 [11
388 2290 529 2318 remisisti
543 2290 715 2327 impietatem
731 2290 843 2327 peccati
863 2290 926 2318 mei.
944 2306 980 2310 ——

134 2337 268 2373 Loquitur
290 2337 426 2373 Propheta
446 2337 473 2365 in
497 2345 614 2373 persona
629 2337 784 2365 confitentis
806 2345 856 2365 sua
871 2340 982 2373 peccata

133 2383 205 2418 Deo,
227 2392 291 2412 cum
313 2384 394 2412 dicit:
418 2384 558 2412 Delictum.
573 2393 668 2412 meam
685 2384 832 2421 cognitum
849 2384 900 2412 tibi
914 2384 980 2420 feci,

134 2431 238 2460 scilicet
252 2431 325 2468 quod
347 2435 407 2459 erat
427 2431 583 2465 occuitum,
607 2434 654 2459 tuo
676 2431 793 2464 vicario,
813 2431 916 2459 scilicet
938 2439 980 2459 sa-

133 2478 246 2511 cerdoti,
270 2478 482 2512 manifestando;
505 2482 528 2506 et
544 2478 721 2506 iniustitiam
736 2486 828 2506 meam
846 2486 903 2506 non
919 2478 982 2506 abs-

133 2524 233 2558 condi,
255 2528 367 2561 peccata
388 2533 448 2553 mea
469 2524 651 2558 dimidiando,
675 2525 715 2553 vel
737 2525 898 2553 alleviando.
914 2525 980 2553 Nam

133 2571 170 2599 illi
194 2571 375 2600 abscondunt
396 2572 559 2600 iniustitias
580 2575 607 2600 et
636 2575 745 2608 peccata
766 2580 831 2605 sua,
854 2572 918 2608 qui,
948 2580 981 2600 ne

133 2618 279 2649 videantur
302 2619 421 2647 multum
450 2623 619 2655 peccatores,
646 2619 744 2647 nolunt
770 2619 862 2648 dicere
890 2619 981 2647 omnia

134 2669 244 2701 peccata
266 2673 316 2694 sua
337 2666 384 2693 uni
408 2665 558 2700 sacerdoti,
580 2666 627 2694 sed
649 2666 741 2702 aliqua
756 2666 813 2699 uni,
835 2666 926 2703 aliqua
942 2666 980 2694 al-

1820 151 1876 179 437

1032 225 1100 258 teri;
1123 228 1149 253 et
1170 225 1207 253 ita
1228 233 1277 261 per
1299 225 1520 255 circumstantias
1542 231 1653 264 peccata
1674 228 1817 261 alleviant,
1846 232 1877 257 ut

1032 272 1109 308 quasi
1133 280 1161 300 se
1183 272 1274 308 potius
1296 272 1408 301 laudent
1435 277 1461 301 et
1483 278 1633 307 excusent,
1658 283 1740 311 quam
1771 275 1876 312 vitupe-

1033 322 1095 346 rent
1116 322 1140 347 el
1163 323 1300 347 accusent.
1324 320 1400 356 Quod
1424 321 1575 349 maximum
1605 325 1746 358 peccatum
1772 322 1877 351 deside-

1034 365 1112 393 rabat
1132 373 1147 393 a
1176 373 1204 394 se
1226 366 1361 394 removeri
1391 366 1480 396 honus
1510 368 1609 401 David,
1636 376 1698 397 cum
1728 368 1833 397 dicebat
1850 369 1875 396 ⁵:

1034 411 1096 439 Nou
1119 412 1242 440 declines
1262 421 1312 441 cor
1333 422 1427 441 menni
1452 415 1480 442 in
1503 415 1590 443 verba
1611 415 1741 444 malitiae
1769 416 1809 444 acl
1830 424 1877 444 esc-

1033 459 1183 487 cztsantlas
1211 461 1411 489 excusationes
1432 462 1463 490 in
1488 463 1624 498 peccatis.
1648 463 1678 491 Et
1706 463 1786 499 quia,
1817 463 1878 491 licet

1033 505 1168 534 mediante
1192 507 1343 535 ministerio
1358 508 1507 537 sacerdotis
1522 512 1631 545 peccata
1651 510 1836 543 remittantur,
1851 512 1877 537 et

1033 552 1098 588 quia
1119 553 1195 581 solus
1218 553 1291 582 Deus
1316 557 1371 587 est,
1394 555 1440 591 qui
1471 556 1593 584 effective
1622 560 1711 592 potest
1739 556 1877 585 dimittere

1033 602 1159 634 peccala;
1181 599 1241 628 ideo
1259 601 1402 636 sequitur:
1420 602 1505 630 Diri:
1523 602 1691 638 Confitebor,
1708 604 1732 631 id
1754 607 1807 637 est,
1823 607 1877 632 sta—

1034 645 1098 678 tim,
1121 649 1152 674 ut
1174 648 1304 682 proposui
1328 648 1466 681 confiteri,
1488 650 1593 678 etiamsi
1623 651 1693 679 desit
1721 654 1830 688 tempus
1851 654 1878 680 et

1034 692 1119 725 locus,
1140 697 1172 721 ut
1193 693 1277 721 homo
1292 702 1345 722 non
1362 695 1446 730 possit
1462 703 1608 725 recurrere
1622 697 1653 725 ad
1671 698 1876 732 confessionem,

1033 745 1065 766 eo
1087 738 1158 774 quod
1183 739 1207 766 in
1231 740 1287 767 sola
1308 741 1472 769 contritione
1494 743 1675 771 remittuntur
1698 748 1820 779 peccata,
1836 752 1877 772 se-

1034 784 1155 812 cundum
1178 785 1287 814 beatum
1304 787 1496 823 Augustinum.
1521 789 1547 816 ln
1571 789 1614 817 tali
1631 797 1696 817 casu
1719 794 1759 823 ta,
1785 791 1876 823 Dens,

1033 834 1061 859 et
1082 839 1134 859 non
1158 832 1244 865 alius,
1260 833 1399 861 remisisti
1414 835 1587 871 impietatem
1599 837 1711 872 peccati
1724 837 1787 865 mei.
1804 837 1878 865 Unde

1034 878 1135 911 statim,
1157 886 1219 906 cum
1244 879 1325 907 homo
1347 881 1475 917 proponit
1491 882 1625 915 confiteri,
1647 886 1792 919 antequam
1816 892 1879 912 con-

1034 924 1154 958 fiteatur,
1176 925 1250 954 Deus
1271 926 1382 954 dimittit
1405 932 1522 963 peccata.
1538 928 1613 957 Unde
1628 929 1659 957 ad
1683 930 1878 958 confessionem

1034 971 1170 1000 contritus
1192 980 1244 1000 non
1261 976 1371 1001 tenetur
1386 978 1499 1010 propter
1521 975 1682 1004 deletionem
1706 977 1817 1013 peccati,
1833 977 1878 1005 sed

1034 1021 1141 1046 tantum
1164 1022 1277 1055 propter
1299 1020 1491 1057 obligationem
1515 1023 1661 1059 praecepti.

1113 1066 1205 1093 Tertio
1228 1066 1393 1102 propitiatur
1416 1067 1489 1096 Deus
1504 1072 1531 1096 et
1545 1068 1657 1097 dimittit
1671 1070 1800 1098 delictum
1817 1079 1879 1107 pro-

1035 1115 1096 1149 pter
1118 1113 1368 1150 aequipollentiam
1384 1115 1544 1151 concliqi‘tae
1564 1116 1777 1153 satisfactionis
1794 1118 1819 1145 in
1842 1118 1880 1146 ef—

1034 1159 1123 1193 fectu;
1145 1160 1218 1189 unde
1240 1160 1265 1188 in
1298 1160 1401 1189 Psalmo
1416 1162 1442 1189 4:
1473 1162 1565 1196 Beati,
1594 1172 1718 1201 0110111111
1743 1165 1880 1193 remissae

1034 1211 1104 1235 sunt
1124 1207 1302 1245 iniquitates,
1318 1212 1342 1235 et
1357 1216 1484 1245 quoram
1499 1213 1571 1237 tecta
1585 1214 1653 1238 snut
1666 1215 1793 1247 peccata.
1812 1212 1880 1240 Bea-

1036 1258 1082 1282 tas
1103 1254 1160 1288 vir,
1183 1254 1233 1282 cui
1246 1263 1304 1282 non
1319 1255 1478 1292 imputauit
1501 1256 1642 1284 Dominus
1654 1262 1815 1293 peccatam,
1831 1266 1880 1286 nec

1035 1305 1074 1329 est
1097 1302 1127 1329 in
1146 1301 1256 1338 spirita
1277 1302 1339 1329 eius
1354 1302 1446 1330 (loliis.
1463 1319 1501 1323 —
1517 1303 1609 1337 Beati,
1632 1312 1756 1342 quornm
1781 1305 1880 1332 remis-

1034 1357 1085 1376 sae
1105 1352 1176 1376 sant
1197 1349 1382 1386 iniquitates,
1405 1357 1453 1385 per
1477 1350 1570 1378 veniae
1592 1351 1834 1385 condonationem,
1857 1355 1881 1379 et

1035 1404 1162 1434 quornm
1185 1399 1254 1424 tecta
1277 1399 1346 1424 sunt
1363 1401 1502 1433 peccata,
1518 1405 1567 1434 per
1583 1398 1700 1427 oll'ensae
1722 1398 1881 1427 satisfactio-

1036 1451 1107 1471 nem.
1133 1442 1208 1471 Unde
1230 1442 1363 1471 dicuutur
1385 1447 1495 1480 peccata
1525 1445 1581 1481 teyi
1608 1448 1635 1473 et
1656 1453 1708 1473 non
1731 1453 1880 1482 apparere,

1036 1490 1146 1527 quando
1167 1490 1251 1518 homo
1273 1490 1424 1518 secundum
1458 1491 1588 1520 offensam
1615 1492 1774 1529 condignam
1804 1493 1881 1521 satis-

1035 1537 1180 1566 factionem
1210 1536 1311 1571 reddit,
1341 1538 1421 1574 quia,
1443 1538 1595 1567 secundum
1622 1539 1732 1567 beatum
1755 1540 1881 1576 Augusti—

1036 1593 1119 1616 num,
1147 1592 1229 1612 «non
1257 1584 1436 1613 dimittuntur
1465 1589 1591 1622 peccata,
1620 1587 1669 1615 nisi
1701 1587 1881 1615 restituantur

1036 1631 1126 1660 ablata
1142 1643 1167 1659 ».
1192 1632 1300 1659 Beatus
1321 1632 1377 1666 vir,
1400 1632 1450 1660 cui
1469 1641 1527 1660 non
1555 1633 1710 1670 imputauit
1741 1634 1882 1662 Dominus

1034 1682 1196 1715 peceatum,
1219 1681 1332 1715 propter
1348 1679 1530 1715 poenitentiae
1545 1680 1756 1714 assumtionem;
1778 1690 1828 1709 nec
1842 1685 1883 1709 est

1037 1726 1068 1754 in
1089 1725 1196 1763 spirita
1219 1725 1281 1754 enos
1302 1726 1396 1760 aolus,
1418 1730 1532 1763 propter
1547 1727 1717 1756 innocentiae
1733 1728 1882 1756 restitutio-

1037 1780 1108 1801 nem.
1124 1772 1199 1801 Unde
1221 1773 1405 1810 Augustinus:
1432 1785 1445 1798 «
1461 1774 1628 1802 Poenitentia
1650 1778 1690 1803 est
1705 1783 1749 1803 res
1771 1775 1881 1811 optima.

1037 1827 1108 1856 quae
1129 1828 1224 1848 omnes
1245 1820 1368 1849 defectus
1389 1820 1464 1849 ducit
1486 1821 1517 1849 ad
1542 1822 1692 1858 perfectum
1711 1834 1737 1850 ».

1117 1867 1155 1894 lll.
1179 1867 1270 1895 Tertio
1292 1867 1318 1895 in
1346 1868 1430 1896 verbo
1457 1868 1597 1905 proposito
1623 1869 1733 1897 indicat
1757 1869 1881 1898 debitam

1038 1913 1260 1951 indalyentiam,
1273 1917 1299 1942 et
1311 1914 1361 1943 hoc
1376 1915 1400 1942 in
1417 1916 1611 1952 exemplorum
1627 1916 1805 1950 exhibitione,
1818 1924 1881 1945 cum

1037 1961 1189 1989 subinfert:
1212 1961 1313 1989 Nonne
1334 1970 1402 1999 erqo
1424 1963 1562 1999 oportuit,
1578 1966 1604 1991 et
1625 1967 1648 1991 te
1669 1964 1801 1991 misereri
1821 1972 1883 1991 con-

1037 2008 1116 2036 servi
1137 2008 1190 2042 tai,
1211 2008 1288 2036 sient
1308 2013 1333 2036 ct
1353 2018 1403 2046 eqo
1425 2009 1469 2037 tui
1488 2010 1627 2038 ‘misertas
1647 2010 1734 2038 snm?
1763 2011 1882 2038 Tenetur

1038 2059 1129 2084 autem
1149 2056 1231 2084 homo
1246 2056 1324 2084 alteri
1342 2056 1466 2085 misereri
1482 2057 1643 2093 tripliciter:
1659 2058 1758 2094 primo,
1773 2066 1807 2086 ex
1823 2066 1883 2086 con—

1038 2102 1202 2131 sideratione
1223 2103 1350 2140 sztscepti
1372 2103 1516 2140 beneficiis
1538 2105 1674 2138 secundo,
1697 2113 1732 2133 ex
1761 2105 1883 2134 conside-

1038 2149 1144 2178 ratione
1166 2150 1261 2178 clioini
1281 2151 1420 2188 exempl&
1442 2151 1532 2185 tertio,
1547 2160 1582 2180 ex
1599 2152 1815 2180 consideratione
1837 2161 1883 2180 ae-

1039 2196 1114 2224 terni
1134 2197 1280 2234 supplicii.

1119 2244 1208 2272 Primo
1230 2248 1340 2273 tenetur
1362 2245 1477 2282 quilibet
1500 2246 1624 2275 misereri
1646 2247 1723 2275 alteri
1746 2250 1772 2275 et
1794 2246 1883 2274 dimit-

1039 2294 1097 2319 tere
1119 2290 1249 2319 offensam
1273 2292 1378 2320 ratione
1405 2293 1532 2329 suseepti
1560 2293 1703 2329 benefici&
1724 2296 1750 2321 et
1771 2293 1804 2321 de
1832 2294 1883 2322 hoc

1039 2337 1140 2365 dicitur
1162 2337 1188 2365 in
1205 2337 1338 2367 hodierno
1354 2339 1499 2376 Evangelio
1511 2340 1536 2367 ⁵:
1554 2340 1638 2368 Serve
1652 2349 1787 2378 nequam,
1803 2348 1884 2368 omne

1039 2383 1163 2411 debitam
1187 2384 1288 2412 dimisi
1308 2385 1375 2419 tibi,
1398 2387 1538 2424 qnoniam
1567 2387 1680 2424 rogasti
1703 2396 1754 2415 me.
1786 2386 1884 2415 Nonne.

1038 2439 1106 2467 eryo
1129 2431 1267 2467 oportuit,
1289 2436 1313 2460 el
1335 2437 1359 2460 te
1381 2434 1515 2462 misereri
1535 2435 1667 2462 conservi
1687 2435 1739 2468 tui,
1761 2434 1836 2462 sicut
1861 2437 1884 2461 et

1039 2486 1089 2515 egyo
1113 2478 1157 2505 tni
1182 2478 1320 2507 misertas
1348 2480 1439 2507 snm?
1472 2481 1506 2508 Et
1534 2481 1632 2509 iratae
1660 2481 1796 2509 dominus
1824 2481 1886 2509 eins

1040 2525 1164 2553 tradidit
1186 2534 1250 2553 enm
1267 2527 1440 2561 tortoribus,
1462 2528 1651 2566 quoadusque
1666 2528 1794 2556 redderet
1820 2528 1885 2555 vuni—

1039 2582 1156 2601 versum
1178 2573 1313 2601 debitam.
1330 2574 1398 2610 Quia
1414 2574 1573 2603 detestabile
1595 2579 1636 2604 est
1650 2575 1728 2603 alteri
1751 2575 1884 2611 denegare

1040 2620 1190 2648 crudeliter
1211 2620 1390 2655 beneficium,
1412 2622 1486 2658 quod
1509 2622 1558 2650 sibi
1589 2622 1758 2659 recognoscit
1780 2622 1885 2650 miseri-

1039 2666 1159 2694 corditer
1182 2666 1356 2701 exhibitum;
1379 2672 1492 2705 propter
1515 2669 1565 2697 hoc
1588 2668 1700 2705 dignum
1729 2671 1756 2696 et
1782 2668 1884 2696 iustum

196 2829 203 2842 ¹
223 2831 303 2853 psalm.
321 2831 358 2859 24,
377 2832 414 2853 ⁴7.
431 2838 478 2860 seq.
780 2831 789 2844 ²
808 2833 889 2855 Psalm.
907 2834 944 2860 31,
962 2834 984 2857 5.

197 2868 206 2881 ³
225 2870 307 2892 l‘salm.
326 2870 378 2898 llo,
398 2871 418 2892 sb.
436 2883 466 2887 ——
484 2871 559 2893 Verba
583 2872 640 2894 infra
658 2872 786 2900 Augustino
810 2873 907 2901 ascripta
934 2877 987 2895 sunt

134 2909 211 2936 potius
228 2910 335 2937 Gratiani,
353 2910 376 2933 C.
395 2910 423 2933 Si
439 2910 478 2933 cui
493 2910 563 2933 eliam
582 2912 646 2936 (30.1,
665 2911 694 2933 de
707 2912 853 2939 l'oenllentia.
865 2912 888 2934 d.
910 2914 928 2935 l.
940 2912 985 2935 Ct'r.

137 2949 229 2976 Bonan
247 2952 303 2971 tom.
321 2949 357 2972 lV.
375 2956 430 2977 pag.
448 2950 500 2977 4⁴23,
518 2953 570 2972 nota
590 2951 597 2972 l
610 2951 625 2972 l.

1103 2833 1113 2845 4
1131 2835 1213 2856 l’salm.
1231 2835 1267 2859 31,
1291 2836 1307 2856 Ι.
1325 2841 1374 2863 seq.
1390 2847 1421 2851 -—
1438 2836 1565 2863 Sequentes
1582 2835 1623 2856 loci
1642 2834 1760 2861 Augustini
1774 2832 1885 2855 habentui·

1041 2874 1110 2901 Epist.
1127 2874 1175 2896 153.
1190 2874 1254 2901 (alias
1271 2874 1319 2903 54.)
1336 2875 1365 2897 ad
1384 2875 1500 2897 Macedon.
1513 2881 1532 2896 c.
1545 2875 1565 2896 6.
1580 2881 1600 2896 11.
1614 2875 1650 2896 20.
1663 2877 1682 2895 ct
1698 2874 1728 2895 lll.
1741 2874 1885 2901 Hypognosl.

1041 2912 1108 2940 (iuter
1125 2919 1194 2940 opera
1213 2914 1320 2942 August.)
1338 2920 1358 2936 c.
1375 2914 1397 2935 9.
1415 2920 1436 2936 n.
1455 2914 1492 2935 17,

1103 2950 1112 2963 ⁵
1130 2952 1205 2974 ltlaltli.
1229 2953 1261 2980 ts,
1280 2953 1316 2974 32.
1334 2959 1400 2982 seqq.

1901 1077 1953 1100 Item,
1967 1083 2008 1102 pro-

1894 1103 1935 1128 pter
1943 1102 2016 1120 satisfa-

1910 1127 1990 1144 ctionem
1995 1139 1998 1144 .

1896 1876 1941 1894 Pars
1951 1875 1980 1894 111.
1993 1875 2028 1893 De-

1895 1899 1954 1917 bitum
1967 1899 2027 1917 indul-

1921 1923 2000 1946 gentina.

1900 2063 2012 2083 Subdivlsio.

1899 2253 1978 2277 Propter
1991 2257 2021 2270 su-

1902 2277 2016 2300 seeptionim

1910 2300 2009 2319 beneficio-

1930 2329 1978 2342 rum.
