2243 3348
226 954 302 977 Signum
314 954 332 972 -2,

225 1512 301 1536 Signum
315 1513 331 1530 3.

225 1933 301 1957 Signum
314 1933 331 1951 lu.

352 175 407 203 560

351 260 460 281 omnem
482 256 625 288 torporem
647 249 813 287 (excussu),
835 249 906 277 sicut
931 247 1069 284 colligitur
1097 254 1132 274 ex
1154 246 1193 274 eis

351 307 421 336 quae
442 302 502 327 acta
522 301 587 326 sunt
607 298 642 325 ab
663 297 721 333 ipsa
742 296 768 323 in
791 295 847 323 vita
874 294 974 322 Christi
1000 296 1027 322 et
1049 293 1075 321 in
1104 295 1193 320 morte

351 349 377 374 et
399 347 459 381 post
480 347 612 377 mortem3
634 343 714 378 quia,
745 341 854 369 Christo
880 340 1001 374 vivente,
1029 338 1193 367 ascendebat

351 399 413 419 cum
435 398 467 419 eo
489 390 514 418 in
529 389 674 417 Galilaeam
695 390 721 416 et
736 386 908 415 ministrabat
923 386 946 414 ei
962 385 995 413 de
1016 384 1192 413 facultatibus

351 437 423 470 suis,
445 437 471 464 in
495 439 582 464 morte
603 434 771 471 sequebatur
792 433 898 469 ipsum,
921 434 982 468 post
1006 434 1122 459 mortem
1147 438 1192 459 ve-

350 483 390 512 nit
411 483 443 511 ad
466 484 683 510 monumentum.
707 479 782 508 Unde
804 478 930 507 convenit
962 478 1011 506 sibi
1031 477 1102 506 illud
1124 477 1192 505 Can-

350 529 466 557 ticorum
484 529 509 555 ¹:
533 528 565 555 lu
587 526 686 554 lectulo
701 534 761 554 meo
775 534 827 562 per
843 528 936 553 noctes
956 524 1089 562 quaesivi
1108 531 1192 561 quem

350 575 443 611 (liliyt't
464 574 566 602 anima
588 581 652 601 mea
673 576 699 600 et
718 580 775 600 uon
804 571 907 600 inveni.
931 571 1060 607 Suryam
1082 574 1107 598 et
1135 570 1192 598 cir-

350 621 432 650 cuibo
454 620 608 652 civitatem,
625 627 678 655 per
692 618 771 646 vicos
785 622 810 646 et
822 617 935 654 plateas
950 625 1093 655 quaeram
1108 624 1190 654 quem

349 667 444 704 diligit
465 666 568 694 anima
589 674 662 693 mea.
678 664 728 693 Sed
745 664 827 692 homo
842 664 925 692 miser
940 663 1041 691 dormit
1064 663 1090 691 in
1107 663 1191 697 lecto;

349 713 461 742 deberet
482 720 596 748 surgere
622 719 685 740 cum
714 711 798 739 Maria
823 714 849 739 et
877 717 1011 747 quaerere
1039 709 1191 738 Christum.

349 760 496 796 Sequitur:
530 758 692 787 Paululum
723 766 788 786 cum
821 756 1064 794 pertransissem,
1096 756 1194 784 inverti

349 814 432 844 quem
453 805 548 842 cliliyz't
563 806 665 833 amma
681 813 753 833 mea.
770 805 822 833 {sta
843 804 899 832 ibat
920 803 1000 831 modo
1021 803 1053 831 ad
1071 803 1191 837 Petrum,

349 853 429 881 modo
450 852 483 881 ad
506 853 641 885 loannem,
667 851 746 880 modo
768 851 859 884 flebat,
882 850 961 878 modo
982 850 1088 883 orabat,
1110 849 1192 878 modo

350 899 405 928 ibat
420 899 452 927 ad
468 899 626 936 sepulcrum
642 902 668 927 et
683 901 743 935 post
759 898 902 934 paululum
919 897 1022 925 invenit
1041 896 1191 925 Christum.

350 963 388 966 —
409 945 533 974 Secundo
555 946 685 973 timorem
706 943 791 981 foras
816 944 896 972 misit
904 954 914 976 ;
936 951 989 971 non
1011 942 1082 971 enim
1105 942 1193 971 credi-

350 992 388 1021 dit
410 992 511 1020 habere
540 994 751 1023 nocumentum,
775 990 840 1018 dum
873 989 1009 1018 inveniret
1034 989 1191 1023 Christum3

349 1039 422 1068 unde
450 1038 514 1067 dicit
528 1039 554 1067 2:
579 1038 714 1070 Domine,
735 1037 763 1065 si
780 1041 810 1065 tu
831 1036 980 1064 sustulisti
999 1045 1081 1069 eum,
1104 1036 1192 1064 dicito

349 1085 431 1119 milii,
454 1085 505 1113 ubi
523 1085 649 1122 posuisti
668 1092 750 1117 eum,
773 1087 796 1111 el
818 1092 867 1120 690
882 1091 947 1111 eum
970 1083 1076 1111 tollam.
1097 1083 1192 1119 loseph

349 1132 426 1160 miles
446 1132 498 1160 fuit
526 1134 553 1160 et
584 1131 724 1159 familiaris
756 1131 854 1164 Pilat0;
878 1133 967 1158 tamen
997 1130 1055 1158 sine
1084 1129 1193 1158 licentia

349 1178 408 1207 eius
439 1186 491 1206 non
520 1177 638 1206 audebat
667 1178 762 1206 tollere
790 1184 892 1213 corpus
919 1176 1037 1210 Christi;
1066 1177 1113 1205 sed
1142 1177 1193 1205 ista

349 1234 402 1254 non
424 1225 572 1261 postulavit
594 1224 730 1257 tenebras,
746 1224 829 1252 immo
850 1226 975 1260 patenter
991 1231 1083 1252 coram
1105 1223 1192 1252 omni-

348 1272 401 1301 bus
423 1272 508 1300 voluit
530 1275 640 1308 portare
662 1279 763 1307 corpus
791 1271 891 1299 Christi
920 1273 945 1298 et
969 1270 1009 1298 ire
1039 1270 1073 1298 ad
1095 1278 1192 1299 monu-

348 1323 489 1352 mentum;
511 1319 669 1355 Apostolus:
695 1317 829 1355 Perfecta
858 1317 971 1346 caritas
991 1316 1077 1354 foras
1105 1317 1193 1346 mittit

349 1367 488 1395 timorem.
511 1365 561 1394 Sed
582 1365 667 1402 aliqui
689 1365 739 1392 viri
762 1368 869 1393 tantum
899 1364 995 1393 timent
1020 1364 1082 1401 pelli
1111 1372 1192 1399 suae,

348 1414 421 1451 quod
444 1421 495 1441 non
518 1412 619 1441 audent
639 1411 748 1448 aggredi
773 1412 975 1448 poenitentiam.

427 1460 527 1493 Tertio,
543 1460 593 1487 ista
605 1459 716 1496 pudori
729 1467 786 1486 ‘non
802 1459 884 1487 cessit
892 1469 902 1492 ;
917 1458 991 1487 unde
1006 1459 1033 1487 in
1050 1459 1193 1495 Evangelio

349 1507 481 1539 dicitur³,
496 1506 568 1542 quod
590 1505 753 1534 muliercula
774 1513 859 1542 super
881 1505 1056 1534 convivantes
1071 1505 1194 1542 ingressa

348 1562 398 1591 pro
413 1553 524 1582 ferculis
540 1552 674 1588 lacrymas
688 1552 759 1580 fudit
773 1555 800 1580 et
814 1552 937 1580 confessa
952 1555 1094 1588 peccatum
1110 1560 1191 1581 snum

347 1607 400 1627 non
423 1599 543 1627 erubuit.
565 1598 730 1635 Gregorius:
757 1610 770 1623 <t
787 1598 901 1632 Discite,
923 1607 979 1635 quo
1000 1599 1094 1627 dolore
1115 1599 1193 1627 ardet

347 1654 418 1683 quae
432 1646 498 1674 ssere
514 1648 541 1674 et
555 1645 626 1674 inter
638 1645 734 1681 epulas
748 1653 802 1673 non
817 1645 993 1674 erubescit».
1006 1646 1122 1681 Quidam
1138 1654 1192 1674 non

347 1692 435 1721 solum
457 1692 626 1720 erubescunt
646 1691 780 1724 confiteri,
802 1691 886 1719 immo
907 1692 1076 1720 erubescunt
1102 1692 1192 1720 vocari

347 1739 410 1768 boni
426 1739 558 1767 homines.
573 1738 652 1767 Certe
667 1738 799 1767 deberent
815 1738 949 1772 laborare,
964 1741 996 1767 ut
1011 1739 1078 1767 tales
1093 1741 1192 1772 essent,

347 1786 442 1823 quales
456 1789 604 1822 apparent;
627 1785 672 1814 sed
696 1785 748 1814 ista
769 1786 869 1814 mulier
884 1785 956 1814 sicut
969 1786 1065 1814 insana
1086 1785 1192 1814 discur-

347 1833 440 1867 rebat3
462 1833 535 1861 unde
562 1833 653 1861 dicere
683 1832 772 1869 potuit
800 1832 866 1861 illud
894 1832 1086 1861 Canticorum:
1114 1832 1192 1861 Νιωη

348 1887 429 1916 quem
452 1878 546 1915 (aliqu
574 1879 677 1907 anima
698 1887 762 1907 mea
785 1878 918 1907 vidistis?
941 1879 971 1906 Et
993 1879 1056 1907 licet
1077 1887 1129 1907 non
1152 1879 1192 1907 di-

349 1929 423 1954 ceret
443 1929 589 1959 oretenus,
610 1925 682 1953 dixit
703 1928 794 1953 tamen
817 1925 989 1954 cordetenus.
1012 1942 1050 1946 ——
1071 1926 1191 1962 Quarto,

348 1976 557 2001 consummatur
578 1980 664 2006 amor,
681 1972 790 2009 quando
812 1972 894 2000 homo
909 1972 1036 2000 (lotorem
1056 1981 1113 2001 uon
1129 1981 1192 2000 sen-

348 2019 388 2048 tit.
411 2019 572 2053 Videamus,
594 2019 615 2047 si
638 2019 689 2047 hoc
711 2019 808 2047 habuit
828 2019 888 2047 ista.
914 2019 1006 2047 Doluit
1027 2019 1098 2048 enim
1120 2019 1192 2048 mul-

347 2069 406 2095 tum
437 2066 471 2095 de
500 2069 590 2094 morte
624 2065 744 2094 Lazari4
776 2068 802 2094 et
834 2065 944 2094 sedebat
978 2073 1062 2102 super
1098 2066 1192 2094 sellam

347 2122 441 2148 suam3
463 2113 624 2142 adveniente
652 2112 777 2146 Christo,
809 2112 880 2141 dixit
908 2113 1030 2141 Martha:
1052 2112 1192 2150 Magister

347 2160 437 2193 adest,
459 2163 483 2188 et
504 2164 587 2188 vocat
608 2163 639 2187 te.
663 2160 693 2188 Et
709 2162 775 2188 tunc
796 2159 917 2188 dolorem
933 2159 967 2188 de
987 2162 1077 2188 morte
1098 2159 1192 2188 fratris

347 2214 404 2235 non·
423 2207 516 2241 sensit,
538 2207 623 2235 immo
644 2207 677 2235 de
698 2206 821 2235 absentia
842 2206 943 2235 Christi
965 2210 1116 2243 conquesta
1130 2206 1191 2240 fuit,

347 2256 373 2282 et
394 2253 479 2282 dixit:
502 2253 625 2287 Domine,
646 2253 673 2281 si
692 2253 801 2290 fuisses
822 2252 877 2287 liic,
893 2262 950 2281 nou
971 2258 1041 2282 esset
1056 2257 1192 2282 mortuus

346 2299 442 2337 frater
462 2309 553 2334 meus,
575 2301 653 2337 quasi
669 2300 755 2329 dicat:
778 2300 866 2329 habeo
883 2300 1005 2329 dolorem
1021 2300 1054 2329 de
1069 2301 1192 2329 absentia

347 2350 410 2381 tua;
432 2347 576 2384 Apostolus
603 2347 637 2375 ad
659 2347 793 2376 Romanos
807 2347 818 2364 ⁵
839 2347 920 2381 dicit,
948 2347 1117 2376 enumeratis
1145 2355 1191 2376 va-

349 2394 396 2422 riis
417 2394 658 2422 tribulationibus:
693 2394 829 2431 Propter,
859 2399 899 2428 te,
929 2394 1033 2431 inquit,
1064 2394 1190 2428 Domine,

349 2440 564 2477 mortificamur
586 2444 645 2469 tota
659 2441 722 2474 dte,-
742 2441 792 2469 secl
807 2442 838 2470 iu
859 2440 904 2470 liis
919 2441 1053 2470 omuibus
1067 2450 1190 2478 supera-

412 2646 419 2658 ¹
438 2646 493 2675 Cap.
510 2648 531 2674 3,
550 2648 570 2669 i.
588 2654 636 2676 seq.
653 2651 675 2670 ct
691 2648 743 2671 dein
761 2655 783 2671 v.
802 2649 822 2671 li.

412 2684 420 2697 ²
439 2686 499 2707 loun.
517 2687 553 2713 20,
576 2687 613 2713 ¹53
631 2687 687 2708 infra
706 2688 808 2716 sequitur
827 2688 840 2710 1.
859 2689 918 2710 ioan.
937 2689 958 2715 4,
980 2689 1014 2710 18.

412 2724 421 2736 ³
438 2725 566 2752 Respicitur
584 2726 636 2747 Luc.
655 2726 676 2754 7,
695 2726 732 2748 37.
750 2733 814 2755 seqq.
832 2739 862 2743 ·—
874 2728 982 2756 Sequitur
994 2728 1098 2756 Gregor.,
1115 2729 1138 2750 11.
1150 2728 1192 2750 Ho-

350 2763 396 2785 mil.
415 2763 435 2785 in
453 2764 540 2791 Evang.
559 2764 637 2786 homil.
654 2764 691 2786 33.
709 2771 730 2786 n.
751 2766 770 2786 i.
789 2768 810 2787 ct
827 2765 891 2788 Cant.
908 2766 930 2793 8,
948 2767 969 2789 3.

412 2802 421 2814 ⁴
438 2802 566 2830 Respicitur
584 2803 643 2825 loun.
666 2804 703 2830 11,
721 2804 757 2825 35.
776 2804 812 2826 38,
830 2807 852 2827 et
868 2805 920 2827 dein
938 2812 962 2827 V.
982 2806 1019 2827 28.
1037 2808 1058 2828 et
1075 2806 1112 2828 32.

412 2840 421 2853 ⁵
438 2841 493 2869 Cap.
511 2842 536 2868 8,
555 2842 591 2863 36.
609 2848 657 2870 seq.
674 2855 705 2858 —
722 2843 775 2865 Pars
792 2843 828 2865 lV.
846 2844 959 2866 sermonis
976 2845 1047 2867 deest.

413 2878 422 2891 ὅ
438 2880 467 2902 Ex
485 2880 535 2902 cod.
554 2881 681 2903 Florentino
698 2882 716 2903 U
733 2882 768 2903 sol.
781 2882 810 2903 60
824 2889 846 2904 v.
859 2883 929 2904 Etiam
942 2884 1067 2905 sententiae
1078 2884 1192 2906 sermonis

351 2921 373 2940 et
389 2919 512 2945 praecipue
530 2919 640 2946 expositio
657 2920 760 2942 locorum
785 2921 917 2948 Scripturae
937 2925 1054 2944 auctorem
1078 2922 1192 2945 insinuant

351 2957 373 2978 S.
391 2957 581 2979 Bonaventurarn.
1060 2959 1068 2972 ⁷
1086 2962 1152 2984 Vers.
1170 2963 1191 2984 2.

1018 168 1190 198 SERMONES
1212 169 1254 197 DE
1276 168 1416 197 SANCTls.

1249 253 1316 273 mus
1335 248 1455 281 propter
1476 253 1552 278 eum,
1574 244 1626 282 qui
1639 244 1739 272 ditescit
1752 252 1822 277 uos;
1843 244 1985 273 deridetur
1999 248 2026 273 et
2041 253 2093 273 non

1249 291 1376 324 advertit,
1398 291 1555 327 percutitur
1576 294 1603 319 et
1624 299 1677 319 non
1704 291 1794 319 sentit.
1816 291 1841 319 Si
1864 291 1948 328 igitur
1970 291 2036 320 istos
2057 292 2096 320 es-

1248 337 1337 365 sectus
1360 336 1442 365 habet
1464 337 1490 365 in
1514 337 1595 365 terris
1617 337 1731 371 caritas3
1754 337 1820 374 quid
1841 345 1907 374 ergo
1928 338 1981 366 erit
2002 337 2029 366 in
2051 346 2095 375 pa-

1250 382 1324 410 tria?
1346 382 1383 410 Ad
1404 390 1488 419 quam
1510 390 1560 411 nos
1581 383 1714 419 perducat
1736 386 1786 412 etc.

1583 477 1675 505 Suasio
1697 476 1727 504 111
1741 476 1761 504 ⁶.

1328 568 1428 597 Maria
1455 572 1535 602 erat,
1557 578 1632 607 (suae
1659 569 1746 598 unxit
1770 570 1926 598 Dominum
1947 574 2094 608 unguento

1249 618 1273 643 et
1298 615 1416 643 extersit
1441 616 1526 652 pedes
1554 616 1617 644 eius
1638 616 1753 653 capillis
1774 617 1854 651 suis,
1884 617 1970 645 cuius
1997 616 2094 655 frater

1251 661 1390 690 Lazarus
1412 662 1635 698 infirmabatur,
1658 664 1765 692 Ioannis
1786 664 1932 692 undecimo
1947 664 1966 692 ⁷.

1330 708 1356 737 ln
1379 708 1422 737 his
1444 708 1536 737 verbis
1557 709 1766 738 commendatur
1791 710 1876 738 Maria
1896 710 2053 747 Magdalene
2080 718 2096 739 a

1250 755 1355 784 tribus:
1378 758 1405 784 et
1426 756 1524 792 primo,
1540 764 1555 784 a
1569 756 1748 792 plenitudiue
1762 756 1930 790 devotionis,
1945 765 2017 794 quae
2031 765 2095 786 con-

1250 802 1320 830 sistit
1342 802 1368 830 in
1391 802 1542 831 redolentia
1562 806 1786 839 unguentorum,
1815 803 1868 832 ibi:
1890 803 1991 832 Maria
2014 808 2095 841 erat,

1250 857 1324 886 quae
1345 849 1431 877 unxit
1454 850 1609 878 Dominum
1631 854 1787 887 unguento.
1810 850 1945 885 Secundo,
1960 850 1995 879 ab
2016 859 2097 879 ama-

1250 896 1379 924 ritudine
1390 897 1630 933 compunctioniS,
1642 904 1713 933 quae
1725 897 1849 926 consistit
1862 897 1888 925 in
1899 897 2075 934 profluxione
2086 898 2097 914 ⁸

1250 943 1445 979 lacrymarum,
1468 943 1520 972 ibi:
1536 947 1561 972 et
1581 944 1700 972 extersit
1715 944 1800 981 pectes
1815 944 1877 973 cius
1891 944 2007 981 capitiis
2024 945 2095 973 suis.

1249 989 1351 1023 Tertio,
1372 997 1387 1017 a
1406 988 1582 1027 perfectione
1603 990 1731 1024 virtutis,
1754 998 1825 1027 quae
1840 990 1964 1019 consistit
1984 990 2012 1019 in
2033 999 2097 1028 ope-

1251 1035 1356 1064 ratione
1371 1036 1579 1070 miraculorum,
1601 1037 1654 1065 ibi:
1677 1037 1763 1065 cuius
1777 1036 1873 1074 frater
1893 1038 2032 1066 Lazarus
2053 1037 2097 1066 in-

1249 1081 1438 1118 firmabatur.
1460 1083 1526 1111 Nam
1549 1083 1683 1112 Dominus
1703 1083 1736 1112 ad
1759 1091 1854 1120 preces
1875 1084 1935 1112 eius
1963 1084 2095 1113 Lazarum

1250 1128 1363 1157 fratrem
1380 1129 1440 1158 eius
1454 1129 1606 1163 suscitavit,
1619 1132 1650 1158 ut
1664 1129 1783 1158 habetur
1800 1129 1905 1158 {oannis
1920 1129 2064 1158 undecimo
2076 1129 2096 1164 ⁹,

1250 1179 1276 1203 et
1298 1175 1369 1204 sicut
1383 1175 1484 1204 dicitur
1501 1176 1527 1204 in
1543 1176 1676 1204 hodierna
1690 1176 1822 1205 oratione.
1838 1193 1876 1197 ——
1891 1177 1916 1205 Si
1932 1184 1998 1214 ergo
2012 1184 2097 1213 quae—

1250 1225 1338 1256 ratur,
1361 1229 1412 1250 cur
1434 1222 1567 1251 Dominus
1589 1223 1659 1251 hanc
1687 1223 1867 1260 peccatricem
1889 1223 1968 1252 nobis
1995 1231 2095 1260 propo·
2109 1231 2230 1257 Domuum«

1250 1268 1338 1297 suerit
1373 1269 1548 1303 imitabilem;
1580 1269 1743 1304 dicendum,
1776 1270 1850 1307 quod
1878 1273 1991 1307 propter
2025 1270 2094 1299 tria:

1250 1317 1277 1344 et
1298 1315 1404 1352 primo,
1426 1316 1459 1344 ad
1480 1316 1644 1345 eliciendam
1665 1320 1799 1345 nostram
1820 1317 1999 1354 superbiam.
2029 1317 2094 1346 Nam

1251 1362 1362 1399 quidam
1392 1363 1510 1392 inaniter
1538 1363 1572 1392 de
1604 1363 1710 1393 meritis
1741 1364 1798 1393 suis
1829 1364 1996 1401 superbiunt
2026 1364 2097 1393 sicut

1252 1410 1415 1439 Pharisaeus
1442 1410 1503 1443 ille,
1526 1411 1615 1439 Lucae
1639 1411 1746 1440 decimo
1768 1414 1864 1440 octavo
1880 1411 1919 1440 ¹⁰:
1941 1410 2006 1440 Nou
2030 1420 2097 1440 sum

1250 1457 1328 1485 sicut
1348 1457 1435 1485 ceteri
1454 1456 1602 1491 ltomines,·
1623 1460 1651 1486 et
1671 1457 1731 1487 ideo
1753 1461 1849 1487 contra
1873 1458 1942 1487 tales
1963 1458 2097 1487 Dominus

1251 1507 1409 1540 peccatores
1436 1504 1463 1532 in
1496 1504 1656 1541 exemplum
1692 1505 1768 1541 ponit
1802 1505 2001 1541 poenitentiae,
2033 1505 2098 1542 quia

1250 1551 1347 1579 melior
1368 1554 1410 1579 est
1431 1554 1558 1588 peccator
1580 1552 1722 1588 poenitens
1743 1560 1825 1588 quam
1848 1559 1984 1589 apparens
2008 1551 2098 1581 iustus

1251 1598 1405 1634 superbus;
1427 1598 1554 1627 Matthaei
1578 1598 1710 1635 vigesimo
1725 1598 1829 1635 primo:
1854 1599 1955 1632 Amen,
1970 1599 2035 1627 dico
2048 1607 2096 1627 vo-

1251 1645 1303 1678 bis,
1326 1645 1397 1682 quia
1415 1645 1570 1682 publicani
1590 1649 1616 1673 et
1632 1645 1796 1674 meretrices
1815 1646 1988 1683 praecedent
2002 1654 2052 1674 vos
2066 1646 2097 1674 in

1250 1700 1374 1729 reynum
1405 1692 1463 1720 Dei.
1495 1692 1525 1720 Et
1553 1692 1613 1721 ideo
1641 1693 1805 1721 Pharisaeus
1833 1692 2041 1727 condemnatur,
2070 1696 2097 1721 et

1250 1739 1415 1775 publicanus
1436 1739 1619 1774 iustificatum
1648 1740 1736 1768 Lucae
1764 1739 1870 1768 decimo
1897 1742 2009 1768 octavo:
2033 1739 2096 1768 Duo

1250 1784 1378 1814 homiues
1400 1786 1596 1814 ascenderunt
1616 1786 1647 1814 in
1669 1786 1806 1823 templum
1821 1790 1872 1815 etc.
1895 1803 1934 1807 —
1961 1786 2097 1821 Secundo,

1249 1832 1283 1860 ad
1305 1833 1508 1861 removendam
1536 1837 1671 1861 nostram
1699 1833 1899 1871 diffidentiam.
1929 1834 1996 1870 Quis
2023 1834 2096 1862 enim

1249 1879 1303 1907 iam
1324 1879 1357 1908 de
1380 1879 1497 1916 peccatis
1517 1880 1622 1908 diffidat
1644 1880 1751 1909 veniam
1766 1880 1907 1914 obtinere,
1929 1880 2039 1918 quando
2053 1888 2096 1909 re-

1249 1926 1349 1963 cogitat
1370 1926 1555 1963 Magdalenam
1578 1926 1611 1955 ad
1633 1927 1741 1955 veniam
1764 1930 1935 1964 susceptam,
1957 1927 2037 1956 iuxta
2065 1928 2096 1957 il-

1249 1973 1296 2001 lud
1319 1973 1448 2001 Ieremiae
1470 1973 1550 2001 tertio
1566 1974 1604 2000 ¹¹:
1627 1973 1670 2001 Tu
1691 1972 1842 2010 fornicata
1856 1982 1885 2002 es
1906 1982 1973 2003 cum
1988 1977 2096 2003 amato·

1249 2019 1333 2047 ribus
1346 2019 1456 2053 multis,
1473 2023 1569 2048 tamea
1583 2023 1724 2048 revertere
1738 2020 1778 2049 ad
1791 2028 1846 2054 me,
1861 2020 1932 2049 dicit
1945 2020 2096 2054 Dominus,

1249 2070 1273 2095 et
1288 2075 1337 2104 eqo
1351 2066 1514 2103 suscipiam
1536 2066 1581 2095 te?
1603 2067 1664 2096 Ideo
1684 2067 1750 2096 dicit
1768 2067 1918 2105 Gregorius
1938 2068 1972 2097 de
1993 2068 2094 2097 David:

1254 2125 1267 2138 «
1282 2113 1336 2142 lam
1358 2113 1444 2142 David
1465 2113 1593 2148 cadente,
1616 2122 1696 2143 nemo
1717 2110 1875 2151 superbiat;
1897 2117 1924 2144 et
1944 2115 2030 2144 David
2051 2123 2095 2144 re—

1249 2163 1389 2197 surgente,
1410 2169 1491 2189 nemo
1505 2161 1633 2198 desperet
1647 2172 1674 2195 »3
1696 2164 1724 2190 et
1744 2161 1845 2190 Paulus
1866 2161 1899 2191 de
1910 2170 1939 2191 se
1959 2162 2025 2191 dicit
2038 2163 2095 2200 pri-

1248 2215 1309 2236 mae
1330 2207 1364 2236 ad
1385 2207 1559 2236 Timotheum
1588 2207 1701 2244 primo:
1725 2208 1784 2244 Qui
1802 2208 1890 2245 prius
1911 2208 2095 2246 blasphemus

1248 2252 1297 2291 fui
1316 2258 1342 2282 et
1359 2257 1528 2290 persecutor
1549 2257 1573 2282 et
1595 2254 1828 2288 contumeliosus,
1860 2255 1909 2284 sed
1930 2255 2095 2284 misericor-

1248 2301 1330 2329 diam
1354 2301 1406 2329 Dei
1425 2304 1595 2329 consecutus
1612 2310 1688 2329 sum.
1711 2318 1748 2322 —
1769 2302 1871 2336 Tertio,
1892 2302 1926 2331 ad
1951 2303 2094 2331 excutien-

1249 2347 1318 2376 dam
1339 2350 1472 2376 nostram
1494 2348 1639 2377 desidiam
1661 2348 1718 2377 sive
1739 2349 1940 2386 negligentiam.
1972 2349 1998 2378 Si
2020 2349 2094 2378 enim

1249 2394 1405 2431 Magdalena
1420 2395 1562 2431 peccatrix
1576 2402 1627 2424 sua
1641 2395 1824 2424 sollicitudine
1842 2396 1959 2424 salutem
1981 2396 2093 2430 invenit,

1249 2441 1312 2478 quis
1333 2441 1385 2469 iam
1407 2441 1546 2479 negligere
1567 2441 1648 2470 debet
1669 2450 1746 2471 suam
1769 2443 1908 2471 salutem?
1929 2443 2009 2471 iuxta
2027 2443 2093 2472 illud

1311 2649 1320 2662 ⁸
1337 2650 1463 2679 Proslzccio
1481 2657 1523 2678 pro
1537 2650 1687 2679 profluvium
1704 2651 1800 2673 refertur
1817 2656 1829 2672 a
1850 2651 1882 2672 Du
1901 2650 1989 2678 Gange,
2006 2651 2093 2673 Glossa-

1248 2689 1307 2710 rium
1326 2692 1369 2710 etc.

1290 2718 1295 2724 Α
1311 2726 1320 2739 ⁹
1337 2728 1403 2750 Vers.
1423 2728 1459 2750 117.
1476 2734 1542 2757 seqq.
1561 2741 1589 2744 —
1607 2729 1628 2750 lu
1646 2728 1748 2751 oratione
1766 2728 1833 2751 huius
1849 2729 1898 2751 sesti
1910 2728 2005 2756 legitur:
2023 2728 2093 2751 Cuius

1248 2766 1357 2794 precibus
1374 2770 1487 2794 exoratus,
1504 2767 1685 2796 quatriduanum
1708 2768 1801 2790 fratrem
1823 2768 1934 2789 Lazarum
1959 2767 2040 2790 vivum
2063 2767 2092 2789 ab

1249 2806 1327 2828 inferis
1343 2806 1491 2828 resuscitasti.

1311 2844 1331 2857 ²⁰
1350 2845 1412 2867 Vers.
1435 2846 1468 2867 11.
1486 2852 1564 2874 seqq.;
1585 2848 1714 2874 sequuntur
1731 2846 1808 2868 Matth.
1831 2846 1868 2874 21,
1886 2846 1923 2867 31.
1941 2848 1963 2867 et
1984 2846 2036 2868 Luc.
2059 2846 2092 2874 18,

1252 2885 1286 2906 10.
1305 2890 1369 2912 seqq.

1312 2922 1329 2934 ¹¹
1349 2923 1414 2944 Vers.
1433 2923 1458 2950 13
1475 2926 1605 2952 sequuntur
1622 2924 1726 2952 Gregor.‚
1743 2924 1820 2946 xxm.
1839 2924 1914 2946 Moral.
1927 2930 1946 2946 c.
1963 2924 1996 2946 12.
2014 2930 2035 2946 n.
2053 2923 2091 2946 23.

1248 2964 1269 2984 et
1288 2963 1302 2984 1.
1320 2962 1379 2984 Tim.
1401 2963 1418 2990 i,
1440 2962 1474 2984 13.

2113 717 2187 738 Divisio.

2118 1184 2189 1211 Triplex
2199 1188 2234 1206 [ιη’

2124 1209 2156 1230 tio,
2169 1213 2219 1232 qum
2228 1217 2229 1221 =

2112 1254 2149 1305 52¹³}
2160 1260 2233 1299 {53⁹3

2113 1301 2222 1322 imitandum.
2230 1313 2231 1318 κ
