2243 3348
215 820 327 839 Notandum.

238 1522 329 1541 Hei-tatio.

202 1850 268 1868 Modus
285 1850 331 1869 resi-

214 1873 276 1892 stendi
303 1878 330 1892 se-

213 1897 285 1915 cundae
293 1898 330 1916 ten·

214 1920 286 1939 talioni.

344 223 401 251 210

345 299 512 329 delectabilis
540 297 691 327 seeundum
713 299 849 330 mentem;
872 295 932 323 ideo
953 294 1032 323 dicit:
1063 293 1127 322 Non
1158 292 1190 321 ‘in

344 347 404 375 solo
422 354 500 384 pane
531 344 600 373 vivit
632 343 732 377 homo,
754 343 803 371 secl
824 342 856 370 in
887 341 967 370 omni
988 340 1090 373 verbo,
1112 339 1188 377 quod

342 393 474 431 procedit
494 392 527 420 de
548 400 597 419 ore
620 390 687 423 Dei;
701 389 767 426 quia
781 388 872 417 anima
886 388 1039 416 delectatur
1061 386 1088 414 in
1104 386 1190 429 verbo

346 441 430 473 vitae,
452 439 525 476 quod
546 441 587 467 est
608 437 687 474 panis
708 435 875 472 spiritualis,
890 433 998 462 liabens
1012 433 1043 462 in
1063 441 1093 461 se
1108 441 1190 461 omne

345 487 580 516 delectamentum
591 488 615 512 et
627 483 720 512 omnis
731 482 849 519 saporis
859 481 1035 509 suavitatem
1045 481 1062 508 ¹.
1075 479 1190 516 Quando

345 533 471 561 diabolus
491 531 614 568 suggerit
636 529 683 558 tibi
701 527 872 557 delectabilia
893 526 1045 555 secundum
1067 533 1188 559 carnem,

345 580 428 608 debes
449 577 645 610 rememorari,
667 575 740 613 quod
763 583 817 603 non
839 577 904 603 sunt
925 573 1087 602 dimittenda
1108 572 1189 610 spiri-

346 626 430 655 tualia
451 633 501 661 pro
522 623 737 660 temporalibus,
759 629 809 650 nec
830 621 943 649 Creator
976 628 1026 657 pro
1047 623 1188 653 creatura,

345 672 423 709 panis
444 672 514 700 vitae
536 678 586 707 pro
608 677 677 707 pane
698 668 804 702 mortis,
826 667 900 705 quod
915 667 1008 700 homo,
1030 667 1077 703 qui
1097 666 1189 703 paulo

345 719 444 747 minus
465 718 633 746 minoratus
653 719 694 744 est
715 715 750 744 ab
774 714 908 752 Anyetts,
930 717 1117 751 comparetur
1148 713 1190 741 iu-

345 766 448 794 mentis
468 763 689 802 ammantibus»,-
711 763 762 791 hoc
785 762 852 790 niliil
874 764 922 790 est.
945 761 997 789 lste
1019 760 1117 789 modus
1131 760 1190 788 vin-

346 813 423 842 cendi
452 816 493 841 est
524 810 681 840 vacantium
713 809 869 846 sapientiae.
902 808 1004 836 Sinon
1037 810 1108 836 esset
1138 807 1189 835 nisi

347 860 407 893 hoc,
429 859 503 896 quod
524 859 551 887 in
574 857 801 887 delectationibus
822 855 913 884 carnis
927 855 1089 884 obfuscatur
1105 854 1191 882 bomi-

346 907 388 935 nis
409 906 565 943 ingenium,
587 909 677 933 tamen
700 906 813 941 propter
835 903 886 931 boe
908 903 997 931 solum
1018 901 1131 930 deberet
1146 909 1191 930 eas

346 954 442 990 fugere.
464 953 579 981 iuvenis.
602 952 659 980 Non
688 954 777 988 potest
804 950 938 979 scholaris
958 949 1039 978 simul
1061 948 1192 985 frequen-

347 1004 406 1029 tare
428 1000 556 1028 tabernas
577 1002 604 1027 et
625 999 753 1027 scientiae
775 998 897 1031 scliolas;
920 1005 972 1025 non
994 999 1083 1033 potest
1108 995 1191 1023 simul

347 1056 405 1076 esse
427 1047 505 1084 panis
536 1047 607 1075 vitae
638 1053 700 1074 cum
723 1053 792 1082 pane
816 1044 912 1073 mortis
933 1047 959 1072 et
985 1044 1065 1080 pleno
1087 1050 1191 1071 veneno

347 1095 498 1124 mortifero.
522 1094 602 1122 Plena
633 1100 738 1121 veneno
766 1094 807 1120 est
828 1091 917 1119 omnis
938 1090 1097 1123 delectatio,
1120 1097 1191 1126 quae

347 1145 387 1170 est
410 1144 505 1170 contra
526 1141 612 1177 legem
635 1140 701 1172 Dei;
724 1138 796 1167 unde
818 1136 988 1166 εει-1111111121
1012 1137 1120 1165 Suaois
1151 1139 1192 1164 est

348 1188 459 1217 homini
488 1187 576 1224 panis
604 1186 765 1219 mendacii,
787 1190 811 1213 et
831 1189 931 1221 postca
963 1183 1129 1221 implebitur
1161 1191 1191 1210 os

347 1236 409 1263 eius
430 1235 549 1263 calculo.
572 1234 650 1262 Panis
671 1233 742 1261 vitae
758 1235 798 1261 est
813 1234 974 1268 perpetuus,
990 1230 1035 1259 sed
1052 1230 1131 1267 panis
1145 1230 1191 1257 de-

347 1282 499 1311 lectationis
520 1285 561 1310 est
583 1283 805 1312 momentaneum
829 1278 873 1306 ille
895 1281 936 1306 est
957 1276 1190 1313 incorruptibilis,

347 1330 397 1358 iste
419 1337 485 1357 vero
507 1327 710 1364 corruptibilis;
733 1326 778 1354 ille
806 1328 847 1353 est
874 1324 988 1357 nobilis,
1011 1323 1056 1352 sed
1079 1323 1129 1351 iste
1151 1325 1191 1351 est

351 1377 426 1410 vilis,
448 1376 513 1413 quia
535 1374 629 1403 onmis
657 1382 728 1401 earo
760 1371 895 1409 foeniun,
918 1376 943 1399 et
974 1371 1067 1398 omnis
1093 1369 1191 1406 gyloria

347 1424 409 1452 eius
437 1423 524 1460 quasi
550 1421 603 1458 flos
624 1421 701 1458 (tyri.
733 1419 920 1447 Exsiccatum
948 1421 988 1445 est
1009 1417 1145 1454 foenum,
1167 1419 1192 1444 et

349 1470 448 1499 ceeit'lit
462 1469 531 1506 llos,
554 1468 673 1496 verbum
689 1471 785 1495 autem
804 1465 921 1493 Domini
935 1465 1029 1492 nostri
1048 1467 1146 1491 manet
1161 1463 1191 1491 iu

347 1521 513 1549 aetermam·
534 1515 607 1552 quod
630 1514 745 1543 verbum
768 1517 808 1541 est
830 1513 908 1549 panis
923 1511 1002 1540 vitae.
1020 1527 1056 1531 —
1072 1510 1192 1547 Accipia-

347 1571 410 1591 mus
432 1563 515 1599 igitur
536 1570 613 1590 arma
634 1564 660 1589 et
683 1560 845 1588 resistamus
865 1559 973 1587 diabolo
1002 1562 1028 1586 et
1049 1557 1190 1586 tentationi

347 1611 414 1639 eius.
431 1610 500 1638 Dicit
521 1608 670 1645 Gregorius
685 1607 705 1641 3,
721 1607 794 1644 quod
816 1618 828 1631 «
840 1606 908 1634 nihil
923 1609 973 1639 est,
989 1605 1063 1642 quod
1086 1607 1192 1633 tantum

347 1657 434 1685 valeat
466 1656 499 1684 ad
531 1654 779 1691 concupiscentiam
810 1652 1001 1681 refrenandam
1033 1652 1104 1680 sicut
1137 1658 1193 1679 me-

347 1703 434 1731 moria
455 1704 530 1736 eius,
553 1701 625 1739 quod
648 1709 728 1734 caro,
750 1708 821 1737 quae
852 1699 1037 1736 concupiscit,
1060 1699 1113 1727 cito
1138 1706 1191 1726 non

346 1750 398 1778 θΓίῑ
413 1762 438 1777 ».

425 1797 568 1825 Secundus
603 1796 702 1824 modus
736 1794 879 1823 resistendi
916 1792 1057 1821 tentationi
1092 1791 1192 1820 diaboli

347 1848 387 1873 est
410 1845 436 1872 in
458 1843 632 1872 acleertentlo
653 1841 800 1870 versutias
822 1839 1028 1877 spiritualium
1050 1838 1192 1876 nequitia*

348 1899 434 1923 riuus
455 1890 528 1919 unde
549 1890 581 1918 ad
606 1889 772 1926 Ephesios4:
797 1887 911 1915 lncluite
933 1895 981 1915 uos
1001 1890 1193 1914 arnuaurcmt

350 1938 415 1971 Dei,
439 1942 469 1966 ut
495 1937 614 1974 possitis
641 1940 721 1964 stare
752 1935 894 1963 uniuersus
922 1934 1049 1962 insidias
1074 1932 1191 1961 diaboli.

350 1984 493 2020 Quoniam
516 1992 574 2012 11011
605 1987 644 2011 est
670 1982 753 2010 nobis
773 1981 938 2010 colluctatio
960 1981 1103 2009 aduersus
1125 1988 1191 2008 car-

347 2039 412 2058 nem
433 2034 457 2058 et
478 2031 670 2067 sanquinem,
691 2030 741 2057 secl
763 2029 906 2056 aduersus
924 2028 1075 2064 principes
1096 2030 1120 2055 et
1138 2035 1190 2063 po-

349 2081 470 2111 testates,
493 2078 635 2106 aduersas
656 2077 761 2105 mundi
775 2080 911 2109 rectores,
933 2075 1119 2103 tenebrarum
1141 2072 1192 2101 lia-

349 2133 433 2158 rum,
456 2128 558 2152 eontra
585 2124 759 2161 spiritualia
784 2123 928 2161 ‘ueqititiae
954 2123 986 2150 in
1014 2121 1190 2150 caelestibus.

347 2172 507 2208 Propterea
529 2171 649 2207 aecipite
670 2174 860 2199 canuam-am
885 2169 948 2203 Dei,
965 2173 996 2197 ut
1015 2169 1134 2206 possitis
1148 2177 1192 2196 re-

347 2218 448 2246 sistere
469 2218 497 2246 in
529 2218 574 2246 ilie
604 2218 681 2246 incito
703 2221 727 2245 et
751 2218 779 2245 in
801 2217 935 2245 onmilnis
960 2215 1084 2253 perfecti
1103 2220 1190 2244 stare.

347 2283 385 2286 -—
407 2266 482 2302 Quae
503 2268 569 2294 sunt
588 2265 733 2303 nequitiae
747 2264 952 2301 spiritualium
968 2263 1191 2291 versutiarum?

348 2314 462 2349 Quando
483 2313 556 2341 videt
587 2313 727 2345 diabolus,
750 2312 823 2349 quod
852 2320 905 2340 non
939 2315 1028 2348 potest
1049 2311 1191 2339 hominem

347 2360 458 2389 flectere
479 2360 512 2388 ad
535 2360 655 2388 carnalia
682 2360 830 2393 desideria,
853 2363 919 2387 tunc
941 2363 980 2387 est
1001 2358 1083 2387 nobis
1105 2358 1192 2386 collu-

348 2408 434 2435 ctatio
465 2411 568 2435 contra
599 2407 780 2444 spiritualia.
814 2407 928 2443 Propter
961 2406 1012 2434 boc
1044 2405 1109 2433 dicit
1140 2406 1192 2433 Leo

349 2455 455 2491 Papa⁵z
482 2466 494 2478 «
507 2455 563 2482 Non
586 2454 685 2482 desinit
707 2454 793 2482 bostis
824 2453 971 2490 antiquus‚
994 2453 1024 2481 in
1056 2452 1191 2489 siliquam

347 2501 421 2529 lucis
442 2510 470 2529 sc
492 2500 724 2538 transligyimans,
747 2500 938 2536 deceptionum
954 2500 1067 2536 laqueos
1090 2499 1192 2535 ubique

348 2547 459 2576 tendere
481 2551 508 2576 et
536 2552 566 2576 ut
588 2548 669 2576 tidem
702 2548 872 2576 credentium
896 2555 1008 2584 quoquo
1030 2546 1110 2574 modo
1130 2554 1192 2582 pos-

348 2594 382 2622 sit
403 2602 598 2630 corrumpere,
621 2595 732 2623 instare.
762 2594 855 2627 Novit,
878 2594 921 2622 cui
951 2593 1080 2622 adhibeat
1101 2597 1193 2622 aestus

348 2640 519 2677 cupiditatis,
542 2641 585 2669 cui
614 2641 694 2677 gulae
724 2641 866 2669 illecebras
889 2640 1008 2678 ingerat,
1032 2641 1074 2669 cui
1098 2640 1193 2668 incita<

1009 215 1180 244 SERMONES
1201 214 1244 243 DE
1266 214 1429 242 TEMPORE.

1247 294 1339 320 menta
1360 291 1490 319 luxuriae
1510 294 1644 327 apponat,
1666 290 1710 319 cui
1734 291 1858 319 infundat
1873 291 1951 319 virus
1965 291 2091 325 invidiae,

1246 345 1329 375 quem
1352 345 1477 366 moerore
1499 337 1656 371 conturbet,
1677 345 1760 374 quem
1782 337 1858 366 fallat
1877 338 1986 375 gaudio,
2008 346 2091 375 quem

1246 387 1323 413 metu
1343 384 1490 421 opprimat,
1512 392 1595 421 quem
1617 384 1797 413 admiratione
1818 385 1938 413 seducat.
1961 384 2090 414 Omnium

1246 431 1358 460 discutit
1380 430 1608 465 consuetudines,
1637 431 1750 460 ventilat
1771 439 1867 465 cums,
1890 434 2032 460 scrutatur
2053 431 2092 460 af-

1246 477 1350 511 fectus,
1372 481 1399 506 et
1430 477 1467 505 ibi
1500 477 1609 514 quaerit
1640 485 1750 506 eausam
1777 477 1907 511 nocendi,
1940 477 1986 506 ubi
2020 477 2093 506 videt

1246 524 1401 560 quemlibet
1433 524 1583 552 studiosius
1613 524 1782 560 occupari».
1805 524 1919 560 Quando
1950 524 2023 553 videt
2044 524 2092 552 ali-

1246 578 1330 608 quem
1351 570 1378 598 in
1407 570 1498 599 studio
1526 570 1662 599 virtutum
1693 573 1875 607 occupatum,
1904 571 2001 599 nititur
2027 578 2091 599 eum

1247 618 1338 647 levare
1360 618 1387 646 in
1409 618 1511 652 altum,
1533 620 1560 646 et
1581 617 1625 652 tit,
1647 617 1721 654 quod
1742 626 1809 646 oum
1837 618 2009 647 immzmdus
2033 618 2092 655 spi-

1247 666 1324 694 ritus
1340 665 1442 694 exierit
1457 665 1490 694 de
1505 664 1628 699 homine,
1645 664 1777 693 ambulat
1788 673 1842 702 pei·
1857 665 1919 694 loca
1934 665 2090 703 inaquosa,

1247 720 1390 750 quaerens
1411 711 1557 749 requiam,-
1578 714 1602 739 οι
1623 720 1682 739 11011
1703 711 1861 745 inveniens,
1883 711 1970 740 dicit:
1993 712 2093 740 Rever-

1248 763 1296 787 tar
1317 759 1348 787 in
1369 759 1488 787 domum.
1509 766 1614 792 meam,
1639 758 1714 787 unde
1735 758 1819 787 exivi.
1837 759 1872 787 Ec
1886 766 1952 786 cum
1973 758 2092 792 venerit,

1247 806 1356 834 invenit
1377 814 1441 834 eam.
1467 806 1562 843 scopis
1593 805 1769 834 mundatam
1791 810 1816 833 et
1837 809 1983 834 ornatam.
2013 806 2093 834 'lime

1248 853 1331 881 vadit
1350 857 1375 881 et
1396 853 1523 882 assumit
1553 856 1658 890 septem
1690 852 1764 881 alios
1784 852 1910 889 spiritus
1930 861 2026 881 secum
2049 861 2093 881 ne-

1248 900 1364 938 quiores
1384 909 1413 928 se
1424 901 1443 928 6.
1466 917 1505 920 —
1526 901 1603 929 Tunc
1625 900 1798 928 immundus
1825 900 1950 936 spiritus
1975 900 2034 928 exit
2058 900 2092 928 cle

1249 946 1377 981 homine,
1400 947 1510 984 quando
1531 947 1614 975 homo
1645 946 1753 983 repellit
1774 946 1916 975 foeditates
1937 947 2043 981 carnis,
2068 949 2095 976 et

1248 997 1315 1023 tunc
1336 994 1435 1023 circuit
1450 994 1587 1028 diabolus,
1603 1002 1746 1033 quaerens
1767 993 1904 1031 requiem,
1926 997 1952 1022 et
1971 1002 2030 1022 11011
2051 994 2095 1022 in-

1249 1041 1355 1075 veniet,
1377 1049 1524 1078 usquequo
1546 1041 1647 1078 poterit
1669 1041 1808 1069 bemineru
1831 1041 1942 1069 trabere
1966 1040 1999 1069 ad
2020 1040 2095 1069 aliud

1248 1096 1335 1125 genus
1357 1089 1474 1125 peccati3
1497 1092 1522 1116 et
1553 1092 1621 1117 tunc
1648 1088 1776 1116 assumit
1795 1096 1892 1116 seeum
1913 1091 2018 1124 septem
2039 1088 2096 1125 spi-

1248 1135 1326 1164 ritus
1346 1136 1498 1173 nequiores
1519 1144 1556 1163 se.
1580 1135 1623 1164 lsti
1646 1138 1711 1164 sunt
1732 1135 1847 1172 spiritus
1869 1135 2053 1164 simulationis
2067 1138 2094 1164 et

1248 1183 1411 1219 hypocrisis,
1433 1183 1499 1219 quia
1525 1182 1679 1211 «simulata
1702 1182 1827 1219 aequitas
1855 1185 1895 1210 est
1916 1182 2020 1218 duplex
2043 1182 2094 1210 ini-

1248 1229 1340 1265 quitas
1352 1229 1361 1245 ⁷
1374 1241 1399 1257 n.
1422 1246 1460 1249 —
1475 1228 1525 1257 Sed
1548 1232 1656 1265 oportet
1677 1229 1716 1257 eis
1731 1228 1859 1257 resistere
1875 1236 1922 1265 per
1937 1228 2093 1257 detestatio-

1248 1284 1309 1305 nem
1332 1276 1421 1304 onmis
1442 1276 1570 1304 vanitatis
1590 1280 1617 1304 et
1639 1276 1830 1305 simulationis.
1852 1276 1928 1304 Unde
1950 1276 2094 1312 Apostolus

1249 1323 1282 1351 ad
1305 1323 1472 1359 Epliesiossst
1496 1322 1588 1351 Nolite
1610 1323 1701 1351 locum
1725 1323 1798 1351 clare
1819 1323 1941 1351 diabolo.
1965 1323 2095 1352 Diabolus

1249 1370 1387 1406 superbus
1408 1369 1461 1398 suit
1492 1370 1519 1397 in
1548 1369 1638 1403 caelo,
1660 1369 1771 1406 qnando
1796 1369 1883 1398 dixit:
1916 1370 1951 1398 Iu
1982 1370 2094 1399 eaelum

1248 1416 1456 1449 conscendam,
1488 1425 1577 1453 super
1604 1421 1689 1445 astra
1717 1416 1790 1445 caeli
1820 1416 1952 1445 exaltabo
1983 1417 2092 1445 solium

1248 1472 1355 1497 metim,
1367 1464 1466 1492 sedebo
1481 1464 1512 1492 iu
1526 1467 1621 1492 monte
1636 1464 1797 1492 testamenti
1811 1464 1841 1493 in
1857 1464 1997 1493 lateribus
2011 1465 2095 1503 aqui-

1249 1511 1331 1539 lonis.
1355 1511 1466 1539 Similis
1487 1520 1536 1539 cro
1563 1510 1730 1544 funestum,-
1752 1513 1779 1539 et
1807 1511 1925 1539 mendax
1954 1511 1981 1539 in
2004 1514 2094 1546 terra,

1249 1558 1359 1595 quando
1380 1558 1451 1586 dixit
1473 1558 1570 1594 primis
1592 1558 1768 1594 parentibus:
1793 1557 1983 1596 Nequaquam
2005 1562 2096 1586 morte

1249 1606 1423 1633 moriemini.
1448 1606 1492 1634 lllc
1515 1606 1604 1633 locum
1627 1605 1735 1633 diabolo
1756 1605 1814 1638 dat,
1830 1605 1876 1642 qui
1900 1605 2028 1642 spiritum
2050 1613 2096 1634 su-

1250 1653 1361 1689 perbiae
1383 1652 1408 1680 in
1432 1652 1514 1681 corde
1535 1653 1619 1689 ponit.
1643 1653 1708 1681 Nam
1731 1652 1845 1689 spiritns
1866 1652 2022 1681 ambitionis
2041 1660 2095 1681 non

1250 1699 1353 1728 invadit
1376 1702 1416 1732 te,
1439 1699 1459 1727 si
1482 1707 1535 1727 non
1558 1699 1667 1728 dederis
1687 1699 1710 1728 ei
1735 1700 1838 1733 locum,
1860 1707 1910 1728 nee
1931 1699 2046 1736 spiritus
2061 1699 2096 1728 si-

1251 1747 1417 1776 mulationis.
1440 1748 1555 1784 Propter
1588 1747 1639 1775 boc
1670 1747 1772 1775 dicitur
1795 1747 1820 1775 in
1844 1746 2042 1775 Ecclesiastef’:
2065 1746 2098 1775 Si

1249 1794 1374 1831 spiritus
1399 1798 1567 1831 potestatem
1596 1793 1726 1822 loabcntis
1755 1793 1919 1822 ascenderit
1945 1802 2034 1831 super
2056 1796 2095 1828 te,

1251 1842 1343 1870 locum
1367 1845 1450 1869 tuum
1472 1850 1506 1869 ne
1527 1841 1684 1869 dimiseris.

1330 1889 1492 1925 Exemplum
1516 1888 1651 1917 secundae
1673 1888 1804 1917 victoriae
1826 1888 1962 1916 habemus
1977 1887 2004 1916 in
2019 1887 2098 1916 Chri-

1250 1939 1300 1965 sto.
1333 1936 1441 1964 Dicitur
1473 1935 1499 1964 in
1532 1935 1677 1972 Evangelio
1690 1935 1731 1963 ¹⁰:
1761 1936 1841 1963 'ltine
1869 1934 2011 1963 assumsit
2032 1943 2097 1963 eum

1249 1982 1387 2011 diabolus
1408 1983 1439 2010 in
1460 1986 1594 2011 sanctam
1611 1982 1756 2011 ciuitatem
1770 1986 1795 2010 et
1809 1982 1913 2010 statuit
1928 1990 1993 2010 eum
2008 1989 2097 2018 super

1247 2030 1445 2067 pinnaeulum
1467 2029 1564 2066 templi
1584 2033 1608 2057 et
1639 2030 1714 2057 (lixit
1736 2029 1777 2057 ei:
1801 2029 1833 2057 Si
1854 2028 1950 2057 Filius
1979 2028 2031 2057 Dei
2050 2036 2096 2061 es,

1249 2077 1328 2105 mitte
1350 2080 1374 2105 te
1395 2077 1540 2104 deorsum.
1564 2076 1710 2113 Scriptum
1733 2080 1773 2104 est
1794 2076 1887 2104 enim:
1905 2075 1983 2112 Quia
2005 2076 2098 2112 Anys-

1249 2122 1285 2151 lis
1306 2123 1370 2151 suis
1390 2123 1545 2151 intitulavit
1565 2123 1599 2151 de
1620 2127 1661 2156 te,
1683 2126 1708 2150 et
1729 2123 1759 2150 in
1780 2122 1919 2150 inanibus
1940 2121 2034 2150 tollent
2056 2125 2096 2156 te,

1248 2179 1283 2198 ne
1304 2169 1380 2207 forte
1401 2169 1531 2207 offendas
1552 2169 1593 2198 acl
1613 2170 1738 2206 lapidem
1752 2170 1852 2207 pedem
1875 2172 1967 2197 11111111.
1984 2169 2034 2197 Ait
2054 2168 2098 2197 illi

1250 2218 1347 2245 lesus:
1371 2217 1503 2245 Rursum
1523 2217 1668 2254 seriptum
1689 2220 1745 2245 est.-
1769 2216 1834 2245 Non
1855 2215 1978 2244 tentabis
2001 2215 2098 2243 Domi-

1250 2272 1321 2292 1111111
1347 2265 1436 2292 Deum
1460 2269 1552 2292 11111111.
1576 2281 1612 2284 -
1635 2264 1730 2292 Videte
1762 2263 1899 2292 versutias
1919 2262 2035 2291 diaboli:
2057 2262 2097 2290 vi-

1249 2310 1304 2345 dit,
1326 2311 1400 2348 quod
1421 2311 1561 2339 Christum
1584 2311 1610 2339 in
1633 2311 1723 2347 prima
1752 2310 1900 2339 tentatione
1932 2317 1984 2338 non
2008 2308 2097 2346 potuit

1250 2358 1361 2386 trabere
1383 2358 1415 2386 ad
1438 2361 1596 2395 peccatum,
1619 2358 1684 2395 quia
1704 2357 1831 2386 Christus
1851 2357 2016 2394 allegaverat
2038 2363 2099 2384 con-

1250 2408 1292 2433 tra
1308 2413 1370 2433 eum
1387 2413 1492 2434 sacram
1508 2405 1694 2442 Scripturam,
1710 2405 1821 2442 quando
1835 2404 1905 2433 dixit
1920 2403 2047 2432 Christus
2059 2402 2096 2430 ¹¹:

1251 2452 1316 2481 Non
1337 2453 1367 2481 in
1388 2453 1448 2481 solo
1467 2461 1544 2489 pane
1565 2453 1636 2481 1111111
1658 2451 1755 2486 homo,
1777 2452 1826 2480 sed
1848 2451 1878 2479 in
1900 2451 1981 2479 omni
2000 2449 2095 2483 verbo,

1250 2500 1327 2537 quod
1344 2500 1476 2536 procedit
1496 2500 1530 2528 cte
1551 2508 1599 2528 ore
1617 2499 1683 2532 Dei;
1698 2502 1725 2527 et
1740 2499 1800 2527 ideo
1814 2498 1940 2527 diabolus
1954 2498 1980 2526 in
2007 2500 2098 2526 osten-

1250 2546 1354 2575 sionem
1376 2547 1528 2575 sanctitatis
1550 2546 1660 2575 Christo
1675 2546 1773 2583 allegat
1795 2553 1900 2574 sacram
1917 2544 2096 2581 scripturam.

1250 2594 1405 2630 Cogitabat:
1428 2594 1493 2631 quia
1514 2594 1641 2622 Christus
1661 2593 1830 2621 innitebatur
1856 2599 1949 2621 sacrae
1974 2591 2098 2627 Scriptu-

1251 2648 1312 2674 rae.
1334 2644 1361 2669 ct
1383 2649 1432 2678 ego
1463 2641 1585 2681 allegabo
1617 2641 1640 2669 ci
1663 2648 1769 2669 sacram
1792 2640 1979 2676 Scripturam‚
2002 2641 2028 2667 et
2049 2637 2097 2666 ubi

411 2816 417 2829 ¹
438 2817 493 2844 Sap.
513 2817 553 2843 16,
572 2818 613 2845 20,
631 2819 759 2845 sequuntur
776 2818 811 2839 ΡΞ.
830 2818 857 2844 S,
875 2818 897 2839 ὃ.
914 2822 935 2839 et
954 2818 995 2844 18,
1017 2818 1050 2839 13.

410 2855 418 2868 ²
438 2857 502 2878 Prov.
521 2857 557 2884 20,
580 2857 618 2882 t7;
636 2857 739 2885 sequitur
758 2857 807 2878 lsai.
825 2856 861 2883 te,
880 2857 926 2879 6-8.

410 2894 418 2906 ⁵
436 2895 496 2917 Libr.
516 2896 574 2918 XVl.
593 2896 669 2917 ltloral.
687 2902 705 2917 c.
726 2896 761 2918 [10.
780 2902 799 2917 n.
818 2896 860 2922 83,
878 2897 919 2918 ct'r.
938 2899 992 2918 tom.
1011 2896 1054 2918 vlt.
1074 2896 1193 2924 11119145,

348 2939 400 2957 nola
419 2936 439 2957 3.
928 2935 937 2947 ⁴¹
955 2935 1011 2963 Cap.
1029 2936 1054 2962 6,
1077 2936 1110 2957 11.
1128 2942 1193 2964 seqq.

410 2973 419 2986 ³
437 2975 509 2995 Serui.
528 2975 616 3003 XXVl,
634 2974 657 2996 7.
675 2975 697 2996 in
716 2975 788 2997 Nativ.
812 2975 878 2997 Doni.
902 2981 919 2996 c.
939 2975 966 3002 3,
984 2974 1023 2996 ubi
1041 2975 1151 3002 allegatur
1169 2975 1192 2996 ll.

348 3013 398 3036 Cor.
421 3015 457 3041 ll,
481 3014 513 3036 14.

1313 2816 1322 2829 ⁰
1340 2818 1393 2840 Luc.
1412 2818 1450 2846 ·11,
1470 2817 1507 2839 21.
1525 2824 1590 2846 seqq.

1313 2855 1321 2868 Τ
1339 2858 1444 2885 August„
1463 2858 1563 2879 Enarrat.
1582 2857 1604 2879 in
1623 2857 1657 2879 ΡΞ.
1676 2857 1714 2878 63.
1731 2863 1751 2878 11,
1775 2856 1808 2878 ΙΙ.

1313 2895 1321 2906 “
1340 2896 1394 2924 Cap.
1414 2896 1438 2923 [1,
1456 2896 1496 2923 27,
1515 2899 1644 2925 sequuntur
1662 2896 1710 2917 lsai.
1730 2895 1766 2922 Ἰ14,
1789 2895 1821 2917 13.
1839 2901 1888 2923 seq.
1905 2897 1927 2916 et
1944 2894 2001 2916 Gen.
2018 2893 2039 2920 3,
2058 2892 2079 2915 4.

1313 2934 1322 2946 ⁹
1340 2935 1395 2962 Cap.
1417 2936 1449 2962 10,
1468 2935 1488 2957 4.

1314 2973 1333 2986 ¹⁰
1351 2975 1426 2997 Manli.
1445 2975 1469 3001 11,
1488 2976 1508 2997 5.
1527 2981 1605 3003 seqq.;
1624 2976 1662 2996 etr.
1681 2975 1715 2996 ΡΞ,
1733 2974 1770 3001 90,
1793 2974 1825 2995 11.
1844 2976 1865 2995 et
1883 2973 1948 2995 Dent.
1961 2973 1982 2999 6,
1999 2972 2035 2994 16.

1313 3013 1331 3025 ¹¹
1351 3015 1426 3036 Mattli.
1445 3014 1469 3042 11,
1492 3014 1514 3042 1,
1533 3016 1572 3036 ct'r.
1592 3015 1655 3036 Deut.
1675 3014 1696 3040 8,
1715 3014 1735 3035 3.

2114 1139 2223 1160 Notandum.

2116 1233 2189 1252 Primus
2200 1239 2234 1253 mo·

2110 1256 2145 1275 dus
2151 1257 2234 1276 resisten-

2110 1280 2131 1299 di
2142 1280 2161 1299 Ξ.
2180 1282 2239 1310 11111111-Ὶ

2111 1303 2157 1322 tioui
2160 1318 2164 1322 .

2114 1889 2220 1917 Exemplum

2133 1913 2208 1933 Christi.
2242 1928 2243 1934 ,
