2243 3348
231 576 327 599 Quartum.

229 1045 324 1068 Quintum.

241 1344 323 1363 Sextum.

212 1686 322 1710 Septimum.

227 2072 323 2090 Octavum.

242 2325 322 2344 Nouum.

218 2496 321 2515 Decimum.

350 150 385 178 10

348 227 503 258 libertatem,
529 227 576 252 ibi:
603 227 683 251 libera
706 227 758 255 est;
777 224 969 255 fecunditatem,
994 224 1040 248 ibi:
1067 229 1132 254 quae
1156 223 1193 247 est

348 271 428 295 »nater
439 271 538 295 nostra.
551 270 575 294 Si
588 269 671 294 autem
685 269 719 294 sic
731 268 870 293 dividatur:
888 266 1042 292 commendat
1055 265 1192 296 Apostolus

346 313 386 338 hic
403 313 541 338 Ierusalem
559 313 606 338 sub
625 312 716 343 duplici
735 312 843 340 ratione,
864 310 956 335 scilicet
978 309 1024 334 sub
1043 309 1138 333 ratione
1151 315 1193 332 cx·-

346 356 487 386 celleniiae,
514 355 560 380 ibi:
581 355 636 380 Illa
665 356 749 379 autem
773 360 837 384 quae
855 360 959 378 sursum
985 353 1021 377 esi
1048 350 1193 376 Ierusalem

347 399 429 424 libera
441 401 492 428 csl;
505 398 622 427 secundo,
636 397 682 422 sub
695 397 791 421 ratione
803 395 809 408 ¹
831 396 994 426 influentiae,
1013 395 1061 419 ibi:
1076 401 1142 425 quae
1155 394 1192 418 est

345 442 427 466 maier
438 443 540 471 nostra,
561 448 609 465 non
624 440 659 465 ita
671 440 703 464 ab
715 438 870 464 auditoribus
892 437 1023 469 caperetur
1042 436 1106 461 sicut
1120 443 1192 467 prae-

346 485 421 509 missa
441 484 534 508 divisio.

415 527 454 551 Ad
479 526 540 550 idem
567 525 633 550 aliud
659 524 813 555 proponatur
832 523 970 553 exemplum
989 522 1097 547 Actuurn
1118 521 1191 552 septi-

346 576 384 594 mo
395 568 418 593 ²³:
439 568 584 599 Stephanus
602 567 693 598 plenus
713 566 815 596 Spiritu
827 566 931 596 sancio,
950 565 1082 589 intendens
1100 565 1129 589 ¹in
1140 571 1190 588 cue-

347 612 412 643 lum,
428 611 493 635 vidit
509 610 622 642 ι(ιῖονίαφη
640 609 690 634 Dei
708 610 731 633 et
749 609 835 633 Iesum
855 609 965 633 stantem
984 615 999 632 a
1017 607 1113 632 dextris
1132 607 1190 631 Dei.

346 655 383 679 Sic
402 654 484 685 potest
502 653 576 677 dividi
595 653 684 677 extra:
701 652 751 677 tria
770 651 830 676 sunt
848 651 987 675 necessaria
1005 650 1035 674 ad
1049 650 1189 679 videndum,

345 697 437 722 scilicet
455 696 588 727 dispositio
599 696 627 720 in
646 694 730 725 oculo,
752 694 857 718 intentio
872 694 899 718 in
913 692 1059 724 aspiciendo
1079 693 1104 717 et
1114 699 1191 723 prae-

344 740 425 765 sentia
444 739 471 763 in
490 739 596 769 obiecto,
616 737 679 769 quod
708 737 779 768 patet
802 744 845 767 per
870 736 1023 761 contrarium
1049 735 1190 766 aspicienti.

343 783 410 807 Haec
428 782 511 806 autem
530 782 611 806 omnia
638 781 760 806 notantur
783 781 809 805 in
831 780 906 805 verbo
933 779 1069 810 praedicto,
1096 778 1190 804 scilicet

341 825 441 857 gratiae
459 824 605 855 dispositio,
626 824 672 848 ibi:
694 822 841 854 Stephanus
855 822 950 853 plenus
971 821 1072 852 Spiritu
1085 823 1190 851 saneim

343 868 449 892 intentio
469 868 496 891 in
510 867 672 897 aspiciendo,
691 866 735 891 ibi.-
757 865 889 890 inte-ndens
909 865 935 889 in
948 865 1062 894 caelum;
1075 865 1100 889 et
1114 872 1190 895 prae-

342 911 424 935 sentia
444 910 470 934 in
490 910 595 940 obiecto,
615 910 662 934 ibi:
683 909 747 933 vidit
763 909 876 940 §loriam
894 908 945 933 Dei
963 909 986 933 et
1012 908 1099 933 Iesum
1118 909 1190 932 sian-

344 954 392 978 iem
410 953 456 977 ete.

413 996 436 1020 8.
456 996 531 1021 Aliud
550 996 686 1026 exemplum
707 995 872 1026 proponatur,
892 994 921 1018 ut
939 994 1001 1018 illud
1021 994 1141 1018 secundae
1158 994 1189 1018 ad

343 1039 483 1063 Corinthios
510 1038 650 1063 duodecimo
664 1037 686 1061 ³:
707 1037 827 1062 Libenter
844 1036 978 1067 yloriabor
997 1037 1025 1061 in
1054 1036 1189 1066 infirmita-

343 1082 408 1106 tibus
428 1081 495 1105 meis.
516 1081 580 1105 Vera
604 1080 755 1111 poenitentia
779 1079 934 1110 quadruplici
953 1079 1092 1104 conditione
1115 1079 1190 1110 perfi-

342 1125 414 1149 citur.
434 1124 549 1155 Exigitur
567 1124 646 1149 enim,
666 1123 730 1153 quod
754 1122 787 1146 sit
811 1122 959 1146 uoluntaria
978 1122 1009 1146 ad
1033 1122 1188 1152 merendum,

342 1167 388 1192 ibi:
407 1167 543 1193 Libenters
566 1166 676 1191 iucunda
696 1165 726 1190 ad
746 1165 843 1190 facilius
863 1165 1050 1194 sustinendum,
1070 1165 1117 1189 ibi:
1136 1165 1189 1196 ylo-

342 1209 447 1239 mahom
461 1209 580 1240 poenalis
599 1209 629 1233 ad
644 1208 858 1237 satisfaciendum,
874 1208 919 1232 ibi:
935 1208 961 1232 in
976 1208 1189 1238 infirmitatibus,-

341 1253 365 1277 et
380 1253 492 1283 propria
511 1252 542 1276 ad
562 1252 697 1282 praemium
718 1251 889 1279 obtinendum,
910 1251 954 1275 ibi:
976 1251 1047 1275 meis.

410 1295 528 1319 Similiter
547 1295 609 1319 illud
622 1294 702 1319 Lucae
716 1295 821 1325 septimo
835 1293 860 1318 ⁴:
882 1293 961 1318 Stans
979 1295 1047 1318 retro
1061 1301 1132 1318 secus
1148 1300 1189 1324 pc-

341 1338 383 1363 des
395 1338 460 1368 eius,
476 1338 599 1369 lacrymis
618 1337 698 1367 coepit
716 1337 804 1368 riyare
818 1336 895 1367 pedes
914 1337 968 1361 eius
987 1337 1010 1361 el
1029 1336 1132 1367 capillis
1151 1343 1189 1360 ca-

337 1381 403 1411 pitis
421 1381 462 1405 sui
482 1380 605 1411 iet-yebat,
629 1380 711 1410 potest
737 1380 772 1403 ita
795 1379 870 1403 dividi
894 1379 1027 1403 secundum
1051 1379 1117 1403 hunc
1142 1386 1190 1404 mo-

342 1424 410 1449 dum:
440 1425 464 1448 in
493 1423 600 1455 quatuor
623 1423 739 1448 consistit
761 1423 902 1447 amaritudo
927 1422 1099 1451 contritionis,
1125 1422 1189 1447 sicut

341 1467 411 1498 patet
429 1467 454 1491 in
475 1467 617 1491 beatissima
636 1466 785 1497 Magdalena
798 1466 822 1490 111
837 1465 911 1490 verbo
925 1465 1075 1496 praemisso,
1096 1464 1189 1489 scilicet

340 1510 365 1534 in
384 1509 484 1538 rubore.
504 1509 551 1533 ibi:
572 1509 651 1534 Stans
676 1510 761 1538 retro,·
780 1509 804 1533 in
832 1509 932 1537 timore,
952 1508 998 1532 ibi:
1019 1515 1089 1532 secus
1111 1507 1189 1538 pedes

340 1553 409 1582 eius,·
427 1553 451 1577 in
470 1553 564 1581 dolore,
584 1552 631 1576 ibi:
653 1552 777 1583 lacrymis
790 1552 869 1582 coepit
884 1552 970 1582 riyare
985 1551 1062 1581 pedes
1081 1551 1151 1581 eius;
1164 1550 1188 1575 et

339 1596 364 1620 in
383 1595 530 1625 abiectione,
550 1595 597 1620 ibi:
617 1597 640 1619 ei
658 1595 762 1626 capillis
781 1595 874 1625 capitis
894 1595 935 1619 sui
954 1594 1075 1625 torpebat.

410 1638 443 1662 Et
461 1638 522 1663 illud
542 1638 653 1663 Danielis
672 1638 747 1662 tertio
765 1638 858 1662 decimo
871 1636 894 1661 5:
921 1637 1003 1661 Flcns
1022 1637 1135 1667 suspexit
1154 1637 1189 1661 ad

339 1681 453 1711 caelum;
470 1682 527 1705 erat
544 1681 612 1705 enim
630 1688 674 1705 cor
692 1681 748 1705 eius
766 1680 889 1710 fiduciam
907 1679 1001 1704 liabens
1021 1680 1048 1703 in
1066 1679 1187 1703 Domino.

340 1723 512 1748 Introducitur
531 1723 571 1748 hic
589 1723 619 1747 ad
638 1723 786 1754 loquendum
806 1723 876 1747 casta
894 1722 1009 1746 Susanna
1028 1721 1073 1746 sub
1095 1722 1188 1752 triplici

341 1766 480 1795 affectione,
500 1773 562 1796 quae
581 1766 716 1797 generatur
743 1766 769 1789 in
788 1765 885 1789 homine
914 1764 1043 1788 infamato.
1072 1763 1189 1788 Afficitur

342 1809 405 1833 enim
424 1809 484 1833 talis
498 1808 507 1820 ⁶
526 1808 653 1833 affectione
673 1808 770 1832 ruboris
796 1815 840 1838 pro
863 1807 956 1831 offensa
984 1806 1187 1837 congregatione,

341 1852 388 1876 ihi:
408 1852 522 1883 suspexit
534 1852 569 1876 ad
587 1851 700 1881 coeluum
719 1851 810 1875 doloris
830 1858 874 1881 pro
894 1850 986 1874 amissa
1005 1849 1095 1874 nobilis
1108 1849 1188 1873 famae

342 1895 509 1926 possessione,
528 1894 575 1918 ibi:
596 1894 674 1924 flens:
693 1894 718 1918 et
741 1894 849 1922 timoris,
874 1893 915 1917 sed
935 1900 990 1917 curn
1010 1900 1065 1923 spe,
1085 1899 1130 1923 pro
1154 1892 1188 1916 111-

341 1938 449 1969 fligenda
462 1938 601 1968 punitione,
615 1937 662 1961 ibi:
682 1938 738 1961 erat
750 1937 818 1961 enim
831 1943 874 1961 cor
893 1937 946 1961 eius
959 1936 1082 1966 fiduciam
1095 1935 1189 1959 hasbens

343 1981 371 2005 in
390 1980 502 2005 Domino
518 1979 535 2004 ⁷.

412 2023 436 2048 9.
450 2024 513 2048 Item
526 2024 633 2054 ponatur
644 2023 706 2047 illud
719 2023 841 2047 Matthaei
854 2022 940 2047 octavo
951 2021 974 2046 S:
994 2022 1075 2052 Vade,
1089 2021 1189 2046 ostende

344 2068 366 2091 ie
384 2067 509 2091 sacerdoti
527 2068 551 2091 et
569 2065 633 2095 offer
651 2073 746 2091 munus
767 2067 846 2090 tumn.
865 2066 923 2090 Tria
942 2065 1014 2090 debet
1032 2065 1121 2089 habere
1136 2071 1189 2095 poe-

340 2109 460 2134 nitentia:
481 2109 552 2133 debet
571 2110 635 2133 enim
655 2116 707 2134 esse
721 2109 874 2137 voluntaria,
894 2108 941 2133 ibi:
967 2108 1047 2139 Vade,
1067 2108 1091 2132 id
1104 2107 1142 2132 est
1161 2115 1189 2131 ex

340 2151 484 2181 voluntate;
504 2152 604 2182 aperta,
618 2151 665 2176 ibi:
680 2151 781 2176 ostende
795 2153 832 2181 te;
852 2151 962 2182 integra,
982 2151 1029 2175 ibi:
1049 2149 1187 2181 sacerdoti,

339 2202 388 2220 non
414 2195 596 2223 sacerdotibus;
622 2194 647 2219 et
674 2194 791 2225 prompta
810 2194 840 2218 ad
866 2194 1079 2225 satisfaciendum,
1099 2193 1146 2217 ibi:
1166 2194 1190 2217 rt

339 2237 401 2267 offer
419 2245 513 2262 munus
533 2239 613 2262 tuum.

411 2280 486 2304 Aliud
499 2280 646 2311 exemplum,
666 2280 782 2304 Psalmus
794 2278 817 2303 ⁹:
837 2280 951 2310 Propter
965 2280 987 2303 ie
999 2278 1189 2308 mortificamur

342 2324 396 2348 lota
415 2323 462 2347 die.
481 2323 637 2348 Poenitentia
656 2323 729 2347 dehet
746 2330 799 2347 esse
819 2322 886 2347 recta
912 2322 1008 2347 ratione
1028 2321 1187 2350 intentionis,

340 2365 386 2390 ibi:
406 2366 519 2396 Propter
538 2367 575 2395 ie;
593 2366 696 2390 strenua
719 2365 815 2390 ratione
834 2365 949 2394 actionis,
976 2364 1023 2389 ibi:
1050 2363 1188 2394 mortifica-

342 2416 415 2435 mur:
434 2409 458 2432 et
476 2409 594 2433 continua
612 2409 708 2433 ratione
727 2408 878 2436 durationis,
898 2408 945 2432 ibi:
966 2409 1020 2432 iota
1038 2407 1085 2431 die.

410 2452 456 2476 Vel
475 2452 542 2476 aliud
561 2452 669 2476 eiusdem
688 2451 782 2476 Psalmi
798 2450 831 2475 ¹⁰:
852 2451 980 2482 Easurye,
1001 2457 1081 2481 quare
1100 2450 1188 2475 obdor-

342 2495 400 2525 mis,
420 2493 549 2519 Domine?
568 2495 651 2525 potest
676 2495 712 2519 ita
736 2494 825 2519 dividi:
851 2501 894 2525 pro
914 2493 996 2518 tribus
1021 2494 1059 2517 vir
1086 2492 1187 2517 sanctus

341 2537 519 2566 commovetur,
540 2537 632 2561 scilieet
651 2538 671 2561 si
690 2537 765 2566 videt,
785 2537 862 2568 affligi
890 2536 1068 2564 innocentiam,
1089 2542 1188 2566 prospe-

1061 145 1121 174 Ans
1143 143 1374 173 CONCiONANDl.

1249 222 1300 247 rari
1319 221 1440 246 malitiam
1460 221 1486 246 et
1504 222 1610 247 dormire
1629 222 1737 247 divinam
1757 223 1887 248 iustitiam.
1907 223 1965 248 Ideo
1989 223 2093 249 excitat:

1249 265 1382 296 Exsurge,
1405 271 1485 295 quaro
1506 264 1649 296 obdormis,
1669 264 1801 290 Domine?
1820 266 1913 290 scilicet
1938 266 1969 290 ad
1994 267 2094 297 punien-
2188 290 2195 300 ,

2195 301 2196 319 1

1249 307 1316 332 dum.

1319 341 1437 366 Similiter
1456 341 1571 366 sumatur
1589 342 1651 367 illud
1670 342 1751 367 Lucae
1770 343 1849 373 primo
1864 342 1898 368 ¹¹:
1919 343 1986 375 Ave,
2004 344 2093 375 qratia
2108 321 2213 369 Undeciuti.

1244 384 1332 415 plena,
1351 384 1480 409 Dominus
1500 386 1588 409 tecum.
1608 384 1703 416 Populo
1722 385 1851 411 dividendo
1871 386 1979 411 dicetur:
2003 386 2094 418 triplex

1248 427 1287 451 est
1305 427 1411 452 officium
1431 427 1588 456 nuntiorum,
1608 428 1701 453 scilicet
1726 428 1850 458 salutare,
1879 429 1926 454 ibi:
1946 429 2016 460 Ave;
2034 437 2095 455 nun-

1248 470 1323 499 tiare,
1342 470 1389 494 ibi:
1407 470 1498 502 qratia
1513 470 1608 501 plena,·
1633 471 1658 495 et
1680 471 1819 501 licentiare,
1839 471 1886 496 ibi:
1907 472 2036 497 Dominus
2061 473 2095 497 ie-

1248 520 1313 538 cum.
1330 527 1365 530 —
1384 513 1436 538 Hoc
1455 513 1518 538 idem
1537 513 1602 538 clero
1615 513 1781 538 artificialiter
1795 514 1879 545 posset
1892 514 1968 539 dividi
1981 515 2028 540 sic:
2043 515 2095 540 Au-
2110 513 2176 533 Aliter.
2199 525 2200 537 1

1247 556 1326 587 gelus,
1337 556 1466 587 alloquens
1477 556 1605 588 Virginem
1615 556 1772 587 Genitricem,
1784 557 1925 588 praemittit
1935 557 2094 583 salutationis

1247 599 1372 624 exordium
1392 599 1518 629 divinum,
1537 599 1584 624 ibi:
1605 599 1659 624 Ave
1670 608 1678 630 ,·
1706 600 1796 624 narrat
1814 601 1965 631 concipiendi
1983 601 2094 631 modum,

1247 642 1293 666 ibi:
1312 642 1401 673 qratia
1416 642 1511 672 plena;
1530 642 1555 667 et
1574 642 1658 667 subdit
1676 643 1824 668 concludens
1848 643 2015 674 conceptionis
2041 643 2095 669 effe-

1247 685 1327 714 ctum,
1346 685 1391 709 ibi:
1406 685 1537 710 Dominus
1551 686 1641 710 tecum.
1655 685 1767 710 Primum
1784 686 1822 710 est
1835 686 2010 711 salutationis:
2024 686 2095 717 Ave,-

1247 728 1380 753 secundum
1401 728 1634 753 commendationis:
1653 729 1742 760 qratia
1756 729 1852 759 plenem
1871 729 1973 754 tertium
1986 730 2095 755 consola-

1247 772 1334 796 tionis:
1355 771 1487 796 Dominus
1506 773 1594 798 tecum.
1613 772 1659 797 Vol
1678 773 1725 797 sic:
1747 773 1854 803 primum
1880 772 1990 804 pertinet
2008 773 2040 798 ad
2059 780 2095 798 sa-

1246 814 1407 844 lutationem,
1428 814 1561 839 secundum
1580 814 1611 839 ad
1637 815 1887 845 commendationem,
1911 815 2012 840 tertium
2036 823 2094 841 vero

1246 858 1278 882 ad
1296 857 1498 883 consolationem.

1317 901 1454 925 Secundum
1474 901 1538 925 enim
1559 901 1670 926 diversos
1689 901 1772 926 status
1792 901 1875 932 potest
1894 901 1944 926 fere
1971 901 2096 933 quaelibet
2112 901 2208 937 Notauuuq

1246 944 1333 969 divisio
1347 944 1440 968 variari
1454 944 1479 968 et
1491 952 1519 969 ex
1539 944 1585 969 hoc
1603 951 1647 975 per
1660 951 1812 975 consequens
1827 944 1951 974 decorari3
1971 944 2035 969 sicut
2047 944 2095 970 isto

1246 988 1360 1012 docemur
1383 987 1505 1018 exemplo,
1531 987 1595 1018 quod
1614 987 1678 1012 idem
1703 987 1794 1018 poterit
1818 988 1922 1017 variari,
1946 987 1975 1012 ut
1997 987 2095 1012 dicatur

1246 1031 1293 1055 ibi:
1314 1030 1418 1055 notatur
1437 1030 1475 1055 hic
1488 1031 1602 1062 angelica
1615 1031 1746 1055 salutatio:
1767 1030 1836 1060 Ave‚·
1855 1031 1995 1062 gratiarum
2015 1030 2093 1056 actio:

1244 1074 1334 1105 qratia
1349 1074 1444 1104 plena,¹
1463 1074 1560 1098 divinue
1574 1073 1700 1098 societatis
1720 1074 1840 1098 imitatio:
1860 1073 1992 1098 Dominus
2006 1074 2094 1098 tecum.

1317 1117 1385 1141 Haec
1410 1117 1495 1148 utique
1520 1117 1646 1142 sufficiant
1671 1117 1783 1147 exempla
1810 1117 1947 1148 praemissa
1966 1117 1998 1141 ad
2015 1116 2095 1142 osten-

1246 1159 1350 1184 dendum
1371 1159 1436 1184 hunc
1455 1159 1566 1188 modum,
1587 1159 1695 1190 qualiter
1708 1159 1792 1184 thema
1805 1159 1931 1184 dividatur
1949 1160 2030 1184 ezir«.
2048 1158 2095 1188 Qui

1247 1202 1343 1234 quidem
1364 1203 1450 1227 modus
1470 1203 1661 1233 simplicioribus
1684 1202 1868 1232 condescendit,
1891 1202 1949 1227 licet
1972 1203 2095 1227 nonnulla

1246 1245 1358 1276 exempla
1376 1245 1472 1269 inserta
1491 1246 1544 1269 sint
1562 1245 1709 1274 incidenter,
1729 1253 1791 1276 quae
1811 1246 1890 1277 magis
1909 1245 2022 1271 redolent
2046 1252 2094 1271 mo·

1246 1288 1303 1312 dum
1318 1288 1479 1319 exsequendi3
1492 1289 1562 1313 cuius
1575 1289 1666 1319 quippe
1680 1289 1714 1313 rei
1727 1288 1787 1313 haec
1800 1288 1848 1313 fuit
1866 1296 1955 1318 causa,
1968 1289 1998 1313 ut
2014 1288 2095 1314 osten-

1246 1331 1357 1360 deretur,
1377 1331 1442 1362 quod
1454 1338 1519 1355 unus
1533 1331 1557 1355 et
1576 1331 1640 1356 idem
1654 1338 1741 1356 versus
1760 1331 1833 1355 alitor
1846 1331 1922 1360 clero,
1942 1331 2016 1356 aliter
2029 1331 2095 1356 esset

1247 1374 1338 1405 populo
1357 1374 1510 1398 dividendus.

1318 1417 1359 1441 10.
1379 1417 1452 1442 Nunc
1471 1418 1553 1442 autem
1573 1417 1697 1448 inquirere
1717 1424 1779 1448 opus
1796 1417 1834 1441 est
1853 1418 1947 1448 primae
1966 1415 2217 1442 (111713101113ὓῑνῑὸῑῡῑῑὶῑ1

1247 1460 1392 1490 membrum,
1403 1460 1517 1485 videlicet
1527 1460 1634 1491 qualiter
1644 1459 1728 1484 thema
1738 1459 1864 1485 dividatur
1875 1460 1954 1485 intra.
1968 1459 2095 1485 Dividitur

1246 1503 1329 1528 autem
1350 1503 1483 1528 secundum
1506 1503 1572 1528 hunc
1591 1503 1702 1528 modum:
1722 1503 1855 1534 aliquando
1878 1510 1922 1534 per
1940 1503 2028 1534 verba,
2049 1503 2095 1528 ali-

1247 1546 1344 1577 quando
1359 1553 1402 1576 per
1416 1545 1534 1570 casualia
1549 1544 1569 1557 ¹²
1589 1553 1712 1577 quaeque,
1727 1546 1751 1570 in
1771 1546 1860 1577 quibus
1874 1553 1889 1570 a
1902 1546 2007 1570 diversis
2019 1545 2095 1571 habet

1246 1589 1410 1614 diversimode
1428 1589 1521 1613 variari
1545 1589 1679 1614 secundum
1702 1588 1914 1620 multiplicitatem
1938 1589 1963 1614 et
1981 1588 2095 1614 differen-

1246 1633 1295 1656 tias
1315 1632 1462 1662 eorundem3
1482 1632 1582 1664 ideoque
1603 1632 1711 1663 qualiter
1729 1632 1754 1656 in
1774 1632 1856 1661 modo,
1876 1639 1979 1657 numero
1998 1632 2023 1656 et
2042 1639 2095 1663 per-

1246 1683 1318 1704 sona,
1338 1676 1362 1699 in
1382 1676 1448 1700 recto
1468 1675 1563 1706 pariter
1583 1675 1607 1699 et
1632 1675 1738 1706 obliquis
1758 1675 1952 1705 diversificetur,
1972 1675 2036 1700 sicut
2060 1676 2095 1700 in-

1245 1718 1322 1743 ferius
1341 1718 1459 1743 indicabit
1473 1717 1493 1730 ¹⁸
1513 1719 1583 1749 copia
1601 1718 1783 1749 exemplorum,
1804 1726 1866 1749 quae
1885 1726 1934 1744 non
1948 1719 1996 1742 erit
2008 1725 2095 1749 pauco-

1246 1769 1312 1790 rum,
1332 1762 1357 1785 in
1381 1761 1487 1785 medium
1506 1761 1679 1790 describenda,
1705 1768 1754 1792 qua
1780 1761 1865 1792 patere
1891 1761 1970 1792 possit
1988 1761 2094 1786 faciliter

1246 1804 1403 1835 praedicandi
1423 1804 1547 1828 sententia
1561 1803 1581 1815 ¹⁴
1601 1804 1736 1833 dividendi,
1757 1805 1777 1828 si
1796 1804 1879 1828 tamen
1898 1804 1958 1829 haec
1977 1804 2023 1829 sub
2042 1804 2094 1829 bre-

1246 1847 1324 1871 vitate
1343 1847 1445 1871 collecta
1465 1847 1589 1871 studuerit
1608 1847 1739 1871 memoriae
1758 1847 1936 1872 commendare.

1317 1889 1444 1914 Dividitur
1465 1890 1548 1914 autem
1572 1897 1616 1920 per
1640 1890 1718 1914 verba
1742 1891 1784 1914 sic.
1808 1890 1921 1915 Ponatur
1944 1890 2007 1915 illud
2031 1889 2094 1915 Mat-

1246 1933 1312 1957 thaei
1328 1932 1362 1957 ¹5:
1384 1933 1422 1957 Ite
1441 1934 1464 1957 ei
1482 1940 1524 1957 vos
1544 1933 1571 1957 in
1589 1933 1691 1957 vineam
1704 1940 1797 1964 meam,
1811 1934 1835 1958 ci
1847 1933 1917 1964 quod
1933 1933 2030 1958 iustum
2043 1931 2094 1963 fue-

1246 1976 1282 2000 rit
1306 1975 1369 2000 dabo
1388 1976 1467 2000 vobis.
1493 1975 1551 2000 'Pria
1570 1975 1699 2000 notantur.
1719 1975 1803 2000 Primo
1829 1976 1859 2000 ad
1883 1975 2020 2007 profectum
2048 1976 2094 2001 sol-

1246 2018 1340 2047 licitat,
1359 2018 1406 2042 ibi:
1427 2018 1466 2042 Ite
1485 2020 1507 2042 et
1537 2025 1595 2048 vos,·
1614 2018 1719 2043 secundo
1745 2019 1927 2043 sollicitationis
1946 2018 2093 2050 qualitatem

1246 2062 1373 2092 exprimit,
1394 2061 1439 2085 ibi:
1460 2062 1488 2085 inv
1506 2061 1606 2085 viimam
1620 2069 1717 2091 meam;
1737 2062 1811 2086 tertio
1830 2062 1859 2086 de
1877 2062 1971 2087 laboris
1989 2061 2094 2087 retribu-

1246 2104 1312 2129 tione
1331 2104 1463 2133 certificat‚
1483 2104 1530 2128 ibi:
1552 2106 1576 2128 εἰ
1594 2105 1663 2135 quod
1681 2105 1779 2129 iustum
1797 2104 1876 2134 nterii
1894 2105 1960 2130 dabo
1977 2105 2056 2130 vobis.

1316 2147 1434 2171 Similiter
1447 2147 1509 2171 illud
1522 2147 1603 2172 Lucae
1616 2148 1703 2178 quinto
1721 2147 1812 2172 decimo
1826 2146 1860 2172 ¹⁰:
1881 2148 1974 2180 Pater,
1989 2148 2093 2179 peceavi
2109 2146 2222 2166 Secundum.

1245 2191 1273 2214 in
1286 2190 1386 2215 caelum
1405 2192 1428 2215 ei
1441 2198 1528 2215 eoram
1548 2192 1582 2222 te,
1602 2191 1655 2215 iam
1673 2199 1725 2215 non
1737 2198 1794 2216 snm
1814 2191 1909 2222 dianus
1921 2191 2008 2216 vocari
2020 2190 2093 2222 filius

1245 2235 1317 2264 tuus,
1337 2234 1421 2264 potest
1444 2234 1480 2258 ita
1500 2234 1587 2258 dividi:
1609 2234 1711 2258 verbum
1737 2234 1798 2259 illud
1821 2234 1859 2259 est
1886 2234 1989 2259 verbum
2011 2234 2093 2265 poeni-

1245 2277 1322 2301 tentis
1340 2276 1365 2301 et
1384 2277 1415 2301 ad
1434 2277 1626 2301 misericordiam
1651 2277 1777 2301 redeuntis
1803 2277 1828 2302 et
1845 2277 1874 2302 de
1899 2278 2035 2302 commissis
2054 2284 2092 2302 ve-

1245 2321 1310 2344 niam
1326 2320 1486 2351 postulantis.
1507 2320 1579 2349 Ecce,
1600 2321 1620 2344 si
1636 2320 1757 2350 attendis,
1777 2320 1816 2345 1110
1829 2321 1854 2345 111
1868 2320 1950 2346 verbis
1968 2320 2024 2345 istis
2037 2320 2091 2345 tota

1245 2363 1369 2387 sententia
1378 2362 1397 2374 ¹⁷
1409 2363 1527 2387 thematis
1538 2363 1576 2388 est
1586 2363 1771 2394 comprehensa.
1782 2363 1815 2388 Et
1825 2364 1879 2388 dein
1894 2363 2091 2395 prosequendum

1244 2406 1283 2431 est
1302 2406 1349 2430 sic:
1370 2406 1409 2430 hic
1428 2406 1487 2430 talis
1507 2407 1587 2437 primo
1606 2407 1644 2438 pie
1670 2407 1783 2436 invocat,
1803 2407 1850 2431 ibi:
1870 2407 1967 2436 Paier;
1985 2406 2091 2431 secundo

1244 2449 1336 2473 vulnus
1361 2449 1466 2480 detegit,
1495 2449 1541 2474 ibi.-
1563 2450 1683 2480 peecavi;
1702 2450 1776 2475 tertio
1800 2450 1935 2481 exaggerat
1959 2449 2090 2479 offensam,

1244 2492 1290 2516 ibi:
1313 2492 1339 2516 in
1359 2492 1457 2516 eaelum
1483 2494 1613 2517 eteorum
1640 2494 1677 2523 1¹⁰?
1696 2493 1786 2524 quarto
1811 2493 1857 2517 sibi
1880 2500 1983 2524 poenam
2007 2492 2089 2521 taxat,

1243 2534 1290 2559 ibi:
1313 2535 1365 2558 iam
1383 2542 1434 2559 non
1453 2542 1509 2559 suin
1529 2535 1622 2566 dianus
1640 2536 1727 2560 vocari
1746 2535 1817 2566 filius
1838 2537 1904 2560 tuus.

2112 1888 2221 1915 Exemplum

2125 1917 2211 1936 primum.

402 2689 408 2721 ¹
428 2690 482 2712 Fide
500 2691 516 2712 B
534 2691 638 2718 suppleta
656 2693 708 2713 sunt
725 2690 797 2713 verba
814 2690 929 2718 secundo,
948 2689 992 2714 sub
1009 2690 1109 2713 ratione.

402 2721 410 2733 ²
429 2722 493 2744 Vers.
511 2722 547 2744 555.
824 2721 833 2734 ³
851 2722 917 2744 Vers.
934 2723 956 2744 9,

401 2752 410 2764 ⁴¹
429 2754 492 2775 Vers.
511 2753 548 2775 38.
824 2752 833 2765 ⁵
851 2753 917 2775 Vers.
935 2754 972 2775 35.

402 2783 411 2797 ⁶
429 2785 458 2806 lta
477 2787 493 2806 Α
505 2784 528 2811 B,
547 2784 583 2806 ed.
601 2783 687 2806 taliter.

402 2814 410 2827 ⁷
428 2815 484 2837 Cod.
502 2816 518 2837 Β
530 2816 615 2837 omittit
626 2816 712 2844 reliqua
725 2816 797 2844 partis
809 2817 823 2838 1.
841 2818 863 2838 ei
874 2817 898 2838 ll.
916 2818 938 2837 et
955 2818 1044 2843 partein
1057 2816 1089 2838 lll.
1105 2815 1186 2843 incipit

340 2846 375 2868 1113
386 2846 475 2869 vei-bis:
498 2855 507 2866 ε(
520 2847 552 2868 De
568 2851 620 2869 octo
633 2847 708 2869 modis
720 2856 731 2867 ι)
751 2850 792 2870 etc.
807 2847 877 2869 Etiam
890 2848 907 2869 A
921 2847 1015 2869 brevius
1033 2850 1116 2869 textum
1134 2852 1185 2869 con-

340 2878 419 2904 [raum
438 2881 513 2900 tamen
532 2878 584 2900 liinc
602 2879 654 2901 inde
671 2884 715 2906 ope
733 2879 837 2901 eiusdem
855 2878 978 2901 editionem
1002 2878 1127 2901 emendare
1144 2884 1185 2906 po-

339 2909 432 2930 luimus.

401 2938 409 2951 ³
428 2940 492 2962 Vers.
511 2940 531 2962 -1,
826 2939 835 2952 ⁹
853 2942 935 2963 Psalm.
954 2941 995 2969 43,
1014 2942 1051 2963 22.

1305 2688 1325 2701 ¹⁰
1343 2688 1399 2711 ibid.
1416 2696 1439 2711 v.
1457 2689 1494 2711 23.
1733 2688 1751 2701 ¹¹
1770 2689 1836 2711 Yers.
1854 2689 1891 2710 28.

1306 2718 1324 2732 ¹²²
1342 2720 1432 2742 scilicet
1449 2720 1640 2747 declinationum,
1655 2720 1685 2742 (le
1697 2719 1782 2749 quibus
1799 2721 1925 2749 loquuntur
1937 2719 2089 2748 grammatici,

1243 2755 1267 2774 ut
1284 2752 1420 2778 Priscianus,
1438 2751 1477 2773 lib.
1497 2752 1524 2773 V.

1305 2781 1324 2795 ¹²
1343 2784 1372 2805 lia
1390 2784 1420 2809 Α,
1438 2783 1475 2805 0(1.
1493 2782 1675 2813 clt'rersificalur.
1694 2782 1796 2812 Inferius
1815 2781 1965 2805 indicabitur.

1305 2813 1325 2826 ¹⁴
1342 2815 1372 2836 lla
1389 2814 1438 2842 0(1.;
1456 2814 1497 2836 sed
1515 2814 1607 2836 videtur
1624 2820 1668 2836 non
1687 2820 1816 2842 congruum
1834 2820 1891 2836 esse,
1906 2813 1962 2836 Cod.
1974 2814 1991 2836 Α
2008 2819 2090 2842 propo-

1242 2846 1348 2868 sitionem
1365 2846 1456 2868 omittit.

1305 2876 1324 2889 ¹⁵
1340 2876 1395 2904 Cap.
1413 2878 1454 2904 20,
1472 2877 1494 2899 4.
1531 2875 1534 2877 ’
1731 2875 1750 2889 ¹⁶
1768 2877 1833 2899 Vers.
1855 2877 1888 2898 18.
1905 2882 1953 2904 seq.

1305 2907 1323 2920 ¹⁷
1341 2908 1397 2931 Cod.
1415 2910 1431 2930 Α
1455 2914 1558 2935 sunnila,
1571 2908 1608 2930 ed.
1620 2908 1703 2931 deinde
1721 2908 1791 2930 habet
1806 2907 1902 2931 Direrse
1913 2906 2090 2937 procedendum

1241 2946 1283 2968 pro
1301 2939 1330 2962 El
1347 2939 1398 2962 dein
1415 2940 1616 2969 prosequendum.
