2243 3348
223 1179 275 1200 item,
283 1183 293 1197 a
302 1182 355 1202 prae-

223 1202 310 1221 sidentiis
316 1206 358 1220 cru-

246 1225 335 1244 delitatis.

228 2024 273 2043 Pars
288 2024 308 2043 ll.
322 2024 349 2043 De

239 2047 348 2067 fortitudine

263 2074 322 2090 actus.

235 2448 348 2467 subdivisio.

370 159 426 187 ίιὲἒῖι

370 241 493 265 ventrem
528 236 612 272 magis
642 239 738 263 onerat
765 241 847 270 quam
877 232 1006 265 reficit»,
1029 235 1055 259 et
1080 231 1215 267 significat

370 283 561 311 delectationes
576 282 721 313 vitiorum,
744 287 815 316 quae
830 279 929 307 satiant
943 282 970 306 et
984 277 1120 306 delectant
1141 280 1215 305 exte-

370 330 429 358 rius
450 337 551 366 corpus
572 333 598 357 et
621 328 735 356 interius
756 327 874 354 animam
896 333 949 353 non
967 324 1110 357 reficiunt,
1133 323 1215 351 immo

370 379 492 404 onerant.
517 376 549 403 Et
570 382 652 402 nemo
675 373 717 401 illi
737 371 843 405 sitibat,
865 371 930 408 quia
952 378 1001 399 nec
1024 370 1065 398 his
1087 369 1215 397 omuibus

370 422 520 452 satiabatur
535 425 561 450 et
583 421 752 457 frequenter,
767 418 813 447 ubi
830 417 945 446 credidit
961 416 1084 445 invenire
1097 416 1215 445 delecta-

370 470 471 502 tiones,
495 468 598 496 invenit
624 465 830 495 amaritudines.
853 464 903 493 Sed
927 463 1049 497 tandem,
1071 463 1166 491 videns
1187 470 1215 491 se

370 517 395 543 in
418 515 499 543 tantis
520 512 751 542 amaritmlinibus
772 515 799 540 et
821 511 938 540 miseriis
953 514 1128 547 peccatorum
1152 517 1215 547 pro-

369 566 496 594 stratum,
515 560 671 588 revertitur
685 559 725 587 acl
739 567 778 591 se,
799 566 848 595 per
863 558 904 586 sui
927 557 1173 586 considerationem
1189 560 1216 585 et

370 608 470 645 peccati
494 606 723 644 recognitionem,
745 609 772 634 et
793 605 879 634 dicit:
903 605 1050 641 Sarglam,
1074 612 1122 640 per
1152 603 1214 632 mali

369 655 469 692 peccati
492 654 674 682 desertionem
691 653 748 681 sive
762 652 987 685 declinationem;
1003 655 1029 680 et
1044 650 1088 679 ibo
1109 651 1149 679 ad
1161 659 1215 687 pa-

369 707 441 730 trem
464 709 574 734 meum,
597 708 646 737 per
667 699 729 728 boni
753 699 951 736 inceptionem;
977 702 1002 727 et
1029 698 1144 732 (licam,
1167 706 1215 735 per

368 749 424 777 oris
439 748 651 777 confessionem:
669 747 767 780 Pater,
781 746 900 783 peccavi
915 745 945 774 in
959 745 1083 779 caelant,
1103 748 1216 782 propter

368 798 555 832 contemptum
577 794 723 823 Maiestatis
744 793 851 821 divinae
873 792 1002 821 omnibus
1027 791 1216 829 praeeminen-

368 842 417 874 tis,
432 846 457 870 et
471 850 573 870 coram
588 845 628 875 le,
644 844 757 878 propter
772 843 960 876 contemptum
978 839 1106 868 Veritatis
1124 838 1216 867 omnia

368 889 520 922 cernentis;
543 888 603 917 ideo
624 897 682 916 non
702 896 768 916 sam
789 887 898 925 (11911118
920 886 1021 915 vocari
1040 886 1121 923 filius
1136 890 1215 919 titios,

368 941 481 973 propter
503 938 691 972 contemptum
706 934 836 963 honitatis
851 934 936 963 bonos
951 934 978 962 in
1000 933 1070 962 filios
1085 933 1216 969 adoptan-

370 985 417 1018 tis,
440 991 523 1021 quem
546 983 624 1011 Pater
645 982 773 1019 astringit
795 989 843 1018 per
865 981 1024 1018 amplexum
1047 980 1169 1009 caritatis
1190 983 1217 1009 et

369 1031 483 1067 suscipit
497 1030 530 1059 ad
545 1030 671 1059 osculnm
689 1029 772 1065 pacis,
785 1028 949 1065 proferendo
964 1028 1061 1056 stolam
1078 1026 1216 1056 interioris

369 1078 497 1115 puritatis
518 1080 544 1106 et
566 1076 704 1106 indue-ndo
727 1079 829 1105 vestem
851 1075 999 1104 exterioris
1021 1074 1179 1103 honestatis.

447 1124 539 1153 Tertio
558 1132 648 1161 ,πω-90
668 1131 684 1152 a
700 1122 906 1160 praesidentiis
925 1121 1106 1150 crudelitatis
1120 1121 1217 1150 diabo-

370 1172 441 1201 licae
468 1170 661 1208 opprimentis,
690 1173 717 1199 et
745 1170 796 1198 boc
825 1177 873 1206 per
902 1168 1066 1197 exercitium
1090 1168 1215 1202 virtutis;

369 1219 441 1248 unde
466 1220 583 1247 Actuum
612 1216 774 1246 duodecimo
790 1218 814 1244 ¹:
838 1216 932 1253 Snrye
953 1214 1101 1247 velociter,·
1122 1218 1147 1243 et
1174 1223 1215 1243 ce-

369 1267 502 1295 ciderit-nt
523 1269 641 1294 catenae
656 1264 689 1292 ile
710 1263 847 1292 manibus
862 1263 932 1291 eius.
951 1262 1047 1290 Petrus
1068 1261 1174 1298 positus
1189 1261 1215 1290 in

369 1313 486 1342 vinculis
507 1312 605 1341 ferreis
626 1319 661 1340 ex
683 1310 816 1339 diabolica
837 1309 1012 1346 suggestione
1040 1311 1067 1337 et
1095 1308 1147 1336 sub
1168 1316 1216 1337 cu-

369 1360 455 1388 stodia
476 1359 607 1392 militum,
629 1361 661 1386 ut
688 1357 903 1389 interficeretur,
931 1354 1067 1392 significat
1093 1359 1216 1392 peccato-

369 1415 426 1435 rem
450 1406 562 1443 ligatum
586 1404 702 1433 vinculis
729 1403 879 1432 diabolicae
908 1402 1012 1431 fraudis
1040 1406 1067 1430 et
1095 1402 1215 1439 positum

368 1454 420 1482 sub
441 1452 565 1481 custodia
579 1452 743 1480 daemonum
759 1450 793 1479 ad
808 1449 979 1487 perdendum
997 1452 1086 1478 morte
1107 1449 1216 1478 damna—

369 1500 449 1528 tionis
470 1502 606 1528 aeternae.
630 1498 675 1526 Hic
699 1500 791 1526 autem
820 1497 960 1525 excitatur
989 1496 1022 1524 ad
1045 1496 1215 1533 surgendum

367 1546 488 1583 angelica
502 1545 700 1578 admonitione,
716 1544 781 1581 qnia
797 1552 845 1581 per
860 1543 998 1572 auxilium
1012 1543 1123 1572 virtutis
1138 1543 1217 1571 Chri—

367 1594 399 1622 sti
416 1592 613 1630 confringentis
628 1599 723 1621 aercas
739 1594 831 1628 portas
845 1591 994 1619 diabolicae
1009 1590 1158 1624 custodiae,
1174 1598 1217 1618 ce-

367 1641 501 1669 ciderunt
528 1644 663 1673 catenae,
685 1638 835 1667 diabolicae
860 1637 980 1671 fraudis,
1002 1637 1035 1666 (Ie
1061 1637 1216 1671 manibas,

368 1688 504 1716 malorum
526 1694 641 1724 operum
664 1686 735 1714 etus.
751 1686 790 1714 De
812 1685 854 1714 his
869 1685 996 1714 similiter
1010 1684 1112 1713 dicitur
1135 1684 1215 1721 primi

367 1736 470 1772 Regum
494 1734 625 1771 vigesimo
648 1733 752 1771 primo:
776 1733 914 1761 Sari-escit
930 1732 1026 1760 David
1046 1735 1072 1760 et
1092 1730 1171 1769 sayit
1186 1730 1217 1759 in

367 1782 412 1810 [lie
433 1781 484 1810 illa
505 1790 524 1810 a
545 1780 623 1818 facie
638 1780 719 1809 Saul.
736 1797 773 1800 —
789 1779 863 1808 Saal
884 1779 1085 1815 interpretatur
1100 1778 1218 1807 abutens

367 1833 393 1858 et
408 1829 543 1866 significat
557 1828 714 1861 diabolum,
737 1827 783 1864 qui
799 1826 924 1855 abutitur
941 1826 1078 1855 creaturis
1099 1825 1164 1860 Dei;
1184 1825 1217 1854 de

368 1877 447 1905 euius
463 1878 595 1913 potestate
611 1875 700 1904 bonus
717 1874 813 1903 David
826 1873 923 1911 sziryz‘t
939 1881 988 1910 per
1003 1873 1140 1901 auxilium
1162 1872 1216 1901 vir-

368 1924 434 1952 tutis
455 1923 572 1957 Christi,
593 1921 712 1960 faciens
734 1921 768 1950 ab
789 1921 849 1950 eius
870 1920 966 1949 notitia
981 1920 1001 1948 2.

447 1971 474 1998 ll.
498 1969 622 1999 Secundo
644 1970 671 1998 in
693 1969 779 1998 verbo
800 1968 941 2005 proposito
960 1968 1079 2004 imperat
1099 1966 1217 2004 sortita-

367 2018 464 2046 (linem
485 2020 564 2046 actus
586 2024 635 2053 per
650 2015 857 2045 exsecutionem
873 2015 1009 2049 iustitiae,
1025 2022 1088 2043 cum
1109 2014 1217 2043 subdit:

369 2065 430 2093 tolle
453 2064 555 2093 lectum
578 2068 670 2092 tuum.
694 2063 739 2092 llle
761 2062 844 2091 habet
869 2061 1059 2090 fortitudinem
1090 2061 1115 2089 in
1138 2069 1218 2090 exse-

368 2112 478 2149 quendo
500 2111 642 2144 iustitiam,
658 2110 705 2147 qui
722 2109 792 2138 tollit
807 2109 896 2146 primo
911 2117 926 2137 a
941 2108 1093 2145 ‘Prophetis
1108 2112 1134 2137 et
1149 2109 1217 2145 Apo—

368 2159 444 2187 stolis
459 2159 665 2187 documentum
680 2156 887 2185 instructivum
904 2155 991 2184 fidelis
1006 2155 1217 2192 intelligentiae3

368 2206 504 2240 secundo,
525 2214 541 2234 a
563 2205 729 2234 Patriarchis
750 2207 777 2233 et
799 2203 959 2241 Virginibus
986 2203 1148 2240 exemplam
1174 2203 1218 2231 in-

367 2253 585 2290 flammantium
600 2252 722 2281 caritatis
737 2255 763 2280 et
778 2251 1000 2284 benevolentiae;
1014 2250 1104 2284 tertio,
1119 2259 1135 2279 a
1149 2250 1218 2279 Con-

368 2301 519 2330 fessorihus
533 2303 560 2329 et
571 2299 739 2336 ltlartyribus
755 2298 903 2327 anxilimn
919 2296 1147 2334 confortativum
1164 2298 1218 2326 lon-

368 2347 534 2385 ganimitatis
556 2350 582 2376 et
604 2346 751 2384 patientiae
772 2346 829 2374 sive
851 2345 1081 2382 perseverantiae.
1105 2344 1136 2373 Et
1151 2344 1217 2373 haec

369 2395 421 2422 tria
443 2398 508 2423 sunt
522 2393 677 2422 necessaria
698 2393 771 2421 omni
788 2392 953 2425 conditioni,
976 2392 1055 2420 sexui
1078 2394 1106 2420 et
1126 2391 1217 2425 aetati,

370 2441 471 2469 scilicet
485 2441 595 2469 veritas
610 2440 672 2469 fidei
688 2440 756 2469 dans
771 2439 995 2476 intelligentiam,
1011 2438 1125 2467 caritas
1139 2438 1219 2466 Chri-

370 2488 402 2516 sti
431 2488 499 2516 dans
530 2487 747 2516 benevolentiam
777 2489 804 2515 et
833 2486 1043 2523 longanimitas
1065 2485 1121 2522 spei
1150 2485 1218 2514 dans

370 2535 619 2571 perseverantiam;
642 2535 736 2563 nullus
756 2534 827 2562 enim
843 2533 955 2561 adultus
977 2536 1017 2561 est
1038 2533 1065 2561 in
1088 2535 1160 2561 statu
1176 2540 1218 2561 sa—

370 2581 451 2615 lutis,
473 2581 522 2609 nisi
547 2581 644 2610 haheat
660 2581 767 2609 fidelem
790 2580 998 2617 intelligentiam
1019 2579 1044 2607 in
1068 2579 1218 2613 intellectu,

371 2628 540 2657 caritativam
564 2628 780 2657 benevolentiam
805 2628 831 2656 in
854 2627 953 2655 affeetu
980 2630 1006 2655 et
1037 2626 1217 2663 longanimem

371 2676 604 2711 perseverantiam
627 2675 652 2703 in
676 2675 783 2704 effectu.

776 2863 797 2873 3¹
816 2862 828 2868 '¹
848 2865 852 2874 7

434 2883 442 2896 2
461 2885 563 2906 Fortasse
581 2885 705 2912 legendum
721 2884 865 2914 praesentia,

435 2921 444 2933 ³
462 2923 525 2944 Yers.
544 2924 585 2950 2¹3
603 2923 705 2951 sequitur
722 2924 790 2945 Rom.
811 2923 843 2949 11,
862 2924 882 2945 2.

434 2960 443 2972 '¹
462 2961 526 2983 Vel·<.
545 2963 564 2983 2.

1030 153 1202 182 SERMONES
1223 153 1265 181 DE
1288 152 1450 180 TEMPORE.

1351 230 1421 258 Bene
1443 237 1508 266 ergo
1524 229 1567 258 ille
1583 230 1664 258 habet
1679 229 1880 265 fortitudinem
1898 230 1924 258 in
1939 230 2117 267 exsequendo

1273 275 1420 309 iustitiam,
1435 276 1482 313 qui
1500 276 1568 304 tollit
1583 275 1673 312 primo
1688 275 1895 304 insci-uetiam
1914 276 2117 304 documentum

1272 321 1359 350 fidelis
1380 321 1588 359 intelligentiae;
1610 325 1637 350 et
1651 321 1684 350 de
1701 322 1751 350 hoc
1767 325 1855 358 potest
1870 322 1970 359 exponi
1988 322 2052 350 illud
2068 322 2118 351 Ge-

1272 368 1344 397 nesis
1366 372 1446 397 sexto
1461 369 1487 396 3;
1518 368 1605 397 Tolle-s
1621 373 1713 396 tecam
1735 368 1768 396 cle
1789 369 1923 397 omnibus
1937 369 2022 404 escis,
2045 378 2119 407 quae

1272 415 1376 444 mandi
1394 420 1526 452 possunt.
1542 416 1676 452 Quoniam
1698 415 1805 450 onmia,
1827 423 1898 453 quae
1912 416 2025 453 scripta
2039 420 2117 450 sunt,

1272 463 1312 491 acl
1333 466 1465 491 nostram
1480 463 1646 491 doctrinam
1660 464 1772 500 scripta
1787 467 1873 496 sant;
1889 463 1948 492 ideo
1962 463 1995 491 ad
2012 463 2072 497 hoc,
2088 467 2119 491 ut

1273 509 1411 546 possimus
1425 509 1541 538 evadere
1562 509 1731 538 iracundiam
1746 509 1882 546 generalis
1904 509 2009 544 iudicii,
2024 517 2118 538 exem-

1273 556 1318 593 [110
1333 556 1387 584 Νο6
1403 556 1521 585 tollentis
1539 564 1634 585 omnes
1655 563 1731 584 escas
1745 556 1928 585 comestibiles
1942 560 1969 584 et
1984 556 2071 585 licitas
2085 556 2117 585 ad

1272 603 1508 632 conservationem
1534 603 1658 640 corporis
1680 603 1845 631 instruimur
1867 603 2047 640 spiritualiter
2069 603 2119 632 tol-

1274 651 1330 680 lere
1351 659 1385 679 ex
1406 650 1535 679 omnibus
1557 650 1649 679 verbis
1669 659 1763 679 sacrae
1784 650 1956 687 Scripturae,
1971 658 2043 687 quae
2059 658 2119 687 pos-

1273 701 1338 726 sunt
1359 697 1439 726 iuxta
1454 697 1610 726 facultatem
1633 697 1826 734 intelligentiae
1846 696 1943 726 cedere
1957 697 1989 725 ad
2009 704 2119 725 conser-

1274 744 1410 773 vationem
1432 747 1459 772 et
1480 744 1596 772 salutem
1618 744 1783 772 animarum.

1352 790 1486 824 Secundo,
1509 790 1572 819 tolle
1593 790 1755 827 exemplam
1777 789 2025 827 inflammantium
2050 790 2120 819 cari-

1274 838 1336 867 tatis
1357 841 1384 867 et
1406 837 1627 871 benevolentiae;
1649 837 1723 866 unde
1737 837 1849 866 Genesis
1870 837 2001 874 vigesimo
2022 845 2119 866 secun-

1273 885 1307 914 do
1321 886 1348 913 ⁴:
1379 885 1452 913 Tolle
1471 884 1567 920 filiam
1590 888 1674 912 tatoni
1696 884 1890 921 nniyenitain,
1905 893 1988 922 quem
2010 884 2119 922 diliyz's,

1273 932 1377 966 Isaac,
1399 935 1423 960 el
1446 932 1517 960 cade
1538 931 1569 960 in
1585 936 1696 959 terram
1719 931 1839 959 visionis
1857 934 1943 969 alque
1963 931 2004 960 ibi
2021 930 2120 969 olferes

1273 987 1338 1007 eum
1361 979 1426 1007 mihi
1450 979 1481 1007 in
1502 977 1701 1007 holocaustam
1728 986 1818 1015 super
1839 986 1932 1006 anum
1961 978 2120 1011 montium,

1273 1034 1355 1065 quem
1378 1029 1580 1054 monstravero
1602 1025 1660 1054 tibi.
1684 1042 1722 1046 —
1739 1025 1791 1062 Qui
1813 1025 1886 1054 enim
1909 1025 1967 1054 vult
1988 1025 2120 1062 experiri,

1274 1077 1368 1102 utrum
1390 1073 1485 1110 diligat
1506 1073 1609 1106 Deum,
1632 1073 1723 1101 cadat
1744 1073 1783 1100 ad
1805 1076 1916 1100 terram
1936 1072 2075 1106 visionis,
2095 1072 2121 1101 id

1273 1123 1323 1154 est,
1345 1119 1516 1156 ingrediatur
1545 1122 1651 1148 secreta
1678 1118 1875 1152 conscientiae,
1897 1122 1924 1147 et
1944 1118 1981 1147 ibi
2003 1118 2121 1152 videbit,

1273 1170 1408 1204 quantum
1430 1167 1525 1203 diligat
1547 1166 1643 1195 Deum.
1660 1166 1685 1194 Si
1708 1165 1781 1194 enim
1802 1169 1916 1202 paratus
1931 1168 1972 1194 est
1993 1165 2121 1202 exemplo

1274 1214 1398 1243 Abrahae
1418 1222 1507 1250 saper
1529 1222 1624 1242 anam
1656 1213 1814 1247 montium,
1837 1221 1920 1250 quem
1944 1213 2019 1241 Deus
2040 1221 2121 1241 mon-

1272 1264 1358 1295 strat,
1380 1261 1406 1289 id
1428 1264 1470 1289 est
1491 1261 1517 1289 in
1539 1260 1632 1297 aliquo
1661 1260 1782 1297 perfecto
1810 1263 1884 1289 statu
1905 1260 2051 1297 Religionis
2079 1260 2122 1289 vel

1274 1308 1472 1345 poenitentiae,
1504 1315 1586 1344 quem
1617 1307 1690 1336 Deus
1718 1306 1797 1335 docet
1824 1306 1998 1343 inspirando,
2020 1306 2122 1345 offerre

1273 1354 1407 1391 quidquid
1433 1354 1543 1383 carnale
1572 1354 1613 1383 vel
1640 1354 1790 1390 temporale
1818 1357 1907 1391 potest
1937 1362 2000 1383 eum
2034 1357 2122 1383 retra-

1274 1402 1341 1430 here
1355 1402 1365 1418 ⁵
1387 1405 1414 1430 et
1435 1401 1470 1430 ab
1492 1409 1587 1430 amore
1612 1401 1659 1430 Dei
1685 1401 1829 1438 elongare;
1851 1401 1973 1430 maxime
1991 1401 2122 1430 excludat

1273 1456 1289 1477 a
1310 1456 1354 1477 se:
1377 1448 1467 1485 primo
1488 1448 1701 1477 denmlcentiam
1723 1447 1983 1485 consanguinitatis;
2008 1451 2122 1485 propter

1273 1495 1347 1532 quod
1369 1495 1487 1524 dicitur:
1516 1494 1589 1523 Tolle
1602 1494 1713 1531 filiam,
1735 1494 1801 1531 quia
1821 1495 1873 1532 qm·
1893 1498 1976 1523 amat
1995 1497 2121 1531 patrem,

1274 1546 1327 1571 aut
1349 1546 1489 1576 matrem,
1511 1546 1564 1570 aut
1592 1541 1704 1578 filiam,
1727 1545 1779 1570 aut
1806 1540 1933 1578 fratrem
1956 1541 1997 1570 vel
2025 1548 2122 1578 quem-

1274 1597 1394 1627 cumque
1425 1589 1587 1618 attinentem
1618 1588 1669 1617 sibi
1702 1588 1764 1617 inre
1792 1588 2007 1625 propinquitatis
2037 1595 2122 1625 supra

1274 1636 1431 1670 Christum,
1460 1644 1518 1664 non
1546 1639 1586 1664 est
1614 1644 1644 1664 eo
1676 1636 1799 1673 dignam
1827 1635 1957 1669 secunda
1978 1635 2121 1664 avaritiam

1275 1683 1466 1720 proprietatis;
1496 1683 1569 1711 unde
1597 1683 1741 1712 subditur:
1771 1687 1873 1716 tanim
1898 1682 2045 1720 quoniam,
2070 1682 2121 1711 nisi

1275 1731 1338 1767 quis
1359 1730 1510 1759 renuntiat
1532 1730 1683 1764 omnibns,
1705 1738 1780 1767 quae
1798 1729 1940 1767 possidet,
1955 1738 2014 1758 non
2030 1732 2123 1767 potest

1274 1777 1374 1806 Christi
1397 1786 1456 1806 csse
1470 1777 1634 1814 discipulas
1646 1777 1675 1809 ⁶:
1692 1777 1782 1810 tertio,
1804 1777 1961 1806 illecebram
1976 1775 2123 1805 delectabi-

1276 1825 1373 1859 litatis;
1394 1824 1469 1853 unde
1489 1824 1579 1853 addit:
1601 1832 1685 1862 quem
1699 1823 1807 1861 cliliyis.
1823 1824 1916 1852 Solent
1937 1824 1988 1852 ista
2009 1823 2063 1852 tria
2083 1826 2123 1852 at-

1276 1872 1387 1901 trahere
1414 1874 1442 1900 et
1473 1872 1605 1900 inclinare
1627 1871 1766 1900 hominem
1788 1871 1821 1900 ad
1843 1879 1965 1900 amorem
1991 1878 2074 1900 suum
2096 1873 2123 1899 et

1275 1919 1419 1948 retrahere
1449 1919 1484 1947 ab
1515 1926 1609 1947 amore
1637 1918 1742 1952 divino,
1771 1926 1842 1955 quae
1873 1918 1965 1947 omnia
1995 1918 2123 1954 exemplo

1275 1966 1399 1995 Abrahae
1420 1966 1501 1995 debet
1523 1966 1606 1994 homo
1627 1965 1779 2003 spiritualis
1807 1974 1823 1994 a
1844 1973 1873 1994 se
1898 1965 2064 2000 excludere,
2092 1968 2123 1993 ut

1275 2013 1361 2050 possit
1381 2013 1527 2050 acquirere
1550 2013 1595 2042 Dei
1618 2021 1740 2042 amorem
1763 2016 1790 2041 et
1811 2012 1968 2042 amicitiam.

1354 2060 1462 2094 Tertio,
1487 2060 1549 2088 tolle
1578 2059 1728 2088 auxilinm
1749 2058 1979 2097 confortativum
2001 2058 2123 2096 longani-

1275 2107 1377 2136 mitatis
1398 2110 1425 2136 et
1446 2107 1605 2144 patientiae;
1636 2106 1708 2135 unde
1737 2107 1825 2135 Lucae
1855 2106 1968 2135 nono⁷:
1998 2106 2031 2135 Si
2057 2114 2123 2144 quis

1274 2154 1337 2183 vult
1354 2158 1421 2191 post
1443 2163 1486 2182 me
1507 2154 1621 2188 venire,
1644 2153 1763 2191 abneyet
1783 2153 1966 2190 semetipsum
1992 2156 2018 2181 et
2045 2152 2123 2181 tollat

1275 2210 1391 2230 crucem
1411 2209 1500 2229 sua-m
1521 2204 1547 2229 ct
1566 2204 1708 2239 sequatur
1729 2209 1781 2228 me.
1797 2217 1835 2220 —
1862 2200 1895 2229 Si
1914 2200 1980 2238 qais
2000 2199 2061 2229 vult
2079 2208 2124 2228 ve-

1274 2249 1339 2277 nire
1357 2252 1422 2285 post
1442 2257 1496 2282 me,
1518 2256 1590 2282 ecce,
1614 2247 1774 2285 postpositio
1795 2251 1822 2276 et
1843 2248 1977 2277 subiectio
1998 2248 2124 2277 volunta-

1275 2296 1324 2330 tis;
1347 2299 1373 2324 et
1394 2295 1473 2324 dicit:
1504 2294 1578 2329 viril,
1608 2298 1638 2323 ut
1666 2294 1752 2323 libere
1773 2298 1800 2323 et
1825 2294 1884 2323 sine
1911 2294 2050 2323 coactione
2071 2294 2123 2323 hoc

1274 2343 1370 2375 faciat;
1393 2342 1510 2379 abncyet
1524 2342 1727 2379 semetipsam,
1742 2349 1821 2376 ecce,
1844 2342 1991 2379 captivatio
2012 2341 2123 2370 liberta-

1276 2390 1325 2424 tis,
1347 2393 1378 2418 111
1393 2398 1446 2418 11011
1462 2389 1614 2418 secundnm
1631 2397 1659 2418 se
1681 2389 1786 2426 ipsum,
1802 2389 1848 2418 sed
1864 2389 2016 2418 secundum
2036 2389 2122 2417 Deum

1275 2437 1363 2471 vivat3
1386 2441 1411 2465 ct
1432 2436 1511 2465 tollat
1533 2445 1649 2465 cracem
1670 2445 1775 2470 suain,
1798 2444 1877 2471 ecce,
1905 2436 2039 2465 assumtio
2059 2443 2123 2472 poe-

1275 2484 1410 2517 nalitatis,
1439 2487 1465 2512 et
1494 2484 1546 2512 hoc
1575 2491 1623 2520 per
1652 2483 1810 2520 patientiam
1820 2494 1827 2518 ;
1849 2487 1875 2511 et
1899 2486 2041 2521 sequatur
2062 2491 2122 2516 me,

1275 2538 1352 2564 ecce,
1382 2531 1496 2559 directio
1525 2530 1760 2567 exeniplaritatis,
1789 2530 1835 2567 qui
1866 2529 1970 2558 tamdiu
1996 2529 2122 2566 clypeum

1276 2578 1422 2615 patientiae
1445 2578 1579 2615 portavit,
1601 2577 1687 2606 donec
1709 2578 1792 2606 vitam
1816 2577 1912 2606 finivit.

1355 2625 1393 2652 llt.
1410 2625 1502 2653 'l'ertio
1517 2625 1543 2653 111
1561 2624 1645 2653 verbo
1661 2624 1801 2661 proposito
1817 2624 1935 2661 imperat
1946 2624 2123 2661 promptita-

1276 2672 1370 2700 (linem
1388 2676 1482 2700 motii->¹
1497 2680 1546 2708 per
1558 2671 1766 2708 acquisitionem
1782 2671 1894 2708 gloriae,
1906 2679 1969 2700 cum
1985 2670 2121 2707 adiungit:

1340 2843 1348 2855 s·
1366 2844 1421 2865 «jod.
1440 2844 1454 2865 F
1473 2843 1525 2871 legit
1540 2842 1686 2870 distrahere,-
1709 2842 1766 2864 infra
1787 2841 1929 2863 correximus
1949 2840 2062 2864 carcludat
2080 2847 2122 2869 pro

1276 2881 1432 2909 emclndendo,
1453 2886 1478 2904 ut
1494 2881 1635 2904 constructio
1653 2881 1681 2903 sit
1698 2886 1808 2909 congrua.
1826 2893 1856 2896 —
1875 2880 1982 2909 Sequitur
1994 2880 2070 2902 Matth.
2089 2880 2122 2907 10,

1277 2922 1313 2944 37.
1333 2923 1381 2949 (cfr.
1400 2922 1454 2944 Luc.
1475 2922 1509 2948 tt,
1527 2922 1581 2949 2⁴3sp
1931 2918 1941 2932 ὅ
1958 2920 2012 2942 Luc.
2035 2919 2066 2947 14,
2085 2920 2122 2942 33.

1340 2960 1347 2973 ⁷
1366 2961 1432 2983 Yet-s,
1449 2961 1491 2987 *233
1510 2962 1549 2983 cfr.
1570 2961 1644 2982 Matth.
1667 2960 1703 2987 tc,
1721 2959 1758 2982 24.

2142 237 2225 262 Requiriti

2130 260 2225 288 doemone

2168 284 2214 305 ndei.

2136 797 2186 821 Item,
2199 802 2235 819 exe*

2134 809 2238 877 pluinutgari}Y

2139 2066 2191 2089 item,
2203 2071 2234 2085 aux

2104 2105 2109 2110 .
2137 2090 2184 2109 lium
2195 2090 2239 2113 long--

2149 2113 2236 2133 nimium

2138 2630 2183 2649 Para
2194 2629 2222 2649 111.
2235 2629 2241 2647 l

2158 2653 2242 2677 romptitu

2152 2678 2182 2696 ine
2195 2678 2239 2696 motu
