2243 3348
877 169 1119 198 PROLEGOMENA
1140 170 1168 198 C.
1192 169 1208 197 1.
1859 173 1913 202 Xlll

170 248 357 275 daemoniorum,
366 253 381 270 a
391 253 438 277 qua
447 246 532 276 Anyeli
540 246 715 277 desertoresque
723 247 870 271 exciderunt.
880 248 1013 276 Sequuntur

169 301 286 317 sermones
303 294 333 317 de
343 293 466 316 Communi
484 294 629 321 Sanctorum,
641 296 680 323 qui
697 294 810 322 incipiunt
821 297 843 316 et
855 294 977 317 terminant
989 297 1014 316 ut

169 341 191 364 in
209 341 324 369 praedicta
342 341 448 363 editione.
466 341 488 363 ln
506 341 551 363 fine
569 340 678 363 liabetur:
696 342 723 364 ln
741 341 880 370 Rautlinyen.
902 340 1014 364 autumni

169 390 272 418 tempore
289 387 472 417 complevimus;
489 387 552 411 uncte
568 388 661 417 gratias
678 388 805 418 referimus
819 387 917 411 Domino
935 388 1013 411 lutmi-

170 435 228 458 tium
246 434 383 458 exaltatori.
399 436 445 458 An.
464 434 559 458 Domini
574 434 796 458 MGCCOLXXXV.

291 505 330 528 VI.
347 505 377 528 De
393 504 491 528 editione
507 512 544 528 an.
564 504 632 529 1436.
649 504 714 528 facta
730 504 754 528 in
768 505 886 534 Hagenau.

229 576 292 598 Folio
310 575 385 604 primo
404 575 498 603 legitur:
511 574 637 598 Sermones
649 574 677 597 cle
693 575 797 604 tempore
809 576 830 597 et
846 573 940 597 Sanctis
957 579 1012 597 cum

167 621 294 645 Communi
302 621 453 645 Sanctorum.
467 621 529 644 Folio
537 621 640 644 secundo
650 621 858 644 rect028ermones
870 619 897 643 de
908 621 1012 649 tempore

166 670 189 692 et
204 668 297 692 Sanctis
315 674 344 692 ac
360 668 388 691 de
405 668 527 692 communi
537 668 690 691 Sanctorum.
705 668 811 691 Ventura
828 667 889 691 bona
900 666 1010 695 docentis,

167 719 191 738 ut
208 722 276 744 supra
295 722 316 738 n.
335 716 360 743 ll,
378 716 409 738 111.
422 715 495 738 Habet
507 716 601 738 eosdem
614 721 732 738 sermones
745 717 769 737 ut
780 714 849 737 editio
862 714 1010 742 praecedens.

306 785 355 808 vn.
373 785 403 808 De
420 785 518 808 editione
534 785 662 814 Argentina
679 792 716 807 an.
734 783 802 807 1496.

228 856 322 884 Legitur
341 856 392 878 tolio
410 856 484 884 primo
502 858 576 878 recto:
594 854 720 877 Sermones
734 853 864 877 mediocres
880 854 958 877 sancti
968 854 1010 877 Bo-

166 905 298 927 naeenturc
315 903 343 926 de
360 904 471 932 tempore.
489 915 518 918 -—
535 902 597 924 Folio
619 901 721 924 seeundo
746 904 780 923 est
800 901 878 923 tabula
903 900 1010 929 alphabe-

166 951 217 978 tica,
236 953 289 978 post
305 956 389 979 quam:
406 948 525 978 Incipiunt
540 954 660 971 sermones
685 947 813 971 mediocres
835 947 913 971 sancti
934 948 1010 971 Bona-

165 999 271 1020 oenture.
287 996 405 1019 Dominica
424 996 437 1017 Ι.
456 995 477 1017 111
494 995 614 1018 Adventu:
631 995 697 1022 Ecce,
715 994 762 1018 (lies
779 995 882 1022 zenimzt,
900 994 956 1018 dicit
966 995 1010 1018 Do-

165 1044 253 1072 minus,
271 1043 367 1067 Ieremia
383 1042 495 1072 vigesimo
512 1042 600 1072 quinto.
617 1042 703 1065 Desinit
727 1042 763 1064 sol.
788 1043 826 1064 ῚῚ161
850 1049 883 1065 r.:
907 1042 954 1070 Qui
969 1048 1010 1065 au-

164 1093 210 1116 tem
223 1089 412 1121 perseveraverit
428 1095 503 1119 usque
520 1089 544 1112 in
560 1089 639 1120 linem,
656 1088 688 1112 acl
709 1095 778 1119 quem
800 1095 843 1112 nos
866 1092 909 1112 etc.
927 1089 1009 1119 Empti-

165 1139 230 1162 ciunt
245 1143 366 1162 sermones
383 1137 411 1160 de
427 1136 539 1166 Epistolis
565 1139 586 1160 et
604 1136 738 1166 Evanqetz‘z's
762 1136 943 1160 dominicalibus
964 1143 1009 1166 per

163 1185 290 1210 circuitum
306 1185 367 1208 anni
382 1184 414 1208 ad
430 1184 544 1208 honorem
561 1185 587 1207 D.
607 1185 636 1207 N.
653 1185 671 1207 I.
690 1183 777 1207 Christi
794 1183 915 1213 compilati
930 1190 944 1207 a
956 1190 1009 1207 san-

164 1234 199 1256 cto
218 1233 394 1255 Bonaeentttra.
410 1231 472 1254 Folio
495 1232 535 1253 162
554 1237 572 1253 r.
589 1234 717 1260 sequuntur
734 1231 810 1253 adnuo
827 1231 864 1253 alii
881 1237 1008 1258 sermones,

163 1281 188 1301 ut
204 1279 234 1301 de
250 1281 338 1306 septem
356 1278 432 1301 causis
449 1277 597 1300 institutionis
614 1277 777 1304 Eucharistiae,
795 1277 824 1299 de
841 1278 945 1306 quinque
967 1277 1009 1299 ini-

163 1325 275 1348 rabilibus
291 1326 313 1347 in
333 1325 471 1348 Eucliaristia
489 1328 531 1347 etc.
549 1324 635 1347 Desinit
652 1325 689 1347 sol.
713 1324 765 1346 Ι158.
789 1326 810 1346 111
827 1324 884 1346 tine:
906 1324 1009 1353 Impres-

162 1378 203 1395 sus
228 1373 263 1395 est
287 1371 378 1394 libellus
400 1371 442 1394 isle
464 1371 592 1401 Aryentine
617 1372 686 1394 Anno
708 1370 804 1394 Domini
827 1370 1008 1394 MCGCCXGVI.

162 1418 243 1449 finitus
260 1418 285 1441 in
302 1417 338 1441 die
355 1417 432 1441 sancti
449 1417 561 1447 Greyorii
577 1418 663 1447 Papae.
681 1430 710 1433 ——
721 1418 805 1440 Auctor
823 1418 905 1440 horum
924 1423 1008 1439 sermo-

162 1472 217 1489 num
235 1468 297 1488 certo
315 1472 361 1488 non
379 1468 412 1488 est
430 1465 451 1487 S.
475 1466 649 1492 Bonaventura,
666 1471 719 1487 cum
737 1467 847 1493 sequatur
873 1465 1007 1487 methodum

162 1519 175 1535 a
192 1513 262 1536 modo
280 1513 339 1535 illius
357 1519 452 1541 prorsus
469 1513 594 1540 diversam.

329 1582 390 1605 VIII.
409 1581 438 1605 De
455 1581 554 1604 editione
571 1581 696 1604 Basileensi
713 1588 751 1604 an.
771 1581 839 1605 1502.

227 1655 278 1676 Post
295 1654 408 1676 monitum
427 1653 456 1675 ad
468 1653 586 1675 Lectorem
599 1655 726 1681 sequuntur
739 1653 795 1675 tituli
806 1658 945 1675 sermonum
956 1659 1008 1682 pcr-

161 1701 302 1731 carinarum
318 1700 366 1723 sice
383 1699 595 1729 emti-anayantium
612 1699 636 1722 in
653 1699 696 1722 ltoc
721 1698 781 1722 libro
799 1699 952 1722 insertortun.
975 1699 1008 1722 lbi

162 1750 314 1771 numerantur
331 1748 361 1770 23
378 1752 510 1773 sermones,
528 1752 628 1775 quorum
646 1747 659 1768 9
678 1749 731 1768 sunt
748 1746 807 1769 Petri
824 1746 923 1773 Aureoli,
935 1747 1008 1769 archi-

161 1794 263 1823 episcopi
281 1793 403 1822 Aquensis,
421 1794 434 1815 S
453 1793 557 1820 magistri
569 1792 682 1815 Francisci
695 1793 724 1815 de.
736 1793 857 1820 lllayronis,
869 1793 939 1815 etalii
956 1799 1008 1815 ano-

161 1841 233 1869 nymi.
251 1840 337 1863 Deinde
355 1840 432 1862 tabula
449 1839 592 1867 alphabetico
614 1845 749 1861 sermonum
773 1839 955 1862 dominicalium.
977 1852 1008 1855 —

162 1888 280 1917 Sequitur:
292 1887 418 1910 Sermones
430 1886 500 1909 aurei
510 1888 580 1916 atque
591 1885 688 1909 subtiles
698 1885 725 1908 cle
737 1887 840 1915 tempore
851 1887 873 1909 et
884 1886 1007 1910 destinetis

161 1940 215 1958 cum
230 1933 353 1958 communi
362 1935 502 1957 sanc-lorum
519 1932 556 1956 sti.
573 1933 739 1956 Bonacentttrc
756 1932 859 1956 doctoris
875 1933 1006 1963 seraphici:

161 1983 312 2005 sacrosancte
337 1981 441 2004 Romane
465 1980 558 2004 ecclesie
583 1980 713 2003 cardinalis
731 1982 752 2003 et
769 1980 812 2010 epi.
831 1980 955 2004 Albanens.
977 1987 1008 2004 eoe

162 2027 213 2051 clivo
231 2027 354 2051 minorum
366 2027 462 2055 ordine,
480 2026 561 2050 veriet
578 2026 710 2050 indubitati.
722 2026 860 2057 Diaei-sique
871 2027 901 2050 ab
919 2027 954 2050 liis
966 2027 1007 2050 ali-

162 2075 257 2105 quando
275 2074 397 2104 impressis
414 2076 436 2098 et
453 2076 534 2098 sancto
560 2075 726 2098 Bonavenlure
746 2074 808 2104 falso
830 2074 969 2104 adscriptis:
992 2081 1007 2097 a

162 2120 226 2144 decio
244 2120 335 2143 erroris
352 2120 532 2144 accuratissime
549 2120 660 2150 castiyati
674 2122 745 2150 atque
758 2120 883 2144 emendati.
901 2122 963 2144 Folio
975 2128 1008 2144 se-

162 2168 239 2190 cundo
257 2174 288 2190 r.:
306 2167 426 2196 Incipiunt
441 2173 562 2191 sermones
579 2167 649 2191 aurei
664 2168 742 2191 sancti
755 2168 921 2191 Bonan-entare
933 2168 1008 2192 docto-

162 2215 196 2238 ris
214 2214 353 2244 Scrapltici:
371 2217 522 2238 sacrosancte
538 2215 643 2238 Romane
660 2215 753 2239 ecclesie
771 2215 906 2239 Gai-amalis
923 2217 944 2239 et
964 2215 1006 2245 epi.

161 2261 317 2286 Albanensis:
336 2268 367 2285 (ιτ
384 2261 466 2285 ordine
483 2262 612 2285 minorum.
638 2262 762 2286 Dominica
784 2263 866 2292 prima
892 2263 1007 2287 adrentus

162 2309 259 2333 domini.
277 2309 361 2333 Sermo
381 2309 485 2339 primus.
508 2309 548 2333 His
570 2311 649 2333 antem
671 2310 833 2340 incipientibus
858 2311 965 2341 respicite
986 2313 1007 2335 et

163 2357 249 2380 elevate
266 2356 343 2386 capita
370 2358 456 2385 vestra.
482 2356 593 2386 quoniam
611 2359 660 2385 etc„
679 2358 739 2381 Luce.
756 2358 824 2381 XXI.
843 2359 961 2386 Quoniam
982 2359 1007 2382 iu

161 2403 283 2433 ‹wanqetio
300 2402 413 2426 hodierno
438 2405 561 2432 ponuntur
575 2404 690 2434 presayz'a
714 2404 813 2428 secandi
831 2405 945 2429 adventus
963 2410 1006 2429 etc.

225 2450 314 2472 Revera
332 2452 462 2478 sequuntur
479 2450 509 2472 illi
528 2451 620 2478 genuini
644 2451 672 2473 53
700 2458 831 2477 sermones.
854 2459 913 2481 quos
938 2452 1007 2475 habet

160 2497 230 2519 editio
249 2486 366 2523 tinnientia,
383 2496 422 2518 sed
440 2497 576 2519 commixtos
593 2503 645 2519 cum
658 2498 804 2521 sermonibus
821 2498 928 2522 Conradi.
946 2500 1006 2522 llaec.

161 2549 217 2565 vero
235 2543 304 2566 editio
322 2549 367 2565 non
385 2542 453 2565 nabet
470 2543 526 2566 alios
543 2550 661 2566 sermones
677 2545 721 2567 nisi
737 2545 786 2567 illos
803 2552 863 2574 quos
879 2549 940 2568 recte
957 2547 1006 2569 aliis

161 2590 301 2617 auctoribus,
326 2590 374 2612 scil.
392 2590 482 2613 Aureoli
508 2593 530 2612 et
551 2591 663 2613 Francisci
685 2591 714 2614 de
737 2592 858 2620 lllayronis,
884 2593 1006 2621 inscripsit.

160 2636 315 2665 Approbanda
334 2639 368 2659 est
384 2637 452 2659 etiam
479 2637 513 2659 illa
536 2643 645 2666 censura,
668 2639 730 2667 quod
753 2639 775 2660 in
800 2639 849 2661 aliis
865 2640 1006 2663 editionibus

160 2684 334 2706 Bonaventurae
352 2683 407 2705 salso
424 2683 532 2711 adscripti
549 2683 594 2706 sint
610 2684 666 2706 varii
681 2690 807 2707 sermones.

224 2730 286 2753 Folio
305 2731 349 2752 181»
366 2737 388 2753 v,
406 2730 501 2758 legitur:
513 2730 652 2760 Etrpliciunt
663 2737 783 2755 sermones
796 2732 964 2762 [armatissimi
973 2740 1006 2757 se-

160 2777 254 2807 raphici
270 2777 372 2801 doctoris
388 2777 466 2801 sancti
482 2778 662 2801 Bonarentarae
679 2784 733 2802 cum
750 2779 868 2809 aliquibus
885 2780 939 2803 aliis
956 2787 1005 2804 ser-

161 2824 284 2847 monibus:
302 2824 383 2847 domni
399 2823 498 2848 Aureoli
513 2824 690 2854 Arcltiepiscopi
709 2826 834 2855 aquensis:
858 2829 881 2850 et
902 2827 1004 2851 doctoris

161 2870 292 2894 illuminati
307 2870 432 2894 Francisci
447 2870 474 2894 cle
491 2870 627 2900 Manronis:
650 2871 700 2895 suis
718 2872 742 2895 in
768 2872 825 2896 locis
847 2874 956 2897 annotati
978 2874 1005 2897 sle

162 2919 271 2947 tempore.
289 2919 358 2941 Anno
376 2917 446 2941 4502)
463 2918 498 2941 die
514 2924 570 2941 ‘raro
587 2919 634 2941 XV
650 2918 748 2948 Aprilis.

1122 247 1252 276 Sequitur:
1273 247 1362 270 Tabula
1379 247 1528 277 alphabetico
1549 254 1621 278 super
1644 255 1764 273 sermones
1781 249 1808 273 de
1825 251 1913 274 sanctis

1069 293 1215 317 sanctissimi
1231 294 1395 316 Bonaventure
1412 297 1454 316 etc.
1473 294 1570 317 Deinde:
1590 294 1663 318 Tituli
1678 301 1817 318 sermonum
1834 296 1861 319 cle
1881 297 1912 325 fe-

1068 339 1210 364 stivitatibus
1226 341 1375 363 sanctorum..
1393 341 1471 363 Tunc:
1495 341 1622 365 Sermones
1643 342 1758 371 formales
1775 342 1802 366 de
1824 343 1913 367 sanctis

1065 394 1110 417 per
1127 387 1255 411 circuitum
1279 386 1340 410 {nini
1355 387 1534 411 celebratissimi
1546 388 1626 418 patris
1650 389 1729 412 sancti
1749 390 1914 413 Bonaventure

1070 434 1206 458 cardinalis
1223 436 1265 457 etc.
1283 434 1370 457 Deinde
1387 441 1439 457 cnm
1457 441 1516 457 nova
1536 436 1694 458 numeratione
1712 437 1763 459 solio
1784 438 1791 459 1
1813 444 1845 459 r.:
1859 437 1913 461 Ser-

1069 486 1150 504 mones
1167 480 1195 504 de
1211 481 1300 504 sanctis
1314 487 1359 510 per
1377 481 1494 505 circutum
1506 482 1565 505 anni
1575 482 1689 512 formales
1707 483 1784 506 saneti
1795 484 1914 507 Bouaren-

1068 529 1122 550 ture
1139 529 1181 551 etc.

1134 574 1165 596 Dc
1181 575 1263 597 sancto
1289 574 1383 597 Anslrea
1407 575 1518 604 Apostolo
1543 581 1622 598 sermo
1645 576 1755 605 primus:
1773 576 1832 599 ΜίΙιί
1853 576 1915 600 absit

1068 620 1172 650 qloriari
1187 620 1235 643 nisi
1250 621 1275 643 in
1292 627 1362 644 cruce
1375 621 1470 645 Domini
1486 622 1571 645 Nostri
1582 622 1632 646 iesu
1649 622 1739 651 christi,
1752 623 1804 647 Gal.
1822 623 1912 647 ultimo.

1068 667 1163 691 Narrat
1185 667 1291 691 Valerius
1309 668 1444 697 Mamimas,
1470 669 1533 699 quod
1549 671 1616 693 tanta
1639 669 1663 693 in
1679 670 1787 693 romanis
1809 670 1913 700 antiquis

1068 713 1152 743 cupido
1170 714 1261 744 [floriac
1277 714 1323 744 fait
1341 718 1383 738 etc.
1400 727 1430 732 —
1447 715 1509 738 Folio
1527 716 1555 737 97
1579 723 1614 738 r.:
1635 716 1774 746 Empliciunt
1792 722 1913 739 sermones

1068 761 1095 784 tle
1111 761 1204 785 sanctis.
1225 761 1372 785 sanctissimi
1393 762 1558 785 Bonawntare
1582 764 1624 786 etc.
1650 763 1760 792 impressi
1773 769 1817 793 per
1839 763 1912 793 maai-

1066 810 1146 832 strum
1163 808 1274 832 Iacobum
1288 809 1475 839 pfortzlzemium
1493 809 1569 833 Civem
1581 809 1737 833 Basileensem
1749 811 1817 834 Anno
1829 810 1913 834 salutis

1067 857 1089 879 et
1104 856 1181 885 qratie
1197 855 1322 879 millesimo
1341 855 1526 886 qninyentesimo
1544 856 1654 880 secundo.
1669 857 1765 880 Deinde:
1786 857 1912 881 Sermones

1067 902 1094 926 de
1111 902 1233 926 communi
1249 904 1390 926 sanctornm
1406 902 1556 927 subtilissimi
1571 905 1641 933 atque
1652 903 1766 933 formales
1783 904 1860 927 sancti
1873 905 1913 928 Bo·

1066 951 1198 973 nonenim-e
1214 952 1256 973 etc.
1274 951 1407 979 Sequuntur
1424 951 1453 973 de
1471 950 1593 973 Communi
1611 951 1755 980 Sanctorum,
1773 955 1794 974 et
1806 952 1913 974 desinunt

1068 997 1120 1020 solio
1138 997 1166 1019 87
1185 1003 1206 1019 v.
1225 998 1247 1019 111
1266 997 1321 1019 fine:
1341 997 1486 1027 Eaepliciunt
1509 1000 1533 1020 ut
1555 1004 1624 1025 supra
1648 1001 1670 1020 et
1690 998 1812 1026 repetitur:
1835 997 1914 1021 lacobi

1063 1044 1218 1074 pfortzliemii
1234 1044 1290 1068 civis
1309 1044 1448 1068 Basileensis
1466 1045 1583 1074 impressi.
1602 1046 1671 1068 Anno
1690 1044 1767 1070 «1502.

1129 1093 1151 1114 ln
1162 1092 1268 1119 editione,
1278 1098 1323 1120 qua
1336 1092 1430 1119 utimur,
1442 1095 1571 1121 sequuntur
1583 1092 1671 1115 adhuc:
1689 1101 1698 1112 α
1708 1093 1831 1115 Sermones
1840 1093 1912 1115 Amici

1066 1145 1093 1161 ex
1110 1142 1220 1166 corrupto
1238 1138 1370 1166 reintegrati
1387 1138 1472 1167 quibus
1489 1139 1604 1167 praefixae
1616 1142 1668 1161 sunt
1686 1139 1841 1162 distinctiones
1853 1139 1912 1161 idest

1066 1187 1228 1214 explicationes
1244 1187 1267 1208 in
1285 1187 1357 1208 torma
1376 1186 1519 1214 alphabetico
1537 1187 1566 1209 de
1583 1186 1653 1209 rebus
1679 1186 1873 1214 praedicabilibus
1890 1187 1912 1208 in

1065 1239 1184 1255 sermones
1200 1233 1274 1255 Amici
1286 1241 1308 1254 ι).

1129 1280 1240 1302 Praedicti
1257 1285 1376 1302 sermones
1394 1280 1422 1302 de
1440 1280 1528 1302 Sanctis
1545 1282 1567 1302 et
1584 1279 1719 1307 praesertim
1743 1280 1771 1302 de
1788 1279 1911 1302 Communi

1066 1327 1201 1349 Sanctorum
1220 1327 1319 1349 maxima
1337 1332 1363 1349 ex
1380 1329 1445 1354 parte
1470 1327 1524 1348 satis
1548 1326 1687 1348 conveniunt
1712 1332 1764 1348 cum
1787 1326 1911 1348 Vaticanae

1065 1373 1211 1395 sermonibus
1228 1373 1257 1395 de
1275 1373 1375 1401 Sanctis;
1393 1372 1478 1395 liabent
1495 1375 1571 1395 tamen
1589 1373 1705 1395 interdum
1717 1373 1872 1395 additamenta
1890 1375 1912 1394 et

1065 1420 1174 1442 adiiciunt
1190 1420 1250 1442 circa
1267 1426 1306 1442 sex
1323 1426 1398 1442 novos
1414 1426 1540 1442 sermones.

1128 1466 1169 1488 Ed.
1187 1466 1296 1488 Vaticana
1316 1469 1399 1488 textum
1427 1466 1454 1488 53
1474 1466 1627 1493 genuinorum
1645 1472 1778 1489 sermonum
1801 1466 1911 1488 sumsisse

1067 1513 1159 1535 videtur
1185 1518 1211 1534 ex
1229 1513 1271 1534 lia<-
1289 1512 1389 1534 editione
1407 1512 1536 1540 Basileensi,
1554 1518 1607 1534 cum
1632 1513 1693 1534 illam
1719 1512 1786 1535 etiam
1810 1513 1832 1534 in
1850 1512 1911 1535 vitiis

1065 1559 1203 1587 plerumque
1220 1561 1337 1587 sequatur.
1355 1559 1427 1581 Locos
1445 1561 1520 1581 [amen
1539 1559 1669 1587 scripturae
1687 1565 1712 1581 ex
1731 1562 1790 1581 textu
1809 1563 1912 1587 transpo-

1065 1606 1095 1628 nit
1113 1606 1143 1628 ad
1160 1606 1299 1633 marginem.

1130 1653 1221 1675 plectet*
1238 1654 1279 1675 lias
1296 1653 1437 1682 antiquiores
1454 1653 1566 1676 editiones
1578 1654 1661 1675 borum
1679 1659 1812 1676 sermonum
1831 1659 1842 1675 a
1856 1659 1910 1675 non-

1065 1700 1131 1722 nullis
1148 1702 1296 1722 recensentur
1313 1700 1377 1727 aliae,
1395 1706 1452 1728 quas
1469 1707 1514 1722 non
1531 1700 1646 1727 vidimus,
1671 1700 1756 1723 scilicet
1779 1700 1910 1722 rarisiensis

1065 1752 1102 1768 an.
1120 1746 1180 1768 4495
1199 1746 1249 1775 (cfr.
1267 1746 1349 1768 Bonelli
1367 1746 1507 1768 Prodromus
1525 1746 1568 1769 col.
1580 1746 1623 1768 330
1642 1752 1664 1768 n.
1682 1746 1729 1774 28.)
1742 1749 1764 1768 et
1781 1746 1911 1768 Noriinlter-

1065 1794 1143 1822 gensis
1160 1794 1182 1815 in
1200 1794 1252 1815 solio
1270 1799 1305 1815 an.
1326 1792 1393 1820 1497,
1411 1793 1505 1821 insuper
1522 1793 1609 1816 ibidem
1634 1793 1676 1815 alia
1702 1793 1723 1815 in
1750 1792 1771 1815 4.
1794 1799 1831 1815 an.
1849 1793 1904 1815 1521

1065 1843 1214 1863 memoratur.

1207 1909 1246 1937 1x,
1264 1909 1291 1932 X.
1310 1909 1339 1932 De
1357 1909 1495 1932 editionibus
1512 1916 1547 1932 an.
1567 1909 1636 1933 1521.
1654 1909 1677 1933 et
1696 1910 1763 1933 1597.

1127 1982 1175 2004 Hae
1192 1982 1252 2004 (luae
1270 1981 1381 2004 editiones
1398 1987 1444 2003 non
1462 1981 1546 2003 liabent
1562 1981 1605 2003 nisi
1623 1987 1740 2004 sermones
1756 1981 1839 2004 Fratris
1853 1981 1910 2004 Con-

1064 2029 1114 2051 radi
1132 2029 1161 2051 de
1179 2029 1283 2051 Saxonia.
1303 2029 1353 2051 Post
1370 2029 1489 2057 utriusque
1508 2028 1685 2056 descriptionem
1703 2029 1833 2051 testimonio
1855 2029 1909 2051 dein

1065 2076 1213 2104 antiquorum
1240 2076 1346 2098 codicum
1371 2074 1530 2104 probabimus,
1556 2082 1636 2098 verum
1663 2076 1745 2098 horum
1775 2082 1908 2098 sermonum

1066 2124 1183 2144 auctorem
1202 2128 1251 2144 esse
1269 2122 1355 2144 dictum
1374 2121 1514 2144 Conradum.

1127 2169 1202 2191 Prima
1221 2169 1256 2191 illa
1274 2169 1343 2191 editio
1361 2169 1474 2196 impressa
1492 2172 1525 2191 cst
1543 2169 1633 2191 Parisiis
1650 2175 1686 2191 an.
1709 2169 1773 2190 1521.
1791 2169 1812 2191 in
1831 2169 1852 2196 8,
1869 2175 1910 2191 cu-

1064 2218 1112 2237 rata
1130 2221 1142 2237 a
1160 2215 1243 2238 lodoco
1260 2215 1331 2237 Badio
1349 2215 1464 2243 Ascmsio,
1482 2215 1522 2243 qui
1540 2215 1561 2237 in
1579 2215 1673 2243 epistola
1685 2215 1851 2243 nuncupatoria
1869 2216 1910 2237 lios

1064 2268 1184 2285 sermones
1201 2262 1230 2284 de
1248 2263 1371 2290 Tempore,
1389 2262 1418 2284 de
1435 2262 1524 2284 Sanctis
1541 2265 1562 2284 et
1579 2262 1608 2284 de
1625 2261 1747 2284 Communi
1773 2263 1908 2284 Sanctorum

1064 2311 1086 2332 S.
1105 2310 1279 2332 Bonaventurae
1296 2309 1407 2336 attribuit,
1424 2309 1464 2331 sed
1484 2309 1546 2331 salso.
1564 2309 1596 2331 lhi
1613 2309 1749 2331 omittuntur
1772 2315 1853 2331 omnes
1870 2315 1908 2337 ge-

1064 2357 1127 2379 nuini
1145 2357 1174 2381 (le
1191 2357 1316 2379 Dominicis
1328 2363 1454 2384 sermones,
1472 2356 1510 2385 qui
1529 2359 1582 2379 sunt
1600 2356 1620 2379 in
1639 2356 1737 2379 editione
1756 2357 1872 2379 Vaticana.

1128 2405 1202 2427 Altera
1220 2405 1297 2432 editio,
1315 2410 1375 2433 quac
1392 2405 1448 2426 sacta
1468 2407 1501 2426 est
1518 2404 1606 2427 Brixiae
1623 2410 1659 2426 an.
1678 2404 1747 2426 1596,
1766 2404 1828 2432 apud
1847 2404 1909 2431 Poly-

1063 2455 1139 2475 cetnm
1153 2452 1270 2479 Tulinum,
1283 2452 1458 2480 praecedentem
1473 2452 1565 2474 omnino
1578 2451 1722 2479 reimprimit.
1736 2451 1908 2479 'typographus

1064 2499 1092 2522 ad
1109 2500 1217 2521 lectorem
1236 2499 1299 2526 olen,
1320 2505 1344 2521 se
1362 2499 1406 2521 iam
1433 2500 1502 2527 longo
1528 2502 1632 2526 tempore
1657 2498 1765 2520 inutiliter
1790 2504 1908 2521 sermones

1063 2546 1238 2568 Bonaventurae
1256 2546 1284 2568 ad
1303 2546 1484 2574 imprimendum
1504 2545 1654 2574 quaesivisse.
1675 2554 1684 2564 a
1696 2546 1719 2567 lit
1738 2551 1798 2572 ecce,
1817 2545 1907 2568 fortuito

1063 2596 1085 2615 et
1103 2593 1220 2620 inopinato
1238 2596 1321 2615 eventu
1340 2592 1433 2619 accidit,
1452 2595 1474 2615 ut
1501 2592 1621 2614 cuiusdam
1648 2592 1755 2619 Religiosi
1779 2595 1798 2613 61
1824 2592 1906 2614 eruditi

1063 2640 1105 2662 viri
1124 2646 1193 2662 manu
1211 2640 1297 2662 ordinis
1314 2639 1480 2667 capucinorum
1498 2639 1569 2662 sancti
1581 2639 1702 2665 Francisci,
1719 2639 1747 2661 ad
1766 2645 1803 2661 me
1820 2645 1845 2661 ex
1863 2639 1908 2661 lon-

1063 2687 1155 2715 ginquis
1173 2686 1277 2714 partibus
1295 2687 1379 2709 suerint
1395 2687 1515 2714 deportati,
1541 2693 1580 2709 eos
1598 2686 1667 2709 veluti
1689 2687 1822 2708 tnesaurum
1845 2686 1906 2714 apud

1062 2740 1086 2756 sc
1104 2733 1232 2760 detinentis,
1251 2733 1440 2762 quandoquidem
1459 2732 1537 2755 nullibi
1550 2733 1686 2755 eorumdem
1700 2732 1790 2760 copiam
1803 2732 1906 2760 reperiri,

1062 2780 1104 2802 sibi
1123 2786 1259 2808 persuasum
1277 2780 1372 2802 liaberet
1383 2788 1404 2801 n.
1422 2779 1523 2807 Addidit,
1541 2785 1565 2801 se
1582 2781 1624 2802 liat·
1641 2780 1728 2802 ratione
1745 2779 1839 2801 ductum
1857 2785 1907 2801 eos-

1063 2828 1115 2849 dem
1134 2827 1216 2849 iterum
1235 2827 1295 2854 typis
1313 2827 1442 2849 mandasse.
1456 2826 1545 2848 Titulus
1561 2826 1637 2854 operis
1654 2828 1699 2848 est:
1712 2826 1737 2848 D.
1750 2825 1846 2848 loannis
1860 2825 1906 2847 Eu-

1061 2873 1147 2897 stachii
1171 2874 1352 2896 Bonareuturae
1376 2872 1495 2902 seraphici
1514 2872 1622 2896 Doctoris
1647 2874 1686 2895 etc.
1714 2872 1839 2895 Sermones
1862 2878 1907 2901 per

1061 2926 1151 2943 annum
1167 2919 1373 2949 praedicatoribus
1389 2919 1501 2949 perutiles
1514 2928 1535 2942 ».
