2243 3348
257 412 302 430 Pars
314 411 327 429 1.
342 411 368 429 De

265 434 359 453 intellectu

272 457 354 476 litterali.

252 1761 365 1780 Subdivisio.

256 2323 324 2345 Primo,
338 2323 361 2342 de

265 2346 350 2365 cubiculo

264 2370 349 2393 nuptiali.

390 188 444 216 672

391 266 419 294 in
442 263 627 293 tabernaculo
650 271 726 295 meo,
749 261 850 290 scilicet
882 259 1046 293 litteraliter,
1067 258 1228 295 allegorice,

390 311 529 340 moraliter
550 313 576 338 et
596 309 750 345 anagogice.

469 358 484 385 l.
509 356 597 384 Primo
627 363 693 391 ergo
723 354 794 382 dicat
816 353 898 390 Virgo
919 352 1018 380 Maria:
1042 351 1100 387 Qui
1120 350 1230 379 creavit

389 413 432 432 me
453 407 513 436 etc„
529 402 657 438 quoniam
673 401 696 429 ei
718 399 847 436 competit
862 399 895 427 ad
917 399 1061 430 litteram,-
1083 398 1140 434 ipse
1155 396 1229 425 enim

390 450 522 479 Dominus
543 447 687 476 Maiestatis
715 446 855 484 requievit
882 446 912 473 iu
940 445 1000 474 eius
1025 443 1229 476 tabernaculo,

388 498 454 525 dum
476 497 557 524 110010
584 495 672 523 factus
700 496 741 522 est
762 493 789 521 in
818 493 877 521 eius
899 495 993 525 utero;
1016 494 1130 528 propter
1156 490 1230 527 quod

388 544 452 572 dicit
473 542 592 571 eximius
618 540 816 577 Prophetarum
832 540 857 567 ¹:
875 538 1074 575 Sanctificaoit
1096 537 1230 566 taberna-

388 589 487 618 culum
517 596 603 615 31111111
627 587 805 615 attissimus.
829 584 1029 621 Saizclificavit
1057 584 1153 621 utique
1182 591 1230 620 per

387 636 501 673 gratiam
524 633 761 665 tabernaculam,
784 632 856 669 quod
879 632 1060 660 fabricaverat
1088 630 1231 659 formando

389 685 531 715 naturam,
554 684 585 709 ut
613 682 705 717 posset
732 679 806 708 nasci
835 687 870 707 ex
900 686 939 707 ea.
969 678 1044 706 Unde
1065 677 1129 706 alibi
1159 677 1230 706 idem

388 728 536 764 Propheta:
560 727 650 754 Homo
671 729 760 754 natus
781 728 820 753 est
843 725 873 752 in
894 732 944 757 ea,
966 727 991 752 ct
1012 723 1072 760 ipse
1091 722 1231 759 fundavit

387 784 450 803 eam
466 773 642 802 Allissiimts.
667 772 814 800 Fauilaoit
835 771 940 807 utique,
963 771 1014 799 hoc
1035 773 1085 804 est,
1101 770 1127 798 in
1143 770 1231 806 gratia

388 821 568 854 confirmavit,
592 822 622 848 ut
643 819 760 847 firmiter
793 820 883 854 posset
911 817 937 846 in
966 825 997 845 ea
1018 817 1169 854 quiescere.
1200 816 1231 845 Et

387 868 446 896 ideo
467 867 554 895 addit:
573 867 648 894 Deus
671 866 700 893 in
715 865 807 893 medio
822 864 900 897 esus,
924 872 980 892 nou
995 863 1230 896 commovebitur,

387 922 437 951 pro
458 922 490 942 eo
511 913 584 950 quod
606 912 672 940 illud
696 911 902 940 tabernaculum
925 918 1066 947 nunquam
1090 909 1230 938 inclinabi-

389 965 434 989 tur
455 960 487 989 ad
510 963 660 996 peccatum.
676 958 751 987 Unde
767 957 922 986 Bernardus
938 956 947 971 ²
969 956 1002 984 ad
1018 955 1229 993 Lugdunenses:

391 1008 502 1041 «Puto,
525 1006 598 1043 quod
620 1005 754 1042 copiosior
776 1003 998 1033 sanctificationis
1026 1003 1178 1032 benedictio
1203 1003 1230 1031 in

387 1063 445 1083 eam
467 1052 653 1085 descenderit,
675 1060 745 1088 quae
767 1051 853 1087 ipsius
878 1059 930 1079 11011
960 1050 1049 1079 solum
1078 1050 1230 1079 sanctitica—

387 1105 428 1129 ret
449 1104 556 1133 ortum,
578 1099 624 1127 sed
646 1102 673 1127 et
695 1098 777 1126 vitam
806 1097 840 1126 ab
868 1097 941 1125 omni
970 1097 1098 1134 deinceps
1120 1099 1230 1133 peccato

386 1147 535 1176 custodiret
557 1146 748 1174 immunem».
780 1145 832 1173 Hoc
860 1147 952 1173 autem
982 1144 1050 1172 hene
1079 1144 1230 1180 figuratum

386 1195 436 1223 fuit
458 1193 542 1221 Exodi
564 1193 662 1221 ultimo
690 1192 716 1219 in
747 1192 798 1219 isto
831 1191 1008 1220 tabernaculo
1034 1191 1159 1227 figurali,
1183 1190 1228 1219 ubi

385 1241 485 1270 dicitur
506 1240 604 1276 Moysi:
632 1239 724 1276 {loyes
739 1238 960 1266 tubernaculum
976 1246 1043 1266 cam
1057 1238 1138 1266 vasis
1149 1237 1230 1271 suis-,-

385 1292 411 1316 et
433 1291 492 1324 post
514 1286 656 1323 sequitur:
679 1286 840 1323 Postquam
861 1288 953 1313 autem
976 1285 1076 1313 omnio,
1099 1284 1229 1322 perfecta

385 1339 462 1367 sunt,
478 1334 591 1371 operuit
608 1332 697 1361 ¹nubes
713 1332 934 1360 tabernaculum
952 1331 1116 1365 testimonii,
1132 1336 1156 1360 et
1170 1331 1229 1369 ylo-

386 1382 433 1410 ria
451 1381 567 1410 Domini
587 1380 714 1416 impleuit
735 1379 815 1407 illud.
839 1378 1072 1407 Taberuacaltiiii
1097 1378 1168 1407 istud
1189 1382 1230 1407 est

387 1429 467 1466 Virgo
489 1428 586 1461 Μαι-11η
603 1436 676 1455 uasa
697 1430 762 1455 sunt
785 1427 958 1463 receptacula
980 1426 1132 1460 virtutum;
1162 1426 1229 1454 haec

384 1477 475 1505 omnia
497 1475 542 1503 Dei
565 1475 647 1503 Filius
669 1474 762 1507 unxit,
778 1473 888 1510 quaudo
903 1481 963 1502 eam
985 1474 1166 1507 sanctificans,
1183 1474 1230 1502 im-

384 1523 466 1559 plevit
487 1522 589 1559 gratia;
611 1525 672 1557 post
699 1520 780 1549 etiam
810 1520 1052 1549 sanctificationem
1082 1520 1139 1557 ipse
1168 1528 1227 1549 eam

384 1569 512 1606 operuit,
541 1568 587 1605 qui
617 1576 676 1596 eam
705 1567 882 1596 obumbravit
909 1570 937 1595 et
964 1567 1088 1604 implevit
1114 1567 1228 1604 ²cloria,

384 1619 414 1644 ut
442 1616 509 1644 nihil
538 1618 709 1648 remaneret,
732 1622 781 1643 nec
810 1614 835 1642 in
865 1614 968 1648 anima,
997 1622 1046 1642 nec
1075 1614 1101 1642 in
1130 1622 1229 1648 carne,

383 1663 455 1700 quod
470 1671 522 1691 nou
539 1665 610 1691 esset
624 1661 779 1690 Divinitatis
793 1661 881 1698 gratia
896 1661 1016 1697 plenum.
1033 1676 1070 1680 —
1083 1660 1229 1699 Requieuit

383 1710 467 1747 igitur
488 1709 610 1737 omnium
632 1709 745 1737 Creator
776 1708 804 1736 in
834 1707 1022 1736 tabernaculo
1044 1708 1115 1736 uteri
1146 1707 1229 1744 virgi-

383 1757 467 1790 nalis,
489 1756 618 1793 quoniam
635 1756 662 1784 in
677 1763 709 1784 eo
724 1755 820 1784 statuit
835 1755 885 1783 sibi
901 1754 1067 1783 cubiculum
1087 1754 1228 1791 octiplictle,

384 1807 415 1832 ut
436 1803 513 1831 fieret
534 1806 626 1831 noster
647 1802 760 1839 fratem
782 1801 957 1838 praeparavit
984 1801 1089 1829 solium
1115 1801 1228 1838 regale,

384 1854 414 1879 ut
435 1850 512 1879 fieret
534 1854 626 1878 noster
646 1850 799 1886 princcps;
813 1849 942 1877 assumsit
965 1852 1170 1876 ornamentum
1184 1857 1229 1876 sa-

384 1897 534 1931 cerdotale,
556 1901 587 1925 ut
608 1897 687 1925 fieret
707 1899 800 1925 noster
819 1894 960 1933 pontifex.
977 1895 1092 1931 Propter
1106 1895 1230 1932 nuptiale

384 1944 551 1973 connubium
574 1944 656 1980 Virgo
677 1943 762 1972 Maria
783 1947 823 1972 est
845 1943 937 1971 Mater
960 1942 1013 1970 Dei
1018 1953 1029 1975 ,·
1051 1945 1163 1979 propter
1186 1950 1229 1971 re-

383 1991 442 2027 gale
457 1991 564 2024 solium,
588 1991 690 2027 reyiiia
712 1989 785 2019 caeli
791 2000 801 2023 ,·
823 1992 936 2026 propter
958 1988 1126 2017 sacerdotale
1148 1997 1229 2017 orna-

382 2041 522 2071 mentum,
538 2038 682 2065 aclvocata
697 2037 806 2074 generis
822 2036 944 2065 humani.
961 2036 993 2064 Et
1007 2035 1040 2064 ad
1056 2036 1123 2064 haec
1137 2036 1229 2064 omnia

383 2084 478 2112 idonea
498 2087 557 2112 erat
578 2084 661 2121 Virgo
682 2084 775 2118 Maria,
797 2091 860 2113 00111
882 2086 953 2112 esset
967 2083 1000 2111 de
1021 2090 1122 2120 genere
1144 2082 1229 2111 homi-

383 2138 465 2164 num,
487 2130 519 2159 de
547 2138 647 2167 genere
676 2139 772 2168 regum
801 2133 828 2159 et
853 2130 885 2158 de
914 2137 1015 2166 genere
1043 2128 1227 2157 sacerdotum.

382 2177 459 2206 Dicat
474 2185 539 2214 ergo
560 2178 745 2206 amantissima
760 2177 844 2214 Virgo
858 2177 958 2205 Maria:
983 2176 1040 2212 Qui
1060 2176 1170 2204 creauit
1185 2184 1228 2204 ‘me

384 2224 523 2262 requievit
544 2225 573 2253 in
596 2224 783 2253 tabernaculo
805 2233 873 2253 meo.

462 2272 488 2300 ln
510 2280 565 2308 quo
586 2272 682 2300 statuit
703 2272 753 2300 sibi
776 2271 941 2300 cubiculum
964 2270 1112 2308 izuptiale;
1133 2274 1160 2299 et
1175 2271 1227 2299 hoc

383 2318 493 2354 quidem
515 2318 586 2352 fecit,
608 2321 639 2347 ut
661 2319 810 2347 humanam
832 2322 961 2347 naturam
983 2318 1033 2347 sibi
1056 2318 1083 2346 in
1100 2317 1225 2355 virginali

382 2368 462 2393 utero
476 2364 662 2401 desponsaret,
678 2366 750 2402 quod
766 2365 929 2402 praevidens
944 2365 970 2393 in
986 2364 1103 2402 Spiritu,
1119 2364 1226 2393 dicebat

383 2412 542 2448 prophetica
563 2413 727 2441 certitudine
742 2413 878 2449 Propheta
893 2413 978 2441 David
995 2413 1021 2440 3:
1045 2413 1079 2440 In
1100 2412 1157 2440 sole
1177 2420 1226 2449 po—

382 2458 442 2485 sttil
463 2458 685 2487 tabernaculum
705 2468 802 2487 suum.
826 2460 861 2488 111
886 2460 959 2493 sole,
981 2460 1061 2493 dicit,
1085 2459 1111 2487 id
1132 2462 1174 2488 est
1199 2459 1226 2487 in

384 2504 461 2532 beata
482 2505 607 2541 Virgine,
636 2514 707 2542 quae
738 2509 812 2535 recte
833 2506 875 2534 sol
899 2507 1010 2539 dicitur,
1037 2506 1102 2543 quia
1127 2506 1227 2534 amicta

383 2550 435 2579 fuit
456 2551 511 2580 sole
532 2555 558 2580 et
574 2552 684 2589 impleta
697 2553 802 2582 lumine
817 2554 949 2582 claritatis
970 2557 1112 2587 aeternae,
1129 2560 1227 2582 secun-

974 181 1146 210 SERMONES
1167 181 1209 209 DE
1231 180 1258 208 B.
1282 179 1413 208 VlRGlNE
1435 179 1542 207 intuta.

1285 257 1352 286 dum
1380 257 1447 285 illud
1473 256 1646 293 Apocalypsis
1673 256 1851 285 duodecimo:
1885 256 1988 285 Mulier
2020 257 2129 286 aw‘ticta

1285 304 1342 332 sole
1363 307 1387 332 et
1408 303 1480 331 lima
1500 303 1554 331 sab
1573 302 1694 340 pedibus
1715 303 1793 337 eius,
1816 306 1929 340 propter
1949 303 2128 337 nuitiditiani3

1287 358 1349 378 nam
1371 350 1430 386 ipsa
1450 349 1510 377 luci
1530 353 1705 386 compa-rata
1724 349 1832 386 purior
1847 349 2004 384 invenitur,
2019 350 2130 386 Sapien-

1288 397 1339 425 tiae
1360 396 1484 432 septimo.
1500 396 1643 425 Anselmus
1657 396 1683 424 4:
1710 407 1723 422 «
1738 396 1864 430 Decebat,
1880 399 1911 425 ut
1926 396 1999 425 illius
2013 396 2130 425 hominis

1287 442 1428 479 conceptio
1449 442 1482 471 de
1497 443 1582 471 Matre
1597 442 1745 479 purissima
1759 443 1853 477 fieret,
1872 451 1904 472 ea
1920 443 2054 480 puritate,
2076 451 2130 480 qua

1288 489 1374 517 maior
1395 488 1447 517 sub
1469 489 1524 517 Deo
1545 489 1641 526 nequit
1668 489 1824 526 intelligi»,
1846 489 1951 518 ratione
1979 489 2131 526 splendoris

1287 536 1313 564 in
1335 536 1408 564 omni
1431 536 1597 572 perfectione
1619 536 1739 564 virtutis.
1756 536 1831 565 Unde
1852 536 2049 573 Hieronymus:
2076 547 2089 561 tt
2104 536 2129 565 Si

1286 582 1444 619 diligentius
1464 582 1601 619 inspicias,
1622 582 1692 611 nihil
1706 583 1818 611 virtutis
1839 586 1895 617 est,
1914 583 1983 611 nihil
2004 583 2131 619 speciosi-

1288 629 1366 663 tatis,
1388 629 1456 657 nihil
1478 629 1605 657 candoris
1626 633 1653 658 et
1674 629 1787 666 gloriae,
1808 629 1882 666 quod
1903 637 1939 658 ex
1961 637 1992 658 ea
2013 637 2066 658 non
2088 637 2131 659 re—

1287 676 1468 713 splendeat».
1492 677 1572 705 Recte
1600 684 1666 713 ergo
1699 676 1779 705 dicit:
1804 677 1836 705 Iu
1866 677 1932 711 sole,
1957 677 2008 705 hoc
2036 680 2076 706 est
2105 677 2130 706 111

1287 723 1366 752 beata
1387 723 1505 760 Virgine.
1529 724 1559 751 Et
1582 727 1642 760 post
1663 723 1807 752 subditur:
1831 727 1973 761 tanquam
1990 732 2130 761 sponsus,

1287 769 1351 806 quia
1373 770 1493 807 Virginis
1515 773 1612 799 uterus
1633 771 1770 799 thalamus
1792 770 1858 805 fuit,
1880 771 1907 799 in
1933 779 1988 808 quo
2016 774 2132 800 naturae

1287 816 1425 844 humanae
1447 817 1611 845 coniunctus
1632 820 1673 846 est
1695 817 1782 851 Deus,
1815 820 1842 846 et
1862 825 1921 846 eam
1954 817 2131 853 deosculans,

1287 863 1402 899 nuptiali
1425 866 1466 891 est
1487 863 1538 892 sibi
1560 863 1669 892 foedere
1690 864 1843 900 copulatus.
1865 864 1919 893 Hoc
1940 864 2009 893 bene
2030 864 2132 901 figura-

1287 912 1346 937 tum
1368 909 1420 938 fuit
1441 910 1553 939 Genesis
1575 910 1706 947 vigesimo
1727 914 1828 947 quarto
1842 911 1869 939 ⁵:
1885 911 2054 940 Introduxit
2067 919 2131 940 cam

1286 956 1318 984 iii
1343 956 1567 986 tabernaculum
1593 957 1704 991 Sarae,
1737 958 1843 986 ›nati-is
1873 966 1946 987 suae
1972 962 1997 986 et
2023 958 2132 995 accepti

1286 1012 1351 1031 eam
1372 1012 1502 1032 uxorem.
1525 1004 1596 1040 Quid
1610 1012 1660 1041 per
1675 1005 1762 1033 Isaac
1783 1008 1876 1033 autem
1897 1005 2059 1042 intelligitur
2080 1005 2130 1034 nisi

1287 1049 1429 1084 Christus;
1452 1050 1518 1087 quid
1539 1059 1588 1088 per
1607 1051 1761 1080 Rebeccam
1783 1055 1893 1086 autem,
1914 1060 1985 1089 quae
2006 1052 2130 1081 multum

1287 1098 1396 1134 accepit
1411 1097 1436 1133 ⁶,
1458 1098 1508 1127 nisi
1532 1099 1653 1127 humana
1673 1102 1782 1133 natura,
1797 1107 1868 1136 quae
1889 1100 2007 1128 multum
2028 1100 2132 1137 accepit

1286 1144 1357 1173 dotis
1379 1145 1405 1173 in
1429 1145 1479 1174 hac
1506 1145 1715 1182 desponsatione
1724 1156 1734 1179 ,·
1764 1146 1831 1183 quid
1862 1154 1911 1183 per
1943 1146 2053 1175 Saram
2080 1146 2131 1175 0151

1287 1192 1370 1228 Virgo
1391 1192 1484 1226 Maria,
1505 1200 1577 1229 quae
1598 1193 1683 1221 Mater
1705 1192 1825 1222 suitveri
1849 1193 1929 1228 Isaac,
1951 1193 2131 1230 intelligitur?

1287 1238 1314 1266 10
1338 1239 1389 1267 1100
1410 1240 1492 1267 Sarae
1513 1239 1734 1273 tabernaculum,
1750 1240 1775 1268 id
1791 1243 1832 1269 est
1851 1243 2056 1269 sacrosanctum
2073 1243 2133 1269 ute-

1287 1293 1359 1319 rum,
1381 1285 1538 1314 introduxit
1562 1286 1609 1315 Dei
1639 1286 1722 1315 Filius
1752 1287 1900 1315 humanam
1928 1290 2072 1322 naturam,
2101 1291 2133 1316 ut

1286 1340 1345 1361 eam
1368 1332 1418 1361 sibi
1434 1332 1622 1369 desponsaret,
1638 1336 1665 1362 et
1679 1334 1802 1362 omnium
1817 1333 1930 1362 Creator
1945 1337 2039 1363 noster
2054 1334 2133 1363 fieret

1285 1378 1392 1417 frater,
1414 1383 1441 1408 et
1462 1380 1541 1408 beata
1562 1380 1645 1417 Virgo
1659 1380 1817 1410 efficeretur
1831 1381 1954 1410 omnium
1970 1381 2131 1410 Sanctorum

1286 1431 1388 1455 mater.
1413 1427 1555 1456 Benedicta
1576 1427 1610 1456 sit
1630 1427 1703 1462 dies,
1726 1428 1752 1456 iu
1775 1436 1830 1465 qua
1857 1428 1949 1457 onmia
1971 1428 2038 1457 haec
2063 1428 2133 1457 facta

1287 1476 1360 1507 sunt,
1382 1474 1447 1510 quia
1469 1481 1517 1510 per
1541 1474 1680 1511 Virginem
1709 1475 1822 1503 Matrem
1852 1475 1925 1503 Deus
1953 1474 2067 1504 effectus
2092 1479 2133 1503 est

1286 1524 1379 1549 noster
1399 1524 1501 1557 paler:
1523 1521 1569 1549 Dei
1593 1521 1690 1554 Filius,
1713 1525 1806 1550 noster
1820 1521 1924 1559 frater.
1942 1522 2002 1551 ldeo
2017 1522 2132 1551 Bernar-

1286 1567 1338 1596 dus
1350 1567 1359 1583 ⁷
1376 1568 1491 1604 loquens
1505 1568 1539 1596 ad
1550 1568 1689 1605 Virginem
1701 1579 1706 1596 :
1726 1579 1739 1594 «
1753 1569 1875 1597 Beatam
1890 1573 1914 1597 te
1928 1569 2022 1598 dicerit
2036 1577 2133 1598 omnes

1284 1614 1494 1651 generationes,
1515 1623 1587 1651 quae
1607 1615 1736 1644 omnibus
1757 1616 1980 1653 generationibus
2002 1615 2085 1645 vitam
2106 1619 2134 1645 et

1286 1661 1400 1697 gloriam
1424 1661 1551 1698 genuisti.
1574 1662 1602 1690 10
1631 1665 1657 1691 te
1685 1662 1758 1691 enim
1779 1663 1870 1700 Angeli
1900 1663 2046 1697 laetitiam,
2068 1663 2132 1692 iusti

1286 1708 1411 1744 gratiam,
1433 1711 1591 1744 peccatores
1613 1709 1720 1738 veniam
1742 1709 1909 1739 invenerunt
1929 1710 1956 1738 in
1978 1713 2131 1739 aeternum.

1286 1754 1381 1782 Merito
1404 1757 1429 1783 te
1452 1755 1603 1791 respiciunt
1623 1756 1694 1784 oculi
1718 1756 1802 1785 totius
1823 1759 1983 1792 creaturae,
2012 1757 2077 1794 quia
2105 1757 2132 1786 10

1287 1804 1312 1829 te
1333 1804 1360 1830 et
1382 1809 1430 1837 per
1452 1804 1478 1830 te
1499 1805 1526 1830 et
1547 1802 1580 1831 de
1608 1805 1634 1831 te
1662 1803 1779 1840 benigna
1808 1811 1906 1832 manus
1933 1803 2133 1841 Omnipotentis

1286 1848 1420 1885 quidquid
1443 1852 1585 1878 creaverat
1607 1851 1784 1879 recreavit».

1365 1896 1392 1924 ln
1408 1904 1464 1933 quo
1479 1896 1560 1924 etiam
1577 1897 1752 1933 praeparavit
1766 1897 1871 1926 solium
1886 1898 1993 1935 regale,
2009 1901 2041 1927 ut
2055 1898 2133 1928 fieret
2147 1900 2234 1923 Sefflffl·

1285 1945 1378 1971 noster
1392 1943 1538 1979 princeps,
1555 1943 1707 1972 secundum
1724 1943 1797 1981 quod
1814 1944 1896 1973 lsaiae
1909 1945 2015 1974 decimo
2030 1948 2109 1974 sexto
2121 1945 2132 1962 ⁸

1285 1989 1402 2018 dicitur:
1425 1990 1666 2027 Praeparabitur
1686 1990 1718 2019 in
1739 1991 1945 2020 misericordia
1965 1992 2088 2027 solium,
2108 1996 2132 2021 et

1285 2035 1389 2064 sedebit
1409 2044 1498 2073 saper
1521 2037 1594 2065 illuct
1615 2037 1646 2065 in
1668 2038 1788 2066 veritate
1809 2038 1840 2066 in
1862 2038 2050 2068 tabernaculo
2073 2039 2131 2068 Da-

1285 2083 1342 2112 vid.
1366 2083 1478 2113 Solium
1499 2084 1567 2112 illud
1589 2088 1662 2113 recte
1690 2085 1853 2122 intelligitur
1882 2086 2005 2115 humana
2032 2089 2132 2116 natura

1284 2133 1416 2164 assumta,
1437 2130 1464 2159 in
1486 2138 1542 2167 qua
1563 2131 1636 2159 Deus
1658 2132 1791 2168 regnavit.
1815 2132 1882 2161 Illud
1898 2140 2015 2170 regnum
2030 2133 2131 2162 dicitur

1282 2181 1499 2214 praeparatum
1522 2177 1552 2206 iu
1574 2178 1795 2212 misericordia,
1818 2179 1898 2216 quia,
1920 2180 1969 2208 etsi
1992 2180 2019 2208 in
2048 2188 2131 2217 opere

1283 2224 1480 2253 incarnationis
1500 2225 1661 2254 ostendatur
1683 2225 1819 2262 potentia,
1841 2226 1989 2263 sapientia,
2011 2227 2131 2262 iustitia,

1284 2271 1425 2308 potissima
1446 2274 1537 2300 tamen
1559 2272 1629 2300 ratio
1650 2276 1676 2301 et
1698 2280 1780 2301 causa
1798 2273 1993 2302 incarnationis
2010 2273 2062 2302 fuit
2083 2274 2129 2303 Dei

1283 2318 1489 2346 misericordia
1510 2321 1537 2347 et
1557 2322 1652 2348 nostra
1673 2319 1766 2348 iuncta
1781 2319 1898 2348 miseria.
1915 2320 1990 2349 Unde
2003 2320 2130 2358 Augusti-

1284 2373 1337 2394 nus
1357 2365 1391 2393 de
1413 2365 1503 2394 Verbo
1525 2365 1649 2400 Domini,
1671 2374 1799 2395 sermone
1820 2367 1968 2396 centesimo
1986 2371 2130 2405 septuage—

1283 2411 1353 2440 simo
1374 2412 1486 2448 quinto:
1520 2423 1533 2437 «
1550 2412 1659 2440 Fidelis
1687 2421 1782 2441 sermo
1809 2416 1834 2442 el
1861 2413 1942 2442 omni
1968 2414 2130 2452 acceptioue

1283 2459 1407 2496 (licitus,
1429 2459 1505 2497 quod
1529 2458 1663 2488 Christus
1685 2460 1766 2488 Iesus
1786 2461 1863 2489 venit
1887 2461 1918 2489 iu
1940 2460 2017 2490 lianc
2045 2470 2130 2490 mun-

1283 2505 1353 2534 dum
1375 2506 1410 2534 ob
1432 2506 1534 2534 nullam
1557 2506 1639 2535 aliam
1660 2515 1787 2542 causam,
1811 2507 1861 2536 nisi
1881 2512 2047 2545 peccatores
2071 2509 2129 2537 sal-

1284 2560 1333 2580 vos
1353 2551 1451 2589 facere
1464 2564 1492 2580 ».
1508 2553 1540 2581 Et
1555 2561 1655 2582 rursus
1670 2553 1696 2582 ⁹:
1722 2565 1736 2579 «
1751 2554 1776 2582 Si
1800 2554 1882 2583 homo
1904 2563 1959 2584 non
1979 2559 2127 2592 peccasset,

446 2699 453 2711 ¹
472 2700 552 2722 Psalm.
570 2700 611 2727 45,
629 2701 653 2729 ὃς
671 2705 798 2730 sequuntur
816 2703 849 2724 Ps.
867 2703 909 2730 86,
926 2703 948 2725 ὃ.
968 2707 989 2726 et
1007 2704 1041 2726 Ps.
1060 2704 1102 2730 45,
1120 2704 1141 2725 6.

445 2737 454 2750 2
472 2738 540 2765 Epist.
565 2739 614 2761 ¹74.
637 2740 666 2761 ad
688 2741 811 2763 canonicos
830 2742 1003 2770 Lugdunenses,
1026 2749 1049 2764 n.
1072 2743 1098 2771 ὃς
1121 2743 1225 2771 sequitur

384 2777 452 2799 Exod.
472 2777 508 2803 40,
525 2778 546 2799 9.
564 2778 600 2800 31.
619 2785 666 2807 seq.

445 2815 454 2828 ³
472 2816 551 2838 Psalm.
575 2818 607 2844 18,
625 2817 795 2846 5;sequ11ntui·
816 2820 887 2847 Apoc.
915 2821 953 2849 l2,
976 2821 992 2842 l.
1015 2823 1037 2843 et
1058 2821 1111 2849 Sap.
1134 2821 1161 2849 7,
1183 2821 1225 2848 29,

384 2854 494 2882 Vulgata:
513 2855 632 2879 invenitur
646 2856 725 2886 prior.

445 2892 454 2905 ⁴
471 2894 503 2915 De
520 2893 635 2922 Conceptu
653 2896 736 2923 virgin.
754 2903 774 2918 c.
796 2897 828 2918 18.
846 2909 875 2913 —
894 2898 1000 2926 Sequitur
1017 2902 1096 2921 auctor
1113 2899 1226 2921 sermonis

383 2932 412 2954 de
429 2933 527 2955 Assumt.
545 2934 569 2955 B.
584 2934 611 2955 V.
628 2934 655 2956 M.
668 2934 696 2956 ad
710 2935 800 2957 Paulam
813 2940 833 2958 et
846 2937 950 2959 Eustoeh.
964 2937 1031 2965 (inter
1042 2944 1113 2965 opera
1125 2938 1225 2966 Hieron.)

384 2976 402 2992 c.
425 2971 457 2992 16.
1079 2976 1088 2989 ⁶
1106 2977 1170 2999 Vers.
1189 2978 1226 2999 67.

1344 2702 1353 2715 ⁶
1370 2703 1502 2725 Secundum
1521 2703 1730 2731 interpretationem
1748 2704 1841 2726 Hieron.
1865 2704 1893 2726 de
1916 2704 2005 2726 Nomin.
2023 2703 2127 2727 Hebraic.

1281 2742 1410 2770 Respicitur
1427 2743 1482 2764 Gen.
1502 2742 1544 2770 24,
1562 2743 1603 2764 53:
1621 2742 1725 2765 Prolatis
1742 2742 1805 2766 vasis
1822 2743 1940 2772 arqeozteis
1963 2745 1984 2767 et
2003 2743 2083 2767 aureis
2100 2750 2128 2767 ac

1282 2781 1395 2809 vestibus,
1413 2781 1475 2805 dedit
1494 2788 1521 2805 ea
1538 2781 1650 2805 Rebeccae
1665 2787 1710 2811 pro
1728 2788 1827 2805 munere
1843 2785 1886 2805 etc.

1345 2819 1353 2833 ⁷
1371 2822 1443 2843 Serui.
1462 2822 1483 2843 9..
1501 2821 1521 2843 111
1542 2821 1665 2844 Pentecost.
1683 2827 1704 2843 n.
1724 2821 1743 2849 4,
1761 2821 1801 2844 ubi
1818 2821 1939 2849 respicitur
1957 2822 2010 2844 Luc.
2029 2823 2049 2849 l,
2068 2822 2103 2844 48.

1345 2858 1353 2872 Β
1372 2860 1438 2882 Yers.
1456 2861 1477 2882 5.
1494 2873 1524 2876 -
1543 2861 1650 2889 Sequitur
1676 2861 1780 2888 August„
1803 2866 1872 2883 serm.
1894 2861 1946 2883 175.
1972 2861 2037 2890 (alias
2054 2862 2074 2884 9.
2099 2861 2128 2884 de

1282 2898 1353 2921 Verb.
1371 2900 1459 2927 Apost.)
1478 2906 1500 2921 n.
1522 2900 1539 2927 l,
1558 2899 1596 2921 ubi
1614 2899 1735 2927 respicitur
1753 2900 1767 2922 l.
1785 2900 1845 2922 Tim.
1866 2901 1884 2927 l,
1903 2900 1939 2922 15.

1344 2936 1353 2949 ⁹
1371 2938 1431 2960 Loco
1448 2939 1523 2966 citato,
1541 2938 1581 2960 ubi
1598 2938 1664 2961 dicit:
1684 2939 1764 2961 «Nulla
1784 2945 1851 2961 causa
1865 2939 1906 2961 suit
1917 2939 2024 2962 veniendi
2038 2938 2127 2962 Christo

1283 2977 1388 3005 Domino,
1405 2977 1446 2999 nisi
1465 2981 1597 3005 peccatores
1614 2978 1690 3000 salvos
1707 2979 1780 3000 facere
1791 2986 1814 3000 n.

2149 1924 2194 1943 solio
2205 1928 2243 1948 rega
