2243 3348
213 341 305 363 Secundo.
322 341 345 360 de

213 364 344 384 inflammatio-

212 387 343 431 ggmcffgcupi-

228 899 298 921 Tertio,
311 899 335 917 de

214 922 349 942 corroboratio-

232 952 254 965 ne
267 946 331 965 irasci-

259 970 309 988 hilis.

266 2258 313 2276 Pars
326 2257 347 2276 11.

229 2726 344 2745 Subffivisio.

357 209 413 238 238

437 286 561 316 Secundo
582 294 672 315 sermo
693 285 803 313 divinus
819 283 984 319 inflammat
1004 280 1204 317 concupiscibi-

360 334 411 363 lem
435 342 483 370 per
506 332 721 362 benevolentiam
744 330 865 359 caritatis
892 328 1009 361 Christi3
1038 326 1111 355 uude
1139 326 1203 354 Pro-

360 381 520 410 verhiorum
544 379 683 415 trigesimo
699 379 725 405 ¹:
748 377 847 405 Sermo
871 375 921 403 Det
947 375 1058 411 iynitus
1086 373 1203 410 clypeus

360 431 400 456 est
420 427 548 456 omnibus
568 424 756 462 sperantibus
776 423 807 451 in
821 431 860 456 se,
876 421 990 458 supple:
1007 420 1033 448 in
1048 419 1141 448 divina
1157 419 1204 447 mi-

360 473 516 503 sericordia.
534 488 571 493 ——
587 472 631 500 Est
646 471 762 508 etypeus
783 469 904 506 ionicus,
919 467 985 504 quia
1000 467 1151 495 inflammat
1165 465 1204 494 af-

360 521 460 549 fectum
476 519 509 547 ad
524 519 635 547 modum
660 517 738 553 ignss,
754 524 788 544 ne
803 517 924 551 tepescat
943 513 1060 542 interius
1082 520 1130 549 per
1153 520 1203 548 pu-

360 566 571 595 sillanimitatem
595 564 716 596 timoris,
738 567 764 591 et
786 562 905 598 protegit
926 563 1014 589 totum
1043 567 1145 595 corpus
1171 558 1203 587 ad

360 612 470 640 modum
494 610 579 646 clypei
603 613 629 637 et
651 608 760 641 loricae,
782 615 816 635 ne
838 607 963 635 laedatur
984 605 1126 638 exterius,
1148 604 1205 633 sive

361 659 538 694 impugnetur
559 656 692 684 diabolica
714 654 871 683 tentatione.
896 654 933 681 De
948 653 1000 681 hoc
1018 652 1143 680 similiter
1165 651 1205 679 di-

360 706 432 734 citur
454 704 486 732 ad
510 704 645 732 Hebraeos
665 705 781 739 quarto:
809 701 896 729 Vivus
924 704 964 728 est
991 707 1087 727 serino
1111 698 1161 727 Dei
1181 701 1205 726 et

360 751 462 789 efficax
483 754 508 778 et
521 749 728 787 penetrabitior
743 747 823 776 omni
841 746 941 784 plodio
963 745 1088 782 ancipiti
1101 748 1125 773 et
1141 753 1205 782 per-

360 798 471 835 tingyens
493 805 584 834 usque
605 796 645 824 ad
666 795 837 824 divisionem
859 794 977 822 animae
998 801 1033 821 cte.
1054 792 1187 829 spiritus.

437 845 529 873 Tertio
551 843 661 872 divinus
683 850 773 871 sermo
788 840 960 869 corroborat
975 840 1139 868 irascibilem
1157 847 1206 875 per

360 891 594 928 perseverantiam
618 889 829 926 longanimitatis
850 888 923 924 spei3
947 886 1019 915 unde
1042 887 1130 914 Lucae
1146 894 1207 915 sex-

362 942 388 967 to
403 939 429 966 2;
454 937 572 970 Omnis,
601 937 653 974 (11ιὶ
682 936 755 964 venit
776 935 816 963 ad
844 943 887 962 nie
907 937 933 962 et
954 933 1040 961 audit
1060 941 1206 961 sermones

360 994 436 1013 meos
458 988 483 1012 et
509 983 583 1021 furit
604 992 659 1016 eos,
681 982 830 1011 ostendam
854 981 941 1013 robis,
964 980 1013 1008 cui
1033 979 1138 1007 stmttts
1160 979 1205 1008 sit.

362 1032 473 1060 Similis
494 1035 533 1059 est
555 1030 666 1059 homini
679 1029 849 1065 aedificanti
863 1029 998 1061 domum,
1014 1027 1066 1065 qui
1086 1026 1161 1063 fodit
1175 1026 1206 1054 in

362 1079 453 1107 (titum
476 1082 500 1107 et
512 1077 611 1115 posuit
625 1076 851 1114 fundamentum
867 1084 956 1112 super
976 1078 1099 1111 petram.
1116 1074 1207 1102 Inton-

362 1126 478 1154 dcttt‘oiie
500 1129 595 1153 [tute-m
619 1123 711 1160 foetu,
734 1123 843 1151 illisum
859 1126 898 1150 est
918 1121 1027 1158 flumen
1049 1121 1151 1150 domm
1165 1121 1208 1149 z'ltz'

362 1177 385 1201 et
406 1181 465 1200 non
482 1172 578 1209 potuit
598 1180 662 1199 eom
684 1178 813 1202 mouere‚·
831 1168 961 1206 fundata
982 1169 1057 1196 enirn
1080 1171 1144 1196 erat
1157 1177 1207 1196 su-

360 1228 412 1256 per
430 1223 554 1256 petram.
572 1235 607 1237 —
626 1217 736 1251 Omnis,
753 1217 804 1254 qut*
827 1216 899 1244 venit
915 1216 955 1243 ad
975 1224 1029 1249 me,
1053 1223 1101 1251 per
1117 1215 1207 1249 tidem,

362 1270 386 1294 et
408 1266 492 1294 amm
519 1273 664 1293 sermones
692 1272 784 1296 meos,
811 1271 874 1292 cum
896 1262 1056 1295 devotione,
1083 1266 1108 1290 et
1134 1261 1209 1299 facit

361 1322 417 1347 eos,
440 1321 488 1349 per
509 1312 601 1349 operis
621 1311 843 1343 exsecutionem;
859 1310 964 1338 stantis
985 1314 1025 1338 est
1046 1309 1167 1344 homini,
1183 1309 1209 1338 id

362 1364 402 1389 est
424 1360 533 1388 Christo
555 1359 707 1391 mediatori.
728 1357 897 1394 aedtfieantt
918 1358 1052 1390 domum,
1076 1357 1210 1385 Ecclesiae

362 1408 389 1435 in
411 1407 583 1443 expositione
605 1405 796 1437 intellectuali;
819 1404 871 1442 qitz'
897 1403 972 1442 fodit
998 1404 1029 1432 iii
1062 1403 1155 1432 atium
1185 1408 1209 1432 et

361 1454 442 1491 pontt
461 1453 687 1493 fundamentum
716 1460 805 1488 super
830 1455 963 1488 petram,
986 1451 1011 1479 id
1034 1454 1076 1479 cst
1105 1459 1159 1479 non
1182 1450 1208 1478 10

363 1501 544 1529 mutabilitate
573 1504 767 1532 terrenorum,
789 1498 834 1527 sed
858 1499 884 1526 in
908 1498 1092 1535 perpetuitate
1121 1500 1208 1526 aeter-

363 1556 471 1576 norum.
495 1547 569 1575 Unde
591 1546 698 1575 Glossa:
726 1557 738 1570 «
757 1546 841 1574 Fodit
863 1546 892 1573 tn
914 1545 1023 1579 altum,
1054 1545 1100 1582 qui
1132 1552 1209 1581 prae—

362 1595 447 1631 ceptis
470 1593 631 1622 humilitatis
653 1597 762 1621 terrena
777 1592 870 1620 omnia
890 1592 923 1620 de
942 1600 1057 1620 suorum
1080 1592 1210 1620 cordibus

362 1642 486 1670 funditus
507 1641 589 1674 eruit,
612 1648 645 1668 ne
668 1643 781 1676 propter
803 1639 912 1676 aliquod
936 1639 1063 1667 fluxibile
1079 1639 1134 1667 Deo
1156 1647 1211 1667 ser-

362 1689 426 1722 viat,
439 1691 470 1717 ut
482 1688 671 1716 inconcussam
686 1687 713 1715 in
729 1687 768 1715 eis
784 1687 882 1715 habeat
898 1687 1102 1714 mansionem».
1121 1686 1209 1713 Inun-

363 1736 478 1764 (latt'one
500 1739 598 1763 autem
619 1733 711 1771 fucta,
727 1734 752 1762 id
769 1738 810 1762 est
825 1734 1017 1770 persecutione
1039 1734 1209 1770 insurgente,

364 1783 472 1811 tttismn
487 1786 527 1810 est
547 1781 665 1818 flumen,
688 1781 712 1809 id
735 1784 776 1809 est
798 1781 889 1808 carnis
911 1780 1029 1813 lascivia,
1052 1779 1146 1807 mundi
1161 1779 1209 1807 ob-

364 1830 525 1858 lectamenta
546 1832 573 1857 et
593 1828 757 1857 daemonum
774 1827 912 1863 impulsio,
934 1826 1045 1860 domui,
1068 1826 1093 1854 id
1116 1829 1157 1854 est
1172 1826 1208 1854 1111

363 1875 542 1904 aedificationi
566 1874 718 1907 virtutum,
747 1877 771 1902 et
795 1882 851 1901 non
871 1873 964 1910 potuit
992 1881 1055 1901 eoin
1078 1881 1208 1906 mouere,

364 1923 390 1951 id
412 1927 452 1951 est
480 1922 608 1955 diruere;
638 1925 664 1950 et
693 1922 762 1949 ratio
792 1921 876 1949 buius
897 1924 950 1949 est:
980 1921 1051 1958 quio
1079 1919 1210 1957 fundata

364 1973 428 1998 erat
446 1978 535 2006 super
548 1972 674 2006 petrum,
690 1968 715 1996 id
731 1971 772 1996 est
793 1968 950 2001 Christum3
973 1975 1043 2004 quae
1058 1970 1151 1995 antem
1166 1975 1210 1995 ca-

363 2017 402 2045 dit
422 2025 475 2045 non
498 2017 525 2044 in
548 2016 657 2044 Christo
678 2015 847 2043 aedificatur.
877 2015 914 2042 De
947 2014 990 2042 his
1015 2014 1141 2042 similiter
1169 2021 1210 2042 se-

364 2063 446 2092 cundi
468 2063 696 2091 Macbabaeorum
718 2061 817 2090 ultimo
832 2061 858 2088 ³:
882 2060 1019 2098 Sz'nyutos
1034 2064 1130 2088 autem
1155 2060 1211 2089 itto-

365 2119 434 2138 rum
455 2110 585 2138 ctrniuot't
606 2118 664 2137 non
686 2108 778 2145 clypei
798 2112 824 2136 et
844 2107 945 2136 hastae
965 2108 1140 2140 munitione,
1161 2108 1211 2135 sert

363 2156 546 2186 sermonibus
568 2156 691 2193 optz'nn's.

444 2204 472 2231 ll.
495 2203 641 2240 Sequitur:
665 2203 697 2231 St
721 2203 787 2240 quis
807 2202 984 2235 servaverit,
1014 2202 1060 2230 uhi
1090 2202 1211 2230 secundo

364 2254 476 2279 notatur
497 2248 690 2286 fructificatio
713 2249 802 2277 bonae
823 2248 1009 2285 operationis.
1039 2248 1109 2284 Quia
1136 2248 1208 2276 enim

364 2297 455 2325 anima
476 2305 513 2324 ex
535 2296 678 2325 influentia
699 2296 782 2324 divini
799 2296 934 2324 sermonis
948 2298 990 2324 est
1005 2296 1143 2323 illustrata
1165 2303 1210 2323 ve—

364 2344 444 2372 ritate
465 2343 544 2377 fidei,
567 2343 736 2371 inflammata
757 2343 871 2371 caritate
892 2342 1009 2376 Christi,
1032 2342 1211 2371 corroborata

364 2391 569 2428 longanimitate
591 2391 664 2427 spei3
687 2390 748 2419 ideo
769 2393 810 2419 est
831 2390 909 2418 valde
931 2390 1000 2418 bene
1021 2389 1152 2426 disposita
1176 2389 1209 2417 ad

364 2438 567 2466 observandum
591 2438 714 2466 divinum
734 2445 899 2470 sermonem,
921 2444 957 2465 ex
979 2437 1059 2465 cuius
1081 2437 1210 2465 observa-

365 2485 437 2513 tione
459 2485 587 2521 producit
607 2485 730 2513 fructum
752 2485 888 2513 bonorum
917 2492 1034 2520 opernm
1056 2484 1083 2512 10
1113 2492 1211 2520 magna.

365 2532 540 2560 abundantia.
564 2532 638 2560 Unde
654 2531 805 2560 secundum
822 2531 989 2567 praedictam
1012 2531 1147 2567 triplicem
1159 2531 1211 2559 dis⁴

364 2578 525 2615 positionem
549 2587 584 2607 ex
607 2579 750 2607 influentia
764 2578 848 2606 divini
870 2578 1006 2606 sermonis
1027 2577 1108 2606 debet
1122 2578 1210 2614 tripli-

365 2626 433 2654 citer
453 2626 629 2659 fructhicare,
652 2626 709 2654 sive
730 2626 879 2654 observare
899 2625 1022 2653 divinum
1046 2633 1210 2659 sermonem,

365 2673 438 2709 quod
453 2673 524 2701 idem
541 2677 581 2701 est
596 2673 669 2709 quod
684 2672 853 2701 fructificare
869 2680 917 2709 per
932 2672 1018 2700 bonas
1028 2672 1209 2708 operationes.

365 2720 430 2747 Nam
453 2719 551 2756 primo,
574 2719 639 2756 quia
661 2719 798 2747 illustrata
821 2719 935 2747 veritate
956 2718 1028 2752 fidei,
1050 2718 1131 2747 debet
1153 2726 1210 2747 ser-

428 2844 434 2856 ¹
455 2846 518 2867 vers.
537 2845 561 2872 53
580 2845 683 2873 seqnitur
701 2845 770 2867 Hebr.
790 2845 810 2872 st,
833 2846 866 2867 ¹²2.

427 2883 435 2896 2
454 2885 519 2906 Vers.
537 2885 573 2906 47.
592 2891 638 2913 seq.
657 2897 687 2901 —
706 2885 813 2913 Sequitur
831 2885 909 2907 Glossa
926 2884 1050 2908 ordinaria
1068 2885 1089 2907 in
1110 2886 1170 2907 hunc
1182 2885 1211 2907 lo-

365 2930 431 2951 ι;0111;
449 2924 517 2946 etiam
535 2924 607 2946 verba
620 2924 662 2946 alia
681 2927 765 2946 textum
778 2924 912 2952 explicantia
925 2925 972 2946 sere
983 2925 1058 2947 omnia
1071 2927 1146 2947 sumta
1159 2926 1211 2947 sunt

364 2968 390 2984 ex
407 2963 485 2985 Glossa
504 2962 652 2985 interlineari
669 2963 691 2984 iu
708 2963 783 2985 locum
802 2963 904 2985 citatum.

427 2999 435 3012 ³
453 3000 508 3029 Cap.
530 3001 562 3028 15,
585 3002 617 3023 ll,

1021 202 1193 232 SERMONES
1214 202 1257 230 DE
1278 201 1441 229 TEMPORE.

1261 286 1326 307 vare
1346 278 1470 306 divinum
1493 285 1649 305 sermonem
1671 284 1733 305 cum
1753 277 1884 314 puritate
1915 277 2104 305 eonscientiae

1260 325 1287 353 10
1310 324 1509 353 contemnendo
1533 323 1683 357 mundum3
1705 324 1835 358 secundo,
1857 324 1923 360 quia
1938 323 2105 352 inflammata

1261 379 1310 408 per
1333 370 1549 399 benevolentiam
1572 370 1695 399 caritatis
1713 370 1824 404 Christi,
1839 370 1919 399 debet
1940 378 2051 399 servare
2064 370 2105 399 di-

1260 418 1356 446 vinum
1377 425 1532 446 sermonem
1554 425 1616 446 cuin
1632 417 1786 445 latitudine
1799 417 2005 446 benevolentiae
2019 417 2045 446 in
2065 417 2105 446 (11-

1261 464 1369 501 ligendo
1390 464 1494 497 Deum;
1517 463 1607 497 tertio,
1629 464 1694 500 quia
1715 464 1894 492 corroborata
1908 471 1957 501 per
1979 472 2106 501 perseve-

1261 511 1378 539 rantiam
1401 510 1613 547 longanimitatis
1641 510 1714 547 spei,
1735 511 1817 539 debet
1842 518 1954 540 servare
1981 511 2104 540 divinum

1261 565 1416 586 sermonem
1449 565 1512 585 cum
1544 557 1685 594 firmitate
1716 557 1874 594 patientiae
1906 557 1931 585 in
1965 557 2106 586 tolerando

1262 604 1374 632 malum.

1341 651 1440 684 Primo,
1462 651 1528 688 quia
1549 651 1686 679 illustrata
1708 651 1824 680 veritate
1844 651 1920 686 fidei,
1941 651 2023 680 debet
2050 659 2108 680 ser—

1263 706 1329 726 vare
1349 698 1473 726 divinum
1497 705 1653 726 sermonem
1674 705 1737 726 cum
1762 698 1892 734 puritate
1919 698 2109 727 eonscientiae
2118 704 2214 724 consuiant

1263 744 1289 772 in
1312 744 1511 773 contemnendo
1534 744 1683 778 mnndum3
1706 744 1779 773 unde
1799 744 1901 773 dicitur
1930 745 2035 773 loannis
2062 745 2108 774 de-

1263 791 1333 820 cimo
1354 791 1470 828 septimo
1485 792 1511 819 4:
1536 790 1723 828 lllctnz'festaoz'
1748 800 1852 820 nomen
1873 795 1955 820 tuum
1984 790 2108 820 homini-

1264 838 1334 872 bus,
1356 847 1427 876 quos
1456 838 1560 867 dedisti
1588 837 1661 866 iniln'
1687 839 1721 867 (te
1741 839 1869 872 mundm
1891 839 1935 868 tui
1961 843 2062 874 erant,
2084 843 2110 868 et

1262 884 1337 913 -mz‘lzz'
1357 893 1403 913 eos
1425 885 1529 913 dedisti
1536 895 1545 918 ,·
1567 889 1591 913 et
1612 893 1774 913 sermonem
1796 889 1880 913 tuum
1906 891 2107 914 servaverunt.

1263 948 1301 952 -—
1322 932 1444 960 Verbum
1466 935 1508 960 est
1529 931 1628 960 Christi
1651 931 1766 960 dicentis
1787 932 1820 960 ad
1844 932 1964 961 Patrem:
1986 932 2109 970 Manife-

1262 979 1341 1007 stant
1360 987 1464 1007 nomen
1486 983 1570 1007 tumn
1592 978 1774 1013 lzomtntozts,
1796 979 1822 1007 id
1844 982 1885 1008 est
1910 980 2062 1009 humilibus
2083 984 2110 1009 et

1264 1025 1444 1062 simplicibus,
1466 1025 1538 1062 quod
1562 1025 1742 1054 abscondisti
1762 1034 1781 1053 (t
1800 1026 1996 1062 prudentibus
2017 1030 2041 1054 et
2061 1035 2110 1054 sa-

1263 1072 1425 1109 pz'entz‘bzts;
1447 1081 1518 1110 quos
1539 1073 1644 1101 dedisti
1664 1072 1738 1101 milti
1764 1073 1798 1101 cle
1818 1073 1946 1107 mundo,
1977 1081 2024 1110 per
2046 1081 2110 1102 con-

1265 1119 1447 1148 servationem
1461 1120 1590 1156 puritatis
1601 1124 1627 1148 et
1640 1119 1799 1154 munditiae,
1812 1128 1883 1157 quae
1898 1119 1925 1148 in
1942 1120 1993 1149 hoc
2008 1120 2111 1149 mundo

1265 1167 1422 1195 conservari
1439 1174 1492 1195 non
1509 1170 1606 1203 potest.
1623 1167 1688 1195 Nam
1700 1175 1792 1200 omne,
1805 1167 1882 1205 qttott
1893 1170 1933 1195 est
1944 1167 1975 1196 z'n
1989 1168 2110 1202 mundo,

1266 1217 1318 1241 aut
1339 1217 1378 1242 est
1406 1214 1641 1250 eoncupiscentia
1670 1214 1789 1248 earnis,
1812 1214 1913 1242 faciens
1936 1214 2057 1243 lubricos
2085 1218 2112 1243 et

1266 1261 1462 1297 voluptuosos,
1485 1264 1537 1289 aut
1558 1261 1793 1298 eoncupiscentia
1820 1261 1988 1295 oculorum,
2010 1261 2112 1290 faciens

1266 1308 1381 1344 cupidos
1403 1311 1430 1336 et
1451 1316 1566 1341 avaros,
1595 1311 1648 1335 aut
1669 1307 1809 1344 superbio
1830 1308 1923 1342 vitae,
1945 1308 2047 1337 faciens
2069 1312 2112 1338 tu-

1267 1354 1355 1383 midos
1376 1358 1403 1383 et
1423 1354 1591 1383 ambitiosos.
1621 1354 1677 1382 Tm·
1696 1358 1797 1388 erant,
1820 1362 1869 1391 per
1890 1355 2006 1391 gratiam
2036 1355 2112 1384 beni-

1266 1409 1335 1438 gnae
1356 1401 1525 1438 adoptionis⁷
1548 1404 1572 1429 et
1594 1401 1666 1429 milit
1687 1410 1733 1429 eos
1754 1401 1875 1435 dedisti,
1899 1401 1925 1430 10
1947 1401 2112 1439 discipulos,

1268 1453 1298 1477 ut
1320 1452 1411 1477 notam
1434 1449 1552 1477 facerem
1581 1449 1620 1477 eis
1648 1449 1719 1477 viam
1749 1449 1846 1477 salutis
1873 1452 2009 1478 aeternae.
2038 1450 2113 1479 Unde

1267 1496 1357 1532 primo
1388 1495 1462 1524 Deus
1492 1496 1569 1524 Pater
1597 1495 1708 1532 adoptat
1736 1496 1886 1532 quemlibet
1914 1496 1942 1524 in
1971 1496 2057 1525 tilium
2086 1499 2113 1525 et

1268 1546 1361 1579 postea
1383 1543 1466 1571 tradit
1487 1550 1550 1571 eum
1572 1543 1682 1571 Christo
1703 1543 1728 1571 in
1744 1543 1921 1579 discipulum,
1936 1544 1977 1572 vel
2000 1543 2059 1572 eius
2073 1544 2113 1573 vi-

1267 1590 1342 1618 cario
1357 1591 1377 1623 ⁵,
1401 1592 1431 1618 ut
1453 1590 1609 1618 instruatur
1625 1593 1801 1619 contemnere
1817 1593 1928 1619 terrena
1942 1594 1969 1619 et
1984 1594 2113 1628 appetere

1267 1637 1401 1666 caelestia.
1425 1637 1500 1666 Unde
1522 1637 1655 1674 Apostoli,
1681 1637 1747 1674 quia
1768 1637 1862 1666 mundi
1891 1641 1918 1666 et
1946 1638 2113 1667 immaculati

1267 1684 1381 1713 suerunt
1410 1692 1458 1721 per
1487 1687 1675 1721 contemptum
1702 1688 1877 1713 terrenorum
1906 1688 1934 1714 et
1960 1685 2112 1722 appetitum

1267 1731 1441 1765 divinorum,
1458 1731 1517 1760 ideo
1530 1740 1690 1760 sernwnem
1705 1732 1828 1760 divinum
1844 1737 2036 1761 servaverunt
2050 1740 2114 1762 cum

1266 1778 1388 1814 puritate
1410 1778 1601 1811 conscientiae,
1623 1778 1681 1806 sine
1695 1786 1751 1815 qua
1771 1778 1882 1807 divinus
1903 1786 1994 1807 sermo
2009 1779 2113 1808 servari

1267 1833 1320 1853 non
1344 1827 1441 1861 potest.

1347 1872 1481 1906 Secundo,
1503 1873 1569 1909 quia
1591 1873 1758 1901 inflammata
1774 1873 1887 1902 caritate
1909 1873 2019 1907 Christi,
2034 1873 2116 1903 debet

1268 1927 1379 1947 servare
1400 1919 1524 1947 divinum
1547 1927 1702 1948 sermonem
1726 1928 1788 1949 cum
1818 1920 1972 1949 latitudine
2001 1920 2115 1949 benevo-

1268 1966 1370 1994 lentiae
1392 1966 1418 1994 in
1440 1966 1578 2003 diligendo
1600 1967 1704 1999 Deum;
1727 1968 1799 1995 unde
1821 1967 1922 1996 dicitur
1943 1967 2049 1996 loannis
2069 1968 2115 1997 de-

1268 2013 1338 2041 cimo
1359 2016 1459 2049 quarto
1474 2013 1500 2040 S:
1523 2013 1556 2041 Sz·
1575 2014 1640 2051 qitz's
1655 2014 1752 2051 stittytc
1772 2023 1825 2046 me,
1840 2023 2000 2043 sermonem
2019 2023 2116 2043 meum

1267 2059 1411 2092 servabit,
1433 2063 1458 2087 et
1480 2060 1570 2088 Pater
1591 2069 1671 2088 mezts
1700 2061 1799 2098 (lt'tt'yet
1825 2070 1907 2094 euin,
1937 2065 1963 2089 et
1990 2062 2030 2090 art
2050 2070 2116 2090 eum

1267 2107 1414 2134 veniemus
1432 2110 1456 2134 et
1470 2107 1651 2135 mansionem
1677 2108 1759 2144 apud
1783 2116 1849 2136 enm
1870 2107 2024 2145 faciemus.
2047 2108 2116 2145 Quia

1272 2153 1423 2190 «probatio
1445 2153 1528 2182 divini
1551 2155 1653 2182 amoris
1681 2155 1817 2183 exhibitio
1839 2158 1880 2183 est
1900 2155 2033 2192 operis»,
2056 2155 2115 2184 ideo

1267 2201 1347 2229 dicit:
1364 2200 1397 2229 st
1410 2201 1476 2238 quis
1490 2201 1587 2238 clz'tt'yz't
1600 2210 1654 2235 me,
1670 2210 1831 2230 sermonem
1852 2211 1948 2231 meum
1969 2203 2113 2237 servabit,

1268 2247 1345 2284 quasi
1368 2247 1454 2276 dicat:
1484 2256 1544 2276 mea
1564 2248 1673 2277 dilectio
1701 2257 1784 2286 opere
1811 2249 1961 2285 probatur,
1982 2257 2015 2278 eo
2042 2249 2115 2286 quod

1272 2302 1377 2322 «amor
1400 2295 1445 2323 Dei
1476 2298 1608 2331 operatur
1635 2304 1748 2332 magna,
1771 2296 1791 2324 si
1814 2299 1870 2328 est:
1893 2296 1914 2325 si
1937 2299 2029 2325 autem
2051 2304 2115 2333 ope-

1269 2342 1323 2370 rari
1348 2342 1456 2376 renuit,
1485 2351 1562 2371 amor
1588 2343 1635 2371 Dei
1665 2351 1719 2371 non
1748 2346 1789 2372 est
1803 2354 1836 2377 »;
1866 2347 1890 2371 et
1918 2344 2007 2372 Pater
2035 2352 2115 2372 meus

1267 2389 1364 2426 atttt'yet
1391 2398 1473 2423 eum,
1500 2392 1613 2426 propter
1641 2390 1862 2419 observationem
1891 2391 1942 2419 mei
1971 2391 2114 2420 sermonis.

1268 2436 1332 2464 Nam
1355 2436 1475 2473 dignatio
1497 2437 1603 2465 divinae
1632 2437 1766 2466 amicitiae
1794 2438 1852 2466 sive
1879 2437 2032 2466 dilectionis
2056 2438 2115 2466 fru-

1267 2485 1328 2511 ctus
1353 2487 1394 2512 est
1423 2484 1560 2512 humanae
1588 2484 1794 2513 benevolentiae
1821 2484 1878 2513 sive
1906 2485 1993 2513 bonae
2019 2492 2115 2521 opera-

1269 2530 1357 2558 tionis.
1383 2531 1415 2558 Et
1437 2530 1477 2558 cot
1497 2539 1562 2559 euin
1590 2531 1751 2565 veniemus,
1774 2539 1823 2568 per
1855 2531 2022 2568 septiformis
2052 2540 2115 2569 gra-

1269 2577 1320 2605 tiae
1344 2578 1388 2606 Dei
1412 2578 1601 2613 collationem,
1623 2583 1647 2607 et
1668 2579 1849 2607 mansionem
1871 2579 1953 2616 apud
1977 2587 2041 2607 enm
2067 2578 2116 2616 fa—

1268 2624 1387 2658 ciemus,
1410 2632 1459 2661 per
1482 2625 1544 2653 honi
1566 2626 1658 2662 operis
1673 2626 1929 2662 multiplicationem
1945 2628 1972 2654 et
1986 2634 2114 2654 consum-

1269 2672 1423 2700 mationem.
1448 2672 1478 2700 Et
1500 2676 1613 2710 propter
1637 2674 1688 2702 hoc
1703 2673 1804 2701 dicitur
1826 2673 1978 2710 Sapientiae
1993 2677 2073 2702 sexto
2088 2673 2113 2701 ⁷:

1270 2718 1467 2755 Coneupz'sctte
1488 2728 1556 2757 erqo
1577 2729 1723 2748 sermones
1744 2729 1837 2754 meos,
1860 2720 1970 2758 ‹tittyz'te
1991 2720 2068 2754 illos,
2090 2724 2114 2749 et

1330 2845 1338 2857 ⁴
1358 2846 1422 2868 Veis,
1443 2847 1468 2873 (ὃς
1487 2851 1615 2875 sequuntur
1633 2847 1709 2869 lllatth.
1732 2847 1764 2874 ll,
1783 2847 1818 2869 25.
1837 2850 1859 2868 et
1877 2847 1889 2868 l.
1909 2847 1969 2869 loen.
1987 2847 2007 2871 ἱ),
2031 2847 2064 2868 16.

1331 2884 1339 2897 ⁵
1357 2885 1412 2908 Cod.
1431 2886 1446 2907 F
1463 2886 1518 2913 legit
1536 2886 1571 2909 vel
1588 2885 1712 2909 (παι-01111.

1330 2923 1339 2936 ⁶
1357 2925 1422 2946 Vei-s.
1441 2925 1478 2947 23.
1495 2938 1525 2940 —
1544 2925 1593 2947 Duo
1605 2929 1728 2954 sequentes
1745 2925 1786 2947 loci
1805 2929 1857 2947 suni
1874 2926 1978 2953 Gregor„
1996 2926 2019 2947 ll.
2032 2925 2114 2947 Homil.

1266 2964 1288 2985 in
1308 2964 1394 2991 Evaug.
1413 2964 1491 2986 homil.
1509 2965 1546 2986 30.
1564 2971 1585 2986 u.
1608 2965 1624 2986 l.
1642 2967 1664 2986 et
1683 2965 1706 2995 2.>

1330 3001 1338 3014 ⁷
1357 3002 1421 3024 Vers.
1443 3003 1477 3025 ¹2.

2133 657 2200 685 Primo.
2213 676 2215 679 ,

2142 683 2217 705 puritati

2132 1876 2223 1899 Secundo,

2143 1899 2237 1918 latitudini

2137 1923 2239 1943 benevolos«

2168 1947 2212 1966 tiae.
