2243 3348
209 667 301 688 Secundo,
311 666 334 685 de

219 690 335 713 malignitate

219 713 335 732 iudaeorum.

352 211 410 240 204

353 297 449 326 aquas
470 296 571 317 corant
594 287 722 316 tondente
743 295 772 314 se
799 286 977 314 obmatescet.
1000 300 1037 305 ——
1065 283 1133 312 Ovis
1154 285 1195 311 est

352 336 479 364 Christus
510 335 615 363 ratione
653 332 854 362 tractabilitatis
885 335 912 360 et
946 330 1112 367 patientiae;
1147 329 1195 357 sed

353 390 465 419 aynae,
488 381 593 410 ratione
621 379 750 417 puritatis
775 382 802 407 et
831 377 1017 410 innocentiae,
1044 376 1124 404 cuius
1152 383 1195 403 ra-

352 429 425 458 tione
444 432 564 465 peccata
585 426 690 455 maneti
710 425 783 454 tulit.
805 424 880 453 Unde
901 423 1043 460 sequitur:
1066 422 1127 450 Pro
1149 430 1194 455 eo,

353 475 429 513 qnod
450 473 573 502 tradidit
595 472 625 500 in
653 474 771 500 mortem
801 471 934 498 animant
955 477 1043 497 snam
1071 472 1095 496 et
1127 475 1194 496 cant

351 520 497 549 sceleratis
518 522 670 556 reputatus
691 522 745 550 est,
767 521 792 545 et
812 517 873 553 ipse
890 519 1013 553 peccata
1033 514 1193 542 maltorum

353 567 417 595 ncta
438 570 463 595 et
481 574 537 603 pro
559 563 830 601 transqressorae'bus
852 562 976 599 royavt't.

430 612 554 641 Secundo
575 612 765 640 vehementem
781 609 958 638 acerbitatem
975 608 1059 636 huius
1074 606 1193 635 dolorosi

351 660 476 697 supplicii
499 658 616 687 ostendit
637 656 809 693 nialz'ynitas
827 655 932 692 popatt‘
948 654 1072 687 Iudaici,
1095 653 1195 682 crude-

351 708 413 736 liter
434 705 587 735 saevientis.
610 704 726 732 Multum
747 702 819 731 enim
835 701 994 730 saevierunt
1009 700 1136 729 crudeles
1152 700 1195 728 lu-

351 754 425 787 daei,
448 760 510 781 nam
531 752 591 780 eius
611 758 694 779 aures
715 749 883 778 clamoribus
904 747 1120 784 opprobriorum
1142 747 1194 774 im-

351 801 505 837 pleverunt,
521 798 580 827 eius
594 797 691 825 faciem
712 795 962 825 abominationibus
976 796 1123 830 sputorum
1139 801 1196 821 sor—

350 847 531 879 didaverant,
559 845 619 873 eius
650 845 732 880 caput
764 840 1021 878 compunctionibus
1050 840 1193 877 spinarum

351 894 509 930 fregerunt,
532 891 652 928 propriis
672 889 798 918 humeris
812 896 889 917 suam
905 887 1083 924 ignominiam
1101 887 1194 915 crucis

351 944 462 977 portare
489 940 630 971 fecerunt,
656 937 716 965 cius
744 936 871 964 maxillas
897 934 1036 971 sacrilegis
1067 934 1195 962 manibus

351 990 565 1024 percusserunt,
588 986 613 1013 in
636 984 678 1012 siti
701 991 751 1012 sua
772 983 833 1011 felle
855 985 881 1011 ct
902 985 979 1010 aceto
1001 989 1063 1009 eum
1084 984 1195 1017 potave-

351 1037 432 1067 runt,
455 1037 482 1061 et
503 1032 576 1069 quod
599 1032 660 1068 plus
681 1033 737 1063 est,
760 1030 816 1058 solo
845 1029 903 1057 zelo
925 1028 1042 1056 invidiae
1064 1036 1127 1056 eum
1150 1035 1194 1056 oc-

351 1080 486 1113 ciderunt,
508 1078 660 1108 secundum
681 1076 754 1113 quod
776 1076 925 1112 figuratum
942 1078 1001 1103 erat
1016 1075 1042 1103 in
1059 1074 1194 1103 occisione

350 1127 430 1160 Abel,
452 1127 485 1155 de
506 1134 562 1162 quo
586 1125 687 1153 dicitur
709 1123 812 1160 primae
839 1122 945 1150 Ioannis
967 1121 1085 1150 tertiol:
1110 1121 1194 1155 Cain,

351 1175 403 1211 qut
422 1183 456 1202 ea.-
477 1173 606 1209 maligno
627 1175 706 1205 erat,
728 1174 752 1198 et
773 1169 877 1198 occidit
897 1167 1024 1205 fratremv
1046 1176 1143 1196 suant.
1160 1169 1195 1196 Et

350 1225 469 1258 propter
499 1220 569 1258 qnt'ct
597 1218 699 1247 oemunt
725 1217 812 1246 eunt?
836 1216 983 1252 Quoniam
1011 1224 1101 1252 opera
1132 1215 1195 1244 etas

352 1268 482 1304 mattqna
505 1269 604 1299 erant,
626 1264 735 1302 frat-ris
756 1267 853 1291 antem
875 1263 938 1291 eins
960 1263 1048 1290 insta.
1072 1279 1110 1282 —
1132 1263 1195 1290 Per-

351 1322 449 1344 versus
472 1314 559 1347 Cain,
576 1313 623 1349 qui
645 1311 749 1340 oceidit
771 1311 874 1338 iustum
889 1309 1018 1346 fratrent
1032 1318 1120 1338 sunni
1137 1310 1195 1338 solo

352 1362 409 1390 zelo
430 1361 562 1394 invidiae,
585 1360 690 1387 ratione
712 1366 778 1387 suae
799 1357 976 1393 malignantis
991 1357 1127 1393 significat
1148 1365 1195 1393 po-

351 1408 447 1445 pulum
481 1407 636 1439 Iudaicum,
668 1405 715 1442 qui
748 1404 846 1432 occidit
874 1404 1016 1432 Christum
1039 1407 1134 1432 natum
1162 1404 1195 1432 de

351 1455 452 1491 populo
473 1458 500 1482 et
514 1457 593 1490 gente
609 1452 730 1485 Iudaica,
747 1451 872 1479 invidens
887 1451 966 1479 bonis
980 1450 1112 1487 operibus
1126 1450 1193 1479 eius.

350 1503 382 1530 Et
404 1502 453 1530 hoc
476 1505 516 1529 est
531 1500 603 1537 quod
625 1499 732 1527 dicebat
746 1499 785 1527 eis
801 1498 937 1526 Dominus
952 1497 1059 1526 Ioannis
1074 1497 1194 1526 decimo:

349 1549 439 1577 Malta
462 1548 536 1576 bona
558 1555 646 1583 opera
661 1545 772 1574 ostendi
787 1545 864 1573 vobis
879 1553 913 1573 eac
928 1545 1019 1572 Patre
1033 1553 1094 1572 meo
1104 1555 1113 1577 ,·
1125 1553 1195 1581 pro-

218 1600 330 1619 Notandum-
344 1600 409 1632 pter
424 1594 499 1632 qnod
513 1602 611 1621 eoram
629 1601 701 1629 opas
716 1601 760 1620 nze
775 1591 937 1628 lapidatis?
953 1591 1049 1619 ——Hic
1065 1591 1137 1619 euim
1154 1594 1195 1619 est

213 2535 333 2554 luti-eductio.

347 1642 487 1675 Christus,
503 1641 550 1677 qui
572 1647 765 1677 quaecumque
788 1639 901 1675 mystica
917 1638 1018 1667 veteris
1040 1638 1194 1667 testamenti

347 1688 513 1725 adimplevit.
535 1688 601 1715 Nam
623 1695 638 1714 a
666 1687 751 1714 latere
781 1685 851 1714 Adae
873 1688 1064 1722 sequestratus
1085 1689 1142 1719 est,
1164 1688 1196 1713 ut

348 1736 409 1764 inde
442 1735 520 1763 fieret
548 1734 680 1767 Ecclesia;
710 1733 736 1761 in
766 1733 830 1761 Abel
862 1732 971 1761 occisus
999 1735 1055 1766 est,
1085 1732 1112 1760 in
1140 1733 1195 1760 Noe

347 1783 480 1816 nudatus,
502 1783 529 1810 in
551 1781 686 1810 Abraham
720 1780 933 1817 multiplicatus,
956 1780 983 1808 in
1005 1780 1077 1808 Isaac
1100 1780 1195 1808 immo-

348 1831 427 1859 latus.
449 1829 516 1858 Huic
537 1829 608 1857 enim
631 1828 764 1865 singulari
786 1827 921 1855 sacrificio
942 1826 1088 1863 figurando
1102 1826 1196 1855 omnia

348 1877 448 1906 veteris
478 1875 630 1905 testamenti
661 1874 795 1903 sacrificia
823 1875 958 1902 hactenus
989 1874 1194 1902 insudaveram.

347 1925 375 1953 In
398 1924 476 1952 Iacob
497 1922 701 1959 peregrinatus,
723 1921 749 1949 in
774 1921 869 1958 loseph
892 1921 1036 1954 venditus,
1056 1921 1081 1948 In
1104 1921 1195 1957 Moyse

348 1970 510 2003 occultatus,
532 1969 558 1997 in
580 1968 665 1997 David
692 1972 872 2004 persecutus,
894 1968 921 1996 in
943 1967 1086 2004 Prophetis
1107 1968 1195 1996 exho-

348 2020 470 2045 noratus.
486 2017 511 2044 Si
534 2024 599 2052 ergo
622 2015 737 2052 quilibet
758 2015 889 2049 istorum,
912 2017 1029 2051 excepto
1044 2015 1079 2050 (ἵ)
1095 2014 1194 2048 Adam,

349 2063 445 2092 habuit
467 2063 532 2091 satis
554 2066 664 2099 portare
694 2063 727 2091 de
759 2070 809 2090 sua
843 2062 1036 2095 tribulatione,
1058 2065 1193 2098 quantum

978 231 982 236 .
1016 206 1188 235 SERMONES
1208 206 1251 234 DE
1272 205 1436 234 TEMPORE.

1252 290 1318 311 vero
1340 283 1437 311 habuit
1458 282 1585 311 Christus
1606 285 1730 319 portare,
1753 291 1838 320 super
1859 292 1941 320 quem
1958 285 2026 313 etin
2043 293 2099 322 quo

1251 336 1347 357 omnes
1368 329 1484 357 istorum
1506 328 1638 365 figurales
1657 328 1765 365 stactus
1778 328 1903 366 fuerant
1917 331 2032 359 inducti
2047 330 2055 344 ²
2072 334 2099 360 et

1251 375 1407 411 adimpleti!
1425 375 1500 403 Unde
1518 375 1624 404 ratione
1639 375 1713 404 illius
1727 376 1898 405 crudelitatis
1912 380 1939 406 et
1960 377 2098 412 saevitiae,

1251 429 1335 458 quam
1356 424 1547 450 exercuerunt
1568 421 1594 450 in
1617 429 1681 450 eum
1703 422 1803 457 Iudaei,
1826 426 1915 460 potest
1935 424 1987 452 dici
2009 424 2042 453 de
2057 424 2096 453 eis

1252 467 1319 495 illud
1342 467 1388 495 Iob
1410 468 1558 504 vigesimo:
1582 468 1676 505 Caput
1697 469 1836 506 aspidum
1856 473 1955 507 sayet,
1977 473 2001 498 et
2022 471 2095 499 oeci-

1252 513 1297 541 1101
1317 522 1383 542 eant
1406 514 1509 551 tz'nyaa
1530 515 1656 551 viperae.

1330 560 1422 589 Tertio
1444 561 1633 590 vehementem
1663 562 1840 591 acerbitatem
1870 563 1954 592 huius
1979 563 2098 592 dolorosi

1251 607 1379 644 supplicii
1394 608 1511 636 ostendit
1526 609 1668 637 atrocitas
1689 609 1791 638 anzarz'
1804 610 1956 647 supplicii,
1971 610 2097 639 celeriter

1252 654 1421 690 perimentis.
1444 654 1527 683 Valde
1549 655 1622 684 enim
1644 656 1756 685 crudele
1777 659 1805 685 et
1825 664 1951 685 amarum
1967 656 2019 686 fuit
2038 656 2098 685 eius

1252 701 1435 737 supplicium,
1457 709 1489 730 00
1510 702 1584 738 quod
1605 702 1632 730 in
1654 710 1686 731 eo
1718 703 1816 731 habuit
1841 703 2029 732 membrorum
2051 703 2098 732 de-

1252 747 1415 776 nudationes
1436 751 1463 776 et
1484 749 1676 783 extensiones,
1697 749 1792 778 dolens
1814 750 1840 778 in
1863 750 1936 778 omni
1958 753 2036 787 parte
2055 751 2097 779 sui

1251 793 1309 822 sine
1331 794 1388 822 ulla
1410 794 1601 829 miseratione3
1623 795 1765 824 clavorum
1787 796 1988 832 perforationes
2009 796 2035 824 in
2051 804 2099 833 pe-

1250 840 1332 869 dibus
1354 843 1380 869 et
1401 841 1544 875 manibus,
1566 841 1673 878 patiens
1693 842 1721 870 in
1743 842 1816 870 omni
1832 843 1901 871 hora
1916 843 1974 872 sine
1988 843 2099 880 requie-

1252 886 1339 920 tione;
1362 890 1493 924 tanquam
1515 888 1587 916 enim
1610 888 1733 917 carnifex
1756 889 1797 917 sui
1820 889 1915 925 ipsius,
1931 889 1953 918 si
1970 889 2098 926 parcebat

1252 934 1384 970 pedilaus,
1406 935 1548 963 cruciabat
1570 943 1684 969 manuS,
1706 939 1732 964 et
1754 936 1774 964 si
1804 936 1933 973 parcebat
1953 936 2097 970 manibus,

1252 980 1393 1009 cruciabat
1414 981 1505 1018 pedes.
1527 982 1603 1010 Unde
1624 982 1690 1018 quia
1712 982 1832 1011 maxima
1857 986 1917 1011 erat
1948 983 1984 1012 ibi
2017 983 2098 1012 colle-

1252 1027 1306 1055 ctio
1327 1034 1488 1061 nervorum,
1510 1028 1570 1056 ideo
1586 1029 1708 1057 maxima
1722 1032 1781 1057 erat
1802 1029 1913 1058 afflictio
1934 1037 2097 1066 poenarum,

1252 1077 1279 1102 et.
1307 1074 1373 1110 qula
1404 1074 1526 1102 maxima
1548 1075 1574 1103 in
1596 1075 1756 1104 collectione
1777 1084 1928 1105 nervorum
1951 1076 2097 1111 vivacitas,

1252 1121 1374 1150 maxima
1405 1122 1575 1150 sentiebatur
1606 1123 1776 1159 poenalitas;
1814 1131 1876 1152 cuin
1914 1124 2098 1153 immensitate

1252 1168 1410 1197 acerbitatis
1431 1172 1458 1197 et
1483 1169 1655 1205 poenalitatis
1680 1170 1807 1198 celeriter
1828 1170 1919 1198 anima
1939 1170 1991 1199 fuit
2012 1170 2099 1200 divisa

1252 1223 1267 1243 a
1298 1223 1395 1250 carne,
1418 1220 1481 1244 ante
1513 1216 1585 1244 enim
1607 1216 1675 1244 obiit
1703 1225 1785 1253 quam
1817 1217 1878 1251 alii,
1900 1217 1947 1254 qui
1980 1225 2042 1246 cum
2065 1225 2098 1246 eo

1252 1265 1331 1290 erant
1352 1263 1490 1296 crucifixi,
1512 1266 1539 1291 et
1560 1270 1623 1291 cum
1640 1271 1790 1300 percussus
1811 1267 1883 1293 essct
1904 1264 1931 1293 in
1948 1265 2033 1293 latere
2054 1273 2099 1293 ra-

1253 1309 1325 1337 tione
1346 1309 1567 1343 accelerationiS,
1589 1310 1677 1338 exivit
1705 1311 1829 1348 sanquis
1860 1314 1886 1339 et
1916 1311 2028 1349 aqnass.
2059 1311 2099 1340 Ex

1253 1363 1308 1392 quo
1338 1359 1475 1392 apparet,
1507 1356 1580 1392 quod
1611 1356 1703 1385 adhuc
1734 1358 1867 1394 sanguine
1898 1358 2035 1387 existente
2071 1358 2099 1387 in

1252 1402 1350 1436 corde,
1373 1402 1420 1431 ubi
1442 1405 1484 1431 est
1504 1403 1564 1431 sons
1587 1403 1670 1437 vitae,
1702 1403 1773 1432 facta
1804 1407 1845 1433 est
1872 1404 2008 1441 separatio
2040 1404 2098 1433 ani-

1253 1457 1312 1478 mae
1334 1458 1349 1478 a
1370 1457 1494 1486 corpore.
1518 1450 1544 1478 Si
1576 1458 1642 1487 ergo
1671 1451 1834 1480 naturaliter
1866 1451 1958 1480 anitna
1988 1455 2099 1489 appetat

1253 1497 1378 1526 habitare
1394 1497 1420 1525 iu
1436 1506 1568 1534 corpore,
1591 1498 1723 1535 quamdiu
1739 1499 1851 1535 sanguis
1866 1499 1988 1528 abundat
2008 1499 2035 1527 in
2051 1499 2099 1528 do—

1253 1544 1353 1573 micilio
1375 1545 1461 1573 vitae:
1484 1553 1549 1582 ergo
1577 1545 1682 1582 absque
1710 1546 1832 1574 maximo
1857 1546 1951 1575 dolore
1982 1546 2015 1575 sle
2044 1549 2099 1575 tam

1252 1595 1348 1628 aperto
1369 1591 1507 1620 domicilio
1523 1592 1593 1620 vitae
1608 1592 1686 1621 avelli
1704 1601 1755 1621 non
1772 1593 1870 1629 potuit.
1886 1593 1924 1622 Ad
1939 1593 2019 1622 cuius
2034 1601 2097 1630 poe-

1252 1638 1372 1666 nalitatis
1387 1638 1594 1674 expressionem
1612 1647 1677 1667 cant
1690 1639 1869 1668 elamoribus
1883 1639 1991 1668 validis
2005 1640 2099 1668 emisit

1251 1685 1400 1721 spiritam.
1424 1685 1456 1713 Et
1475 1685 1509 1714 de
1530 1686 1582 1714 hoc
1597 1686 1699 1714 dicitur
1714 1687 1830 1715 Actuum
1851 1686 1971 1715 decimo:
1989 1686 2048 1715 Nos
2063 1690 2099 1715 te-

1251 1736 1307 1760 stes
1328 1741 1433 1760 sumus
1448 1733 1596 1766 onzntam,
1611 1741 1686 1771 quae
1699 1732 1767 1770 fecit
1783 1734 1856 1762 Iesus
1872 1734 1903 1762 in.
1920 1734 2035 1771 rcyionc
2050 1734 2099 1763 Ia—

1252 1779 1392 1807 dacorum
1405 1782 1430 1807 et
1441 1779 1611 1814 Ierusalem,
1623 1788 1704 1818 qaeu}
1722 1780 1897 1815 occiderant,
1914 1780 2004 1809 Iudaei
2020 1781 2047 1809 in
2061 1781 2098 1809 Ie-

1252 1826 1390 1857 rusalem,
1412 1826 1616 1863 suspendentes
1637 1827 1668 1855 tn
1689 1827 1767 1864 tz'yno
1788 1828 1895 1856 erucis.
1916 1828 1944 1856 ln
1965 1836 2021 1865 quo
2041 1836 2099 1856 non

1252 1872 1354 1901 liabntt
1377 1873 1482 1901 ratione
1503 1873 1678 1903 arctitudinis
1699 1874 1751 1902 z'tbz'
1768 1878 1858 1912 capnt
1871 1883 1960 1903 sumn
1974 1874 2099 1903 rectina-

1251 1920 1326 1953 1014,
1355 1927 1405 1948 nec
1434 1920 1481 1948 ubi
1503 1920 1628 1948 membra
1650 1921 1774 1957 corporis
1801 1921 1976 1958 appodiaret;
1998 1921 2098 1956 immo,

1251 1967 1398 2003 aliquando
1419 1967 1583 2003 appodiabat
1604 1975 1633 1995 se
1654 1967 1686 1995 ad
1707 1968 1798 1996 clavos
1820 1968 1930 2004 pedum,
1952 1968 2099 2005 aliquando

1251 2014 1284 2042 ad
1306 2014 1397 2042 clavos
1419 2022 1568 2047 manuum3
1591 2007 1618 2042 et
1638 2014 1698 2043 11100
1721 2015 1793 2042 0111111
1811 2015 1879 2043 hora
1900 2015 1959 2044 sine
1979 2015 2099 2052 interpo—

1252 2061 1350 2089 latione
1366 2061 1606 2090 vehementissime
1621 2061 1785 2098 patiebatur.
1803 2062 1938 2099 Rogemus
1959 2070 2025 2099 ergo
2047 2066 2097 2091 etc.

918 2188 1075 2217 DOMINICA
1099 2189 1196 2216 PRIMA
1219 2189 1250 2217 IN
1271 2188 1530 2224 QUADRAGESHIIA.

692 2302 783 2330 Sanno
805 2301 813 2328 1
828 2301 847 2328 ⁵.

430 2396 540 2423 Ductus¹
562 2399 601 2424 cst
623 2396 704 2423 Iesus
725 2404 744 2423 a
774 2395 888 2432 Spiritu
918 2395 948 2423 z‘n
977 2395 1133 2428 ‹teser-nnn,
1164 2397 1196 2421 nt

350 2446 509 2470 tentaretur
531 2451 550 2470 a
571 2442 696 2476 diabolo,
718 2442 845 2470 Matthaei
869 2445 970 2479 quarto
984 2442 1004 2468 ⁰.

430 2489 582 2517 Prothema.
606 2489 638 2517 St
659 2490 724 2527 quta
750 2494 879 2517 ‘teatrum
902 2489 1010 2526 instiget
1030 2487 1194 2525 sapientia,

347 2536 469 2572 postulet
492 2544 510 2563 a
532 2536 599 2569 Deo,
622 2536 673 2573 qut
694 2536 744 2564 {tat
766 2535 901 2564 omnibns
922 2535 1076 2572 affluenter
1091 2538 1116 2562 et
1136 2542 1195 2562 non

353 2582 539 2618 improperat.
570 2582 689 2618 Quilibet
725 2583 897 2619 praedicator
923 2582 1005 2610 debet
1033 2582 1099 2610 haec
1126 2580 1194 2614 tria,

351 2636 422 2665 quae
445 2629 470 2656 in
493 2629 613 2657 secundo
628 2630 713 2658 verbo
739 2633 830 2658 sumto
851 2629 884 2657 de
906 2629 1040 2657 Canonica
1062 2628 1132 2657 beati
1156 2628 1194 2656 Ia-

351 2676 409 2704 cobi
433 2676 634 2712 intelliguntur,
657 2676 839 2705 considerare.
863 2677 894 2705 Et
915 2677 1037 2713 primum
1056 2679 1097 2704 est
1119 2675 1194 2704 indt-

350 2722 448 2759 yentta
470 2721 617 2750 lennzanae
638 2722 879 2760 tlefhctthilz'ttttt's;
908 2723 1061 2752 secundum
1088 2725 1129 2751 est
1151 2722 1193 2750 tn—

413 2879 420 2891 ¹
440 2880 504 2901 Yers,
527 2881 562 2907 12;
581 2880 684 2909 sequitur
701 2882 760 2903 101111Δ
782 2882 815 2909 10,
834 2882 871 2903 3-2.

413 2918 421 2930 ²
440 2919 567 2946 Ilespicitur
585 2921 618 2942 ΡΒ.
638 2921 674 2946 87,
693 2922 717 2948 83
736 2922 839 2949 sequitur
858 2921 895 2943 Iob
914 2922 950 2948 20,
972 2922 1006 2943 16.

413 2956 499 2980 ³10an.
525 2959 562 2985 19,
581 2959 623 2987 343
647 2963 776 2988 sequuntur
799 2960 869 2982 Ilebr.
892 2961 913 2987 5,
936 2961 962 2989 Ἲς
986 2962 1040 2983 Luc.
1063 2962 1100 2988 23,
1119 2961 1156 2983 40,
1174 2964 1195 2983 et

351 2996 398 3017 Act.
421 2997 453 3020 10,
471 2998 507 3018 39,

1251 2299 1362 2327 stantia
1390 2300 1507 2327 devotae
1533 2300 1647 2336 preet's;
1671 2300 1782 2328 tertium
1812 2303 1853 2329 est
1874 2300 2028 2337 affluentia
2055 2301 2099 2329 ‹li-

1254 2346 1337 2374 ntnae
1354 2346 1546 2374 ltbcralttatt's.
1563 2347 1702 2375 Humanae
1717 2355 1783 2383 ergo
1797 2347 2009 2376 defectibilitatis
2025 2347 2100 2376 111111-

1251 2393 1351 2430 ycntz'a
1372 2396 1494 2427 notatur,
1510 2401 1572 2421 cum
1589 2393 1670 2422 dicit:
1687 2393 1720 2422 St
1733 2394 1799 2431 quta
1813 2394 1923 2431 indiget
1935 2394 2099 2431 sementim

1252 2440 1366 2468 devotae
1387 2448 1453 2468 vero
1475 2440 1565 2476 precis
1586 2440 1730 2468 instantia
1755 2444 1883 2475 notatur,
1905 2448 1968 2469 cum
1990 2441 2098 2470 subdit:

1250 2487 1373 2524 postulet
1394 2495 1414 2515 a
1438 2487 1511 2520 Dee,·
1539 2487 1586 2516 sed
1614 2487 1722 2516 divinae
1751 2487 1923 2516 liberalitatis
1945 2487 2099 2525 affluentia

1253 2537 1374 2568 notatur,
1397 2542 1460 2562 cum
1476 2534 1628 2563 subinfert:
1645 2535 1697 2572 qut
1710 2534 1761 2562 ctat
1779 2534 1914 2562 omnibns
1935 2534 2098 2572 affluenter.

1253 2581 1364 2615 Idcirco,
1387 2581 1531 2615 carissimi,
1547 2584 1742 2618 cognoscentes
1763 2585 1873 2610 nostrae
1887 2581 2099 2610 defectibilitatis

1252 2628 1441 2665 indigentiam
1464 2630 1491 2656 et
1511 2628 1619 2657 divinae
1644 2628 1816 2656 liberalitatis
1840 2628 2033 2665 affluentiam,
2056 2636 2099 2657 re-

1252 2683 1399 2703 curramus
1427 2683 1490 2703 cum
1512 2675 1610 2703 devota
1631 2683 1745 2711 precum
1774 2675 1918 2703 instantia
1939 2675 1973 2703 ad
1993 2675 2098 2710 Deum⁷

1252 2722 1372 2749 Patrem
1395 2721 1541 2750 laminam
1557 2722 1566 2739 ⁷
1595 2725 1622 2750 et
1649 2722 1773 2751 datorem
1803 2722 1968 2759 sapientiae,
1990 2725 2021 2751 ut
2049 2730 2099 2751 sua

1314 2880 1323 2892 ⁴²
1341 2881 1470 2908 Respicitur
1488 2881 1564 2903 Manu.
1583 2881 1604 2909 8,
1621 2880 1659 2902 20.

1314 2919 1323 2932 ⁵
1342 2919 1443 2942 [labetur
1461 2920 1481 2942 in
1500 2920 1610 2943 Vaticana
1628 2924 1650 2942 01
1667 2919 1769 2942 CDEF.

1315 2958 1325 2971 ⁶
1343 2960 1408 2981 vers.
1430 2960 1447 2981 l.
1465 2972 1496 2976 —
1513 2960 1634 2982 Prothema
1654 2966 1679 2982 cx
1697 2959 1713 2982 C
1731 2958 1829 2981 habetur
1847 2960 1888 2981 lac.
1910 2959 1927 2986 l,
1946 2959 1967 2981 5.

1314 2999 1324 3013 7
1340 2999 1382 3021 Iac.
1405 2999 1422 3025 1,
1445 2999 1478 3021 17.

2119 571 2188 595 Tertio.
2199 573 2221 594 do

2123 595 2216 617 atrocitate
2226 608 2231 613 υ

2128 619 2233 643 supplicat

2240 651 2243 665 1
