2243 3348
240 857 268 876 De
281 856 359 875 vinculis

254 880 343 899 invidiae.

244 1842 272 1861 De
285 1842 357 1861 viuculo

253 1866 348 1885 lasciviae.

379 165 434 194 396
1040 163 1211 192 SERMONES
1232 163 1275 190 DE
1297 162 1460 190 TEMPORE.

378 253 407 274 se
428 245 461 274 ad
484 245 666 273 humilitatem
689 243 828 275 inclinare,
846 250 893 278 per
908 249 990 278 quam
1007 240 1140 269 celsitudo
1155 239 1223 268 divi-

379 300 429 321 nae
443 291 589 320 Maiestatis
605 291 757 318 honoratur
772 305 809 308 —
825 296 887 317 nam
902 295 1013 324 magua
1030 286 1156 323 potentia
1174 286 1225 314 Dei

378 339 468 368 soltus
490 347 509 367 a
527 338 591 367 solis
606 336 764 365 humilibus
779 334 961 363 honorabo-¹
984 350 1023 354 -—
1037 336 1068 361 ut
1083 333 1159 366 tales,
1175 332 1222 369 qui

379 386 503 423 gigantea
524 383 710 421 magnitudine
731 382 809 414 elati,
832 381 929 409 nolunt
952 379 1089 408 humiliari
1115 382 1142 407 et
1156 378 1223 406 'aliis

380 435 491 469 propter
513 431 600 459 Deum
622 428 736 458 subiecti
765 435 840 460 esse;
862 427 989 455 futurum
1012 425 1084 454 enim
1107 427 1163 458 est,
1192 428 1224 452 ut

380 479 445 507 tales
465 477 569 505 diluvio
585 475 673 504 tinalis
689 474 779 503 iudicii
796 473 982 505 suffocentur;
998 471 1129 508 parvulos
1144 470 1222 499 Chri-

378 529 437 553 stus
458 523 575 552 custodit
597 530 660 550 arca
685 520 856 549 humilitatis.
883 519 957 547 Unde
980 518 1046 546 tales
1065 517 1222 554 figurantur

379 579 426 608 per
448 569 602 601 Sedeciam,
618 568 664 604 qui
681 567 768 595 noluit
783 570 913 602 tanquam
935 565 1024 593 elatus
1045 567 1072 593 et
1090 571 1223 600 arrogans

378 617 539 646 submittere
560 615 660 644 collum
683 614 747 650 iugo
767 613 851 641 divini
874 611 1029 649 praecepti,
1050 611 1084 639 de
1105 619 1162 648 quo
1182 610 1222 639 di-

377 664 457 697 citur,
479 662 551 700 quod
581 671 632 690 rer
655 660 829 698 Babylonis,
853 659 877 687 id
900 661 941 687 est
961 658 1103 691 diabolus,
1126 657 1223 686 oculos

378 710 509 739 Sedeesae
529 709 607 737 eruit
630 712 654 736 el
676 707 771 735 vitarit
791 715 855 735 eum
882 705 1083 742 compedibus,
1114 708 1144 732 ac
1169 704 1222 732 du-

376 762 488 786 ceretm·
510 757 540 784 iu
564 755 747 793 Babylonem.

454 803 578 832 Secundo
601 802 720 838 ligantur
742 800 836 828 iuoz'dl'
863 799 989 828 'vinculis
1010 798 1151 827 cordialis
1179 798 1222 826 iu-

376 852 489 884 vidiae,
512 854 544 879 ut
564 858 618 878 non
648 849 751 885 possint
780 847 883 875 moveri
912 846 944 875 ad
967 845 1136 883 diligendum
1159 853 1223 882 pro-

377 899 500 932 ximum3
523 897 595 926 unde
625 897 650 924 iu
681 895 785 924 Psalmo
801 894 827 922 2:
852 894 1006 930 Principes
1028 896 1223 922 couvenerant

377 947 407 975 in
428 954 521 974 utitem
536 945 678 972 aduersus
696 941 851 970 Dominam
874 945 898 969 et
913 941 1057 969 (triber-sus
1073 939 1222 969 Clu-iscam

377 993 447 1021 eius.
472 992 685 1027 Dirmupnmus
700 988 817 1016 vincula
839 995 941 1015 corum
956 990 981 1015 et
994 986 1189 1024 pl'oz't'cz'amu-,s
1204 993 1224 1014 a

376 1040 457 1068 nobis
473 1039 573 1075 [atquin
588 1037 728 1074 ipsorum.
742 1051 778 1056 -—
792 1034 946 1071 Principes
960 1034 1144 1062 sacerdotum
1160 1041 1223 1061 con-

378 1089 514 1115 uenerunt
537 1085 567 1112 in.
588 1091 681 1111 uuum
701 1082 844 1110 alluersas
862 1081 1019 1109 Domt'nmn
1040 1084 1065 1109 et
1080 1080 1223 1109 adversus

378 1133 523 1162 Christum
553 1131 631 1164 eius,
658 1129 783 1167 quando,
810 1128 927 1165 colligati
951 1128 1068 1156 vinculis
1096 1127 1223 1156 cordialis

377 1179 505 1211 invidiae,
521 1178 675 1207 eonsilium
698 1177 827 1205 intel-met
849 1176 992 1204 adversus
1009 1174 1172 1208 caristiam,
1192 1177 1223 1202 ut

376 1236 438 1256 eum
460 1226 548 1254 morti
562 1224 726 1256 traderent,-
748 1227 772 1251 et
795 1223 923 1251 villetam
946 1222 1136 1250 adduoeerwnt
1152 1229 1223 1261 ‘eam

376 1279 400 1303 et
415 1274 601 1302 [radallerztnt
620 1271 721 1300 Pontio
737 1270 849 1304 Pilato,
865 1269 1017 1298 seeundum
1033 1269 1106 1305 quod
1122 1268 1223 1297 dicitur

377 1321 500 1350 Matthaei
526 1320 655 1357 vigesimo
670 1318 793 1354 septimo.
810 1317 885 1346 Unde
901 1324 934 1345 ne
956 1316 1015 1345 istis
1031 1315 1148 1344 vinculis
1162 1323 1223 1344 cor-

375 1368 452 1397 dialis
468 1367 583 1395 invidiae
599 1365 852 1394 circumvolvamur
867 1364 982 1392 odiendo
1006 1363 1156 1399 proximos,
1175 1361 1222 1398 qui

375 1419 439 1444 sunt
454 1414 579 1443 membra
593 1413 707 1445 Clu-istst
724 1412 783 1440 ideo
798 1411 916 1439 addidit:
932 1411 1147 1447 Dirmupuwus
1161 1409 1223 1437 viu-

375 1462 442 1491 cula
463 1469 562 1490 eorum
579 1465 604 1489 et
619 1459 816 1497 prodiaconus·
831 1467 850 1486 a
870 1457 953 1486 nobis
968 1457 1100 1486 infernale
1122 1460 1148 1485 et
1166 1456 1223 1484 dia-

376 1510 494 1538 bolicum
514 1509 617 1545 layum
634 1507 765 1544 ipsorum
777 1529 784 1539 ,
807 1506 860 1534 sub
875 1514 930 1542 quo
945 1512 973 1533 se
989 1504 1222 1541 subjugaverunt,

375 1564 438 1585 cum
453 1555 590 1584 dixerint:
607 1553 737 1590 Sanyuz's
755 1553 817 1581 eius
831 1560 921 1589 super
936 1560 987 1580 nos
1001 1556 1027 1579 ec
1041 1559 1130 1588 super
1147 1550 1223 1586 filios

374 1607 496 1632 nostros.
514 1619 549 1622 —
565 1601 720 1634 Carissimi,
742 1608 796 1629 non
812 1600 939 1629 odiamus
954 1599 1131 1636 proximum,
1147 1597 1224 1626 Chri-

375 1651 408 1679 sti
431 1650 604 1683 membrum,
626 1648 672 1685 qui
696 1648 754 1676 odit
787 1646 947 1684 proximum
977 1644 1125 1674 homicida
1145 1648 1186 1673 esc
1201 1644 1222 1678 ³,

375 1701 401 1727 et
414 1697 539 1735 sanquis
555 1695 674 1733 proximi
690 1703 780 1732 super
794 1702 858 1723 eum
875 1696 931 1727 est,
950 1693 1071 1721 clamans
1085 1692 1117 1720 ad
1134 1692 1221 1720 Deum

374 1753 425 1782 pro
446 1745 488 1773 sui
511 1743 638 1772 vindicta.

453 1791 544 1820 Tertio
567 1791 688 1827 ligantur
710 1789 818 1817 labricz'
845 1787 959 1817 vincalo
987 1786 1153 1824 corporalis
1181 1786 1223 1814 la-

374 1840 495 1873 sciviae,
518 1846 551 1867 ne
574 1837 678 1875 possint
698 1836 802 1865 moveri
831 1835 864 1864 ad
893 1834 1076 1863 ordinandum
1105 1836 1132 1862 et
1157 1833 1223 1862 diri-

375 1886 494 1924 gendum
510 1894 539 1915 se
554 1885 643 1922 ipsos;
666 1884 740 1913 unde
755 1882 933 1911 Ecclesiastae
948 1882 1065 1918 septimo
1079 1881 1106 1908 4:
1123 1880 1225 1909 Inueni

375 1933 555 1962 ccuzariorem
577 1935 668 1960 morte
688 1930 854 1964 mulierem,
877 1938 951 1968 quae
966 1928 1088 1966 laquens
1108 1931 1224 1956 venato-

375 1990 444 2009 rum
465 1984 519 2014 est,
541 1983 565 2008 et
586 1987 697 2016 sayeua
719 1986 769 2006 cor
790 1977 869 2011 eius,
891 1976 1011 2005 vincula
1025 1979 1096 2004 sanc
1116 1983 1224 2003 manas

375 2028 463 2056 illius.
480 2044 517 2048 -—
532 2027 603 2055 Bene
623 2026 703 2054 dicit:
726 2025 828 2053 Inveni
843 2024 1025 2052 amariorem
1046 2027 1138 2051 morte
1159 2031 1224 2050 mu-

377 2075 492 2107 lim-enm
520 2082 582 2102 nam
605 2081 681 2101 mors
703 2072 891 2109 temporaliter
913 2070 1012 2099 occidit
1036 2077 1154 2106 corpus,
1176 2069 1223 2098 sed

375 2130 494 2159 nequam
517 2121 616 2149 mulier
638 2128 740 2157 corpus
760 2123 787 2148 et
802 2119 921 2148 animam
942 2117 1128 2151 aeternaliter,
1150 2125 1224 2155 quae

376 2169 496 2207 laquens
511 2172 552 2196 est
566 2171 753 2200 venatorum,
775 2166 802 2195 id
817 2169 859 2195 est
881 2165 1056 2194 daemonum.
1080 2165 1132 2193 Isto
1150 2164 1223 2192 enim

375 2215 504 2244 muliebri
528 2215 625 2252 laqueo
647 2214 793 2243 daemones
814 2212 905 2242 venati
927 2215 992 2241 sunt
1013 2219 1101 2249 genus
1126 2211 1224 2239 huma-

376 2271 442 2291 num
455 2263 482 2291 in
494 2262 584 2299 primo
599 2264 725 2298 parente,
738 2269 800 2289 nam
816 2269 835 2289 a
847 2259 968 2288 muliere
979 2259 1097 2287 initiam
1109 2257 1224 2296 factum

376 2314 417 2338 est
434 2310 553 2346 peccati.
577 2309 693 2346 Sayeua
714 2308 855 2337 infernalis
876 2310 918 2336 est
939 2306 1077 2335 lubricum
1096 2314 1147 2334 cor
1162 2305 1224 2334 eius

376 2357 409 2385 ad
431 2356 593 2393 capiendum
616 2356 737 2384 lubricos
759 2355 784 2383 in
807 2355 887 2391 aquis
908 2353 1093 2387 carnalitatis;
1114 2356 1140 2381 et
1165 2360 1225 2381 ma-

377 2412 434 2431 nus
455 2403 548 2437 illias,
568 2403 594 2431 id
609 2406 650 2431 est
664 2410 760 2439 opera,
777 2402 895 2430 vincula
909 2405 992 2435 saut,
1007 2401 1041 2429 ad
1056 2400 1223 2429 trahendum

378 2450 411 2478 ad
432 2450 616 2478 lubricitatem
639 2449 751 2486 peccati.
775 2449 850 2477 Unde
871 2448 989 2485 quinon
1005 2447 1065 2476 vult
1080 2446 1223 2484 illaqueari

378 2504 393 2524 a
414 2496 595 2525 daemonibus
617 2492 715 2533 laqueo
736 2496 855 2524 carnalis
877 2495 1021 2529 lasciviae,
1046 2494 1092 2522 sed
1115 2494 1175 2522 vult
1195 2501 1224 2522 se

378 2542 468 2579 ipsum
490 2543 625 2571 mundum
648 2550 812 2572 conservare
833 2550 880 2579 per
896 2542 1044 2579 puritatem
1068 2540 1223 2577 pudicitiae,

379 2589 474 2622 debet,
497 2592 631 2626 quantum
654 2593 757 2626 potest,
779 2590 918 2618 declinare
943 2588 1099 2626 spectacula
1120 2587 1224 2616 vanita-

380 2639 456 2670 tum,
478 2636 574 2673 sugere
603 2637 739 2665 consortia
767 2637 936 2670 mulierum,
958 2636 1036 2673 quia,
1062 2635 1134 2664 sicut
1162 2642 1224 2663 rosa

379 2684 422 2712 vel
443 2684 547 2717 lilium,
570 2692 633 2712 eum
655 2684 815 2721 frequenter
837 2684 975 2720 tangitur,
1001 2683 1096 2719 incipit
1119 2689 1224 2711 marce-

1280 247 1356 268 scere
1371 241 1398 267 et
1412 238 1538 267 amittere
1553 239 1672 267 colorem
1689 242 1715 268 et
1730 239 1857 274 odorem;
1874 240 1912 269 sic
1927 244 2019 269 castus
2034 242 2125 275 homo,

1280 285 1390 322 quando
1411 293 1440 314 se
1461 285 1576 322 exponit
1606 286 1761 314 huiusmodi
1788 287 1952 323 spectaculis
1974 288 2126 316 vanitatum

1280 336 1306 361 et
1327 332 1494 366 mulierum,
1515 332 1553 360 ita
1567 332 1714 369 aliquando
1731 333 1851 370 tangitur
1867 336 1893 362 et
1908 334 2063 370 percutitur
2079 342 2126 363 cor

1280 379 1355 412 eius,
1377 382 1408 406 ut
1429 378 1521 407 statim
1550 379 1661 415 incipiat
1689 387 1859 408 marcescere
1881 388 1929 417 per
1956 380 2125 410 immundam

1280 425 1471 461 cogitationem
1493 428 1521 454 et
1541 425 1669 454 amittere
1683 427 1802 455 colorem
1818 429 1846 455 et
1859 427 1972 455 odorem
1987 427 2126 456 interioris

1280 470 1430 499 munditiae
1451 479 1501 507 per
1522 479 1686 500 consensum
1708 472 1741 501 ad
1763 472 1837 501 illam
1859 473 2059 509 cogitationem.

1359 518 1387 546 ll.
1410 518 1535 546 Secundo
1556 518 1583 546 in
1603 519 1688 547 verbo
1703 519 1843 556 proposito
1864 522 1976 548 notatur
1991 520 2127 549 dolorosa
2141 528 2243 557 namuc-

1280 564 1378 593 cordis
1399 564 1550 598 contritio,
1573 573 1636 593 cum
1658 565 1766 594 subdit:
1788 566 1917 594 solutum
1935 570 1983 594 est.
2006 552 2243 595 Solviturducomrn

1280 611 1354 640 enini
1376 619 1424 648 per
1439 611 1632 640 contritionem
1648 620 1741 641 veram
1758 612 1899 641 vinculum
1915 613 2030 649 triplicis
2047 621 2127 650 prae—

1279 657 1343 686 dicti
1366 658 1486 694 peccati,
1502 658 1605 687 scilicet
1620 659 1782 695 superbiae,
1797 659 1915 688 invidiae
1937 662 1963 688 et
1985 660 2125 694 luxuriae,

1280 705 1380 742 triplici
1402 705 1489 739 dono,
1511 705 1585 742 quod
1608 706 1681 735 Deus
1702 706 1822 734 inl'undit
1845 706 1952 736 animae
1977 707 2126 741 contritae,
2144 715 2243 735 Subdiviui·

1280 752 1383 781 scilicet
1394 752 1465 780 dono
1477 751 1663 786 bituminatis,
1675 752 1812 781 caritatis
1827 756 1854 782 et
1869 753 2023 787 eastitatis,
2035 756 2066 782 ut
2077 753 2126 782 tri—

1280 798 1388 835 pliciter
1409 799 1548 827 contraria
1569 799 1666 836 culpae
1688 799 1834 828 contrariis
1855 800 1960 837 gratiae
1981 803 2125 829 curentur.

1280 845 1347 874 Nam
1370 846 1460 883 primo
1476 846 1617 874 vinculum
1636 846 1761 874 mentalis
1775 846 1930 883 superbiae
1945 847 2062 876 solvitur
2077 854 2126 883 per

1280 893 1412 921 timorem
1424 893 1514 921 filialis
1527 893 1707 926 reverentiae,
1720 893 1881 922 honorantis
1891 893 1993 928 Deum;
2006 893 2127 922 secundo

1282 939 1422 968 vinculum
1438 940 1566 968 cordialis
1580 940 1710 968 invidiae
1724 940 1841 968 solvitur
1858 948 1906 977 per
1920 949 2051 969 amorem
2065 940 2127 969 uni-

1280 986 1394 1015 versalis
1408 986 1623 1020 benevolentiae,
1635 987 1772 1023 diligentis
1787 987 1963 1023 proximum3
1979 987 2060 1016 tertio
2072 987 2128 1016 vin-

1280 1033 1374 1062 culum
1396 1033 1514 1062 carnalis
1535 1033 1673 1062 lasciviae
1694 1034 1811 1062 solvitur
1826 1042 1875 1070 per
1890 1034 2020 1062 decorem
2041 1034 2128 1063 caele-

1280 1081 1329 1109 stis
1344 1080 1500 1117 pudicitiae,
1516 1080 1668 1109 ordinantis
1683 1084 1709 1110 et
1723 1081 1879 1110 decorantis
1893 1081 2048 1110 subiectum
2063 1089 2128 1118 pro-

1280 1127 1382 1164 prium.

1361 1174 1450 1203 Primo
1472 1174 1614 1203 vinculum
1636 1174 1763 1203 mentalis
1777 1175 1924 1211 superbiae
1945 1175 2063 1204 solvitur
2078 1183 2127 1212 per
2150 1183 2177 1202 ne
2190 1182 2243 1211 ttmqi

1281 1221 1412 1249 timorem
1426 1220 1528 1258 filialis
1544 1221 1728 1255 reverentiae,
1748 1221 1909 1250 honorantis
1929 1221 2032 1256 Deum3
2055 1221 2128 1250 unde
2141 1208 2242 1226 reverentia

1281 1268 1364 1297 Isaiae
1385 1268 1615 1305 quinquagesimo
1637 1268 1758 1296 secundo
1772 1268 1799 1296 ⁵:
1822 1268 1903 1297 Solve
1923 1268 2043 1297 vincula
2064 1268 2130 1297 colli

1281 1316 1338 1350 lui,
1361 1315 1478 1352 captiva
1496 1315 1561 1352 filia
1583 1315 1661 1344 Sion.
1680 1332 1713 1335 —
1730 1315 1816 1348 Sion,
1839 1323 1910 1352 quae
1928 1315 2129 1352 interpretatur

1281 1363 1405 1399 specula,
1428 1366 1468 1391 est
1489 1362 1580 1391 anima
1601 1362 1768 1396 christiana,
1790 1370 1861 1399 quae
1882 1365 1946 1399 apta
1967 1364 2030 1391 nata
2044 1363 2129 1391 estin

1281 1418 1309 1439 se
1333 1411 1390 1446 ipsa
1405 1410 1498 1438 videre
1514 1409 1617 1443 Deum,
1638 1417 1670 1437 eo
1692 1409 1766 1446 quod
1781 1412 1822 1438 est
1837 1409 1982 1446 speculum
1997 1412 2024 1438 et
2038 1409 2128 1446 imago

1280 1457 1389 1486 divinae
1410 1457 1552 1486 essentiae.
1576 1456 1672 1490 Solve,
1695 1456 1907 1485 mansuetudine
1934 1456 2075 1485 exteriore
2102 1459 2129 1485 et

1282 1504 1438 1533 humilitate
1459 1503 1607 1538 interiore3
1629 1503 1749 1532 vincula
1770 1503 1837 1532 colli
1858 1503 1918 1537 cui,
1941 1502 1968 1532 id
1989 1506 2030 1532 est
2044 1503 2129 1532 cervi-

1281 1559 1360 1580 cosae
1387 1550 1561 1588 arrogantiae
1589 1554 1616 1579 et
1645 1550 1804 1579 rebellantis
1832 1550 1994 1587 superbiae,
2027 1550 2129 1587 quibus

1280 1599 1348 1628 adeo
1370 1598 1506 1635 captivata
1527 1601 1555 1627 et
1580 1598 1726 1635 subiugata
1754 1605 1816 1626 eras
1836 1597 1986 1627 durissimo
2013 1597 2129 1634 imperio

1281 1645 1398 1680 diaboli,
1420 1648 1519 1674 utnon
1543 1653 1637 1682 posses
1652 1644 1771 1673 militare
1790 1644 1843 1673 sub
1865 1644 1989 1681 principe
2010 1644 2129 1679 Christo,

1280 1701 1313 1721 eo
1334 1693 1408 1730 quod
1430 1701 1512 1721 nemo
1531 1695 1621 1729 potest
1642 1691 1756 1720 duobus
1774 1691 1917 1725 dominis,
1949 1691 2052 1720 scilicet
2072 1691 2129 1720 Deo

1281 1743 1308 1769 et
1328 1740 1451 1774 diabolo,
1473 1739 1612 1768 contraria
1633 1738 1793 1767 iubentibus
1813 1739 1931 1767 servire.

1360 1787 1485 1816 Secundo
1500 1786 1642 1815 vinculum
1658 1786 1786 1815 cordialis
1810 1785 1928 1815 invidiae
1947 1785 2064 1814 solvitur
2079 1793 2128 1822 per
2153 1793 2181 1812 oe
2193 1798 2237 1813 αιιιιι,

1281 1843 1412 1863 cmuorem
1434 1833 1612 1862 universalis
1634 1833 1853 1869 benevolentiae,
1875 1832 2012 1870 diligentis
2033 1832 2129 1869 proxi·
2149 1817 2234 1861 heutissgf‘

1281 1889 1375 1915 mum;
1397 1881 1470 1910 unde
1494 1881 1576 1909 Isaiae
1590 1880 1822 1917 quinquagesimo
1841 1882 1937 1909 octavo
1951 1879 1978 1907 ⁶:
2003 1879 2130 1908 Dissolve

1282 1928 1479 1966 colligationes
1500 1927 1675 1964 impietatis,
1697 1927 1772 1956 solve
1786 1926 1946 1964 fasciculos
1967 1926 2129 1964 deprimen-

1283 1979 1332 2004 tes.
1354 1991 1390 1996 —
1414 1974 1617 2012 Colliyatz'owes
1645 1974 1820 2011 impietatis,
1843 1973 1869 2002 id
1890 1976 1932 2003 est
1959 1976 2051 2002 motus
2072 1973 2130 2002 irae

1281 2025 1308 2051 et
1330 2022 1470 2056 rancoris,
1499 2021 1602 2058 quibus
1630 2021 1786 2050 intellectus
1807 2020 1966 2058 impeditur,
1988 2028 2023 2049 ne
2043 2019 2130 2057 possit

1282 2077 1397 2098 cernere
1419 2077 1534 2103 verum,
1556 2072 1583 2097 et
1603 2068 1718 2097 affectus
1734 2071 1901 2105 provocatur
1923 2067 1956 2096 ad
1975 2066 2129 2096 nocendum

1282 2116 1426 2153 proximo3
1448 2116 1537 2150 soloe,
1559 2123 1609 2152 per
1636 2115 1777 2144 vinculum
1806 2115 1881 2152 pacis
1901 2118 1929 2144 et
1950 2113 2128 2148 concordiae;

1282 2163 1408 2192 similiter
1428 2161 1602 2200 fasciculos,
1625 2163 1652 2191 id
1673 2165 1715 2191 est
1736 2170 1821 2199 prava
1842 2170 1939 2199 opera,
1955 2161 2022 2190 alios
2036 2160 2130 2198 depri-

1281 2214 1404 2244 memes,
1436 2210 1511 2238 solve
1542 2217 1592 2247 per
1621 2209 1783 2246 condignam
1809 2209 2030 2238 satisfactionem.
2062 2208 2129 2237 Nam

1282 2257 1372 2294 primo
1393 2257 1474 2286 debet
1495 2257 1578 2286 homo
1600 2256 1771 2285 reconciliari
1787 2260 1814 2285 et
1835 2256 1978 2285 remittere
1999 2255 2129 2292 proximo

1281 2313 1317 2333 ex
1340 2304 1438 2338 corde,
1460 2304 1571 2338 deinde,
1594 2304 1615 2332 si
1638 2312 1702 2333 eum
1725 2303 1850 2337 laeserit,
1872 2311 1922 2340 per
1945 2310 2030 2340 opera
2050 2301 2129 2331 satis-

1282 2352 1385 2386 facere,
1408 2351 1473 2388 quia
1495 2351 1681 2380 reconciliatio
1702 2350 1793 2379 cordis
1809 2358 1908 2387 parum
1929 2350 2001 2379 valet
2016 2349 2074 2378 sine
2089 2357 2130 2378 sa-

1282 2399 1435 2427 tisfactione
1456 2398 1564 2435 operis,
1586 2398 1608 2427 si
1630 2397 1796 2434 possibilitas
1816 2397 1901 2426 adest.

1360 2445 1452 2475 Tertio
1474 2445 1617 2474 vinculum
1646 2445 1764 2474 carnalis
1792 2444 1919 2473 lasciviae
1941 2443 2057 2473 solvitur
2078 2451 2128 2480 per
2150 2451 2177 2471 ne
2190 2451 2228 2479 «περ

1282 2492 1412 2521 decorem
1441 2492 1570 2520 caelestis
1598 2491 1778 2525 blanditiae,
1800 2490 1999 2528 pulcrificantis
2026 2497 2129 2527 corpus
2148 2475 2227 2494 ¹¹¹⁰¹¹d¹²¹

1281 2540 1435 2577 proprium.
1459 2540 1491 2568 Et
1511 2539 1545 2568 de
1566 2540 1618 2568 hoc
1639 2541 1729 2576 potest
1749 2538 1850 2575 exponi
1873 2538 1941 2567 illud
1968 2538 2058 2567 Lucae
2081 2537 2128 2566 de-

1281 2587 1352 2615 cimo
1373 2586 1455 2615 tertio
1471 2586 1497 2614 ⁷:
1519 2585 1605 2614 Hanc
1625 2585 1719 2622 filiam
1742 2584 1897 2619 Abrahae,
1912 2592 2002 2623 quam
2023 2584 2128 2621 allz'ya-

1280 2634 1322 2662 vz‘t
1342 2637 1483 2667 satanas,
1505 2642 1564 2661 ozon
1585 2632 1715 2669 oportuit
1734 2632 1809 2661 solvi
1828 2640 1848 2660 a
1868 2631 1984 2660 vinculo
2005 2631 2059 2660 isto
2083 2631 2129 2660 die

1280 2680 1416 2709 sabbati?
1432 2680 1511 2718 quasi
1526 2680 1613 2709 dieat:
1629 2680 1676 2709 sic.
1693 2680 1739 2708 Illa
1753 2679 1860 2708 mulier
1875 2678 1980 2707 habens
1998 2678 2129 2715 spiritum

443 2852 450 2864 ¹
469 2853 534 2875 Eccli.
553 2854 577 2881 3,
596 2854 637 2881 at:
655 2854 758 2881 sequitur
775 2854 816 2875 ler.
834 2854 875 2880 39,
892 2853 914 2875 7.
933 2853 982 2882 (cfr.
999 2859 1019 2875 c.
1037 2854 1074 2882 52,
1092 2853 1130 2876 lO.
1141 2859 1191 2882 seq.
1203 2855 1225 2875 et

381 2891 417 2913 lV.
438 2892 494 2919 Reg.
518 2892 555 2919 ⁵25,
571 2892 612 2921 7.).

443 2929 451 2942 ²
470 2930 551 2952 psalm.
569 2932 590 2959 2.
608 2932 629 2953 2.
647 2937 707 2959 seq.;
725 2932 828 2960 sequitur
846 2932 922 2953 Manu.
944 2931 986 2960 27,
1012 2932 1029 2953 1.
1052 2938 1101 2960 seq.
1124 2934 1146 2954 et
1171 2931 1224 2954 dein

382 2975 405 2990 v.
422 2969 460 2990 25.

1344 2851 1353 2863 ³
1371 2851 1441 2879 Epist.
1458 2851 1473 2873 1.
1491 2851 1551 2873 ioan.
1569 2851 1590 2877 3,
1610 2850 1646 2872 «15.

1344 2889 1354 2902 ⁴²
1373 2890 1437 2913 Vers.
1455 2890 1496 2919 27;
1515 2890 1619 2919 sequitur
1636 2889 1703 2911 Eccli.
1722 2888 1758 2916 25,
1776 2889 1813 2911 33.

1346 2928 1355 2941 ⁵
1372 2929 1438 2952 Vers.
1456 2930 1481 2953 2:
1500 2929 1603 2958 sequitur
1621 2929 1696 2951 Mattn.
1715 2929 1740 2955 6,
1758 2927 1795 2950 24.
1994 2925 2004 2939 ὅ
2021 2926 2086 2948 Vers.
2104 2925 2126 2949 6.

1346 2968 1354 2981 ⁷
1372 2969 1438 2991 Vcrs.
1457 2969 1498 2996 463
1516 2969 1619 2998 sequitur
1636 2969 1691 2990 Luc.
1710 2968 1749 2994 ta,
1769 2968 1805 2989 tt.
