2308 3358
931 178 1116 207 PRAEFATIO.
1867 182 1897 209 IX

155 268 221 301 per
247 255 399 289 modum
426 254 543 289 febris
568 267 678 289 mane
704 268 771 301 per
795 255 888 289 duas
914 255 1064 289 circiter
1088 254 1197 288 horas
1223 267 1308 288 eum
1335 254 1388 288 ita
1412 254 1615 301 affligebat,
1643 261 1684 290 ut
1717 257 1898 292 inhabilis

154 313 260 348 fieret
284 313 331 348 ad
358 314 514 359 quaevis
539 313 704 359 agenda,
732 326 856 360 quare,
875 318 918 348 ut
942 313 1009 347 has
1027 313 1136 347 horas
1154 313 1399 358 praeveniret,
1419 313 1607 348 celebrare
1625 314 1771 349 solebat
1790 328 1898 350 mane

154 373 245 407 hora
269 372 414 418 quinta.
441 372 613 407 Accessit
638 373 765 418 gravis
791 372 975 407 stomachi
1002 371 1211 416 infirmitas,
1238 371 1293 405 ita
1318 375 1360 405 ut
1385 384 1460 406 non
1488 372 1560 407 nisi
1580 385 1700 418 pauca
1727 373 1896 409 ciborum

154 443 292 476 genera
315 431 600 476 simplicissima
625 436 662 465 et
686 431 726 465 in
752 431 963 478 quantitate
990 430 1100 464 valde
1126 431 1265 475 exigua
1290 442 1436 464 sumere
1461 436 1598 477 posset.

247 489 516 536 Nihilominus,
544 490 644 536 quod
671 502 759 524 sane
786 490 922 524 mirum
949 493 1014 534 est,
1042 489 1080 522 in
1108 489 1393 524 conversatione
1411 502 1497 524 cum
1515 489 1599 524 aliis
1617 490 1730 536 longe
1748 491 1897 538 abipso

152 547 281 582 aberat
306 549 460 583 tristitia
487 548 545 582 vel
573 549 778 589 morositas,
805 548 870 583 sed
897 561 915 581 e
942 547 1127 582 contrario
1153 559 1192 581 se
1217 548 1482 593 praesentabat
1507 560 1655 595 semper
1672 548 1769 584 facie
1786 550 1897 584 hilari

153 618 295 653 suaque
321 607 529 641 festivitate
555 612 592 641 et
617 607 750 642 iocosis
776 606 901 641 verbis
927 606 1039 640 etiam
1066 606 1159 640 alios
1185 606 1470 642 exhilarantem.

248 664 414 700 Puritate
441 666 693 700 conscientiae
727 665 926 710 excellens,
954 664 1097 710 ubique
1130 664 1227 699 lucis
1261 666 1435 712 exempla
1469 667 1702 702 monstrabat
1728 668 1896 714 perfecto

152 724 268 758 totius
295 724 394 758 vitae
420 724 559 770 ordine,
588 736 735 759 summo
761 736 849 769 erga
874 735 932 757 res
958 723 1107 757 divinas
1133 727 1170 757 et
1199 724 1405 758 orationem
1440 725 1575 771 studio,
1602 726 1787 761 suavitate
1819 740 1896 762 mo-

151 795 234 816 rum
260 787 297 817 et
323 795 404 817 rara
430 795 519 828 erga
543 795 672 817 omnes
699 782 862 827 caritate,
891 794 986 828 quae
1009 782 1139 829 plaudet
1164 794 1239 817 cum
1261 782 1492 830 ¹qaudam.tibus
1518 786 1548 818 et
1573 785 1642 829 flet
1675 796 1748 820 oum
1778 786 1896 830 flenti-

151 840 212 876 bus
237 841 357 887 (Rom.
387 842 440 888 12,
470 842 550 888 15).
577 841 680 875 Anni
700 841 789 875 1899
807 845 947 875 aestate
965 846 1120 887 propter
1137 853 1315 887 magnam
1335 842 1500 888 corporis
1526 842 1761 878 debilitatem
1785 845 1897 880 rediit

150 900 197 933 ad
230 902 401 946 propriae
427 900 648 934 Provinciae
682 904 906 945 conventus3
934 900 999 934 sed
1031 899 1085 934 ibi
1120 912 1246 935 mense
1281 902 1446 946 Augusti
1479 901 1620 936 malum
1657 902 1696 936 in
1730 904 1895 949 peiorem

150 963 295 1004 partem
323 971 471 993 versum
496 964 561 1004 est,
588 959 642 993 ita
667 963 710 993 ut
736 959 833 993 vires
860 958 970 993 valde
996 958 1210 993 deficerent.
1238 958 1310 994 Sed
1337 972 1476 1005 magno
1495 961 1533 994 in
1553 960 1766 1006 Collegium
1786 974 1895 997 suum

150 1017 359 1052 revertendi
387 1017 571 1052 desiderio
598 1022 733 1063 motus,
760 1017 821 1051 die
847 1017 892 1052 23
919 1017 1140 1052 Decembris
1165 1030 1334 1053 reversus
1362 1023 1428 1064 est,
1456 1023 1493 1053 et
1519 1032 1593 1054 non
1621 1019 1794 1055 obstante
1820 1034 1896 1056 ma-

149 1088 226 1122 gna
250 1088 318 1111 sua
343 1076 550 1122 debilitate,
577 1077 624 1111 ad
651 1081 850 1111 consuetos
876 1076 1024 1111 labores
1049 1089 1088 1111 se
1109 1077 1287 1112 accinxit.
1307 1076 1444 1112 Primis
1462 1082 1588 1112 tamen
1607 1077 1799 1114 Februarii
1819 1080 1895 1114 die-

149 1134 220 1169 bus
246 1134 399 1169 morbus
425 1135 501 1181 ille,
529 1147 641 1181 quem
667 1140 806 1169 vocant
830 1135 1066 1181 influentiam,
1094 1148 1180 1170 eum
1205 1136 1372 1181 graviter
1389 1136 1546 1182 invasit,
1574 1150 1659 1184 quo,
1679 1142 1721 1172 ut
1743 1138 1895 1173 videba-

148 1198 218 1240 tur,
246 1198 429 1239 superato,
457 1193 518 1228 die
544 1193 718 1229 Cinerum
747 1194 806 1240 (28
832 1193 1043 1240 Februarii)
1061 1199 1149 1229 ante
1167 1195 1362 1229 meridiem
1381 1195 1534 1230 morbus
1553 1196 1746 1231 cardiacus
1764 1197 1892 1232 subin-

147 1253 272 1287 travit.
300 1252 387 1299 Ipse
412 1258 546 1299 sponte
577 1253 777 1300 requisivit
809 1258 977 1288 extrema
1010 1253 1260 1298 Sacramenta,
1289 1254 1429 1300 quibus
1463 1254 1597 1289 devote
1631 1257 1827 1302 susceptis,
1855 1261 1892 1291 et

147 1315 292 1346 retento
318 1324 437 1358 usque
470 1312 517 1346 ad
550 1312 724 1346 ultimam
758 1312 1044 1358 respirationem
1079 1325 1149 1347 usu
1182 1313 1337 1348 rationis
1370 1317 1408 1347 et
1441 1313 1625 1360 loquelae,
1653 1315 1733 1348 sine
1759 1315 1896 1361 agonia

148 1370 278 1405 eodem
305 1370 365 1404 die
391 1375 477 1417 post
502 1371 631 1405 horam
657 1375 830 1406 octavam
855 1370 1113 1417 placidissime
1140 1371 1359 1417 exspiravit.

242 1428 362 1464 Verus
387 1429 468 1476 ipse
503 1428 578 1464 fuit
609 1429 825 1474 Ναΐῆαφιαὲἰ,
852 1430 890 1464 in
923 1441 988 1476 quo
1021 1429 1122 1464 dolus
1155 1442 1225 1465 mm
1249 1430 1331 1476 fuit
1356 1430 1472 1477 (Ioan.
1502 1431 1531 1477 1,
1558 1431 1650 1478 47.);
1677 1431 1832 1478 insuper
1858 1437 1895 1467 et

142 1486 264 1532 fidelis
288 1499 416 1533 servus,
444 1488 509 1534 qui
536 1488 679 1522 talenta
703 1500 725 1522 a
750 1487 830 1522 Deo
855 1492 1012 1533 accepta
1036 1500 1112 1522 non
1139 1489 1263 1522 tenuit
1287 1488 1326 1523 in
1350 1488 1494 1524 sudario
1524 1490 1677 1536 reposita
1704 1489 1808 1536 (Luc.
1838 1491 1892 1537 19,

147 1545 230 1592 20),
259 1546 322 1580 sed
349 1559 435 1581 eum
461 1547 585 1581 usuris
603 1547 779 1581 restituit.
808 1546 962 1593 Sperare
987 1547 1104 1593 igitur
1129 1546 1230 1593 licet,
1249 1551 1336 1593 post
1360 1547 1556 1582 mortalem
1584 1549 1659 1583 cari
1679 1550 1894 1585 consodalis

147 1605 266 1639 vitam
292 1605 434 1640 iustum
460 1604 630 1640 Iudicem
656 1605 825 1651 benigno
851 1605 961 1640 vultu
993 1618 1079 1640 eum
1113 1617 1192 1640 esse
1224 1605 1451 1640 allocutum:
1478 1606 1587 1654 Euye,
1622 1619 1713 1642 serve
1749 1607 1830 1643 bone
1863 1611 1894 1643 et

141 1663 274 1709 fidelis,
301 1664 384 1710 quia
409 1675 512 1711 super
530 1675 648 1711 pauca
663 1664 777 1710 fuisti
796 1663 930 1710 fidelis,
955 1676 1059 1711 super
1083 1664 1194 1699 multa
1221 1667 1250 1699 te
1283 1665 1489 1700 constituam
1497 1678 1510 1711 ,·
1537 1665 1633 1700 intra
1667 1666 1704 1700 in
1725 1666 1894 1713 qaudium

147 1722 292 1758 Domini
318 1723 370 1757 tm·
395 1722 541 1767 (Matth.
569 1723 624 1769 24,
652 1723 734 1769 21.).

264 1878 291 1906 ln
313 1877 431 1915 Collegio
452 1878 478 1906 S.
501 1878 717 1912 Bonaventurae,
739 1878 783 1907 die
804 1879 841 1907 22
863 1878 976 1916 Augusti
1001 1879 1084 1907 1901.

1414 2047 1486 2083 PP.
1513 2047 1772 2084 EDITORES.

243 3009 267 3033 S.
284 3009 373 3033 Boncw.
390 3022 420 3027 —-
439 3010 506 3033 Tom.
524 3010 561 3033 ΙΧ.
1781 3007 1796 3028 ΙΙ
