2243 3348
834 163 1006 192 EPIPHANIA.
1029 162 1138 191 SERMO
1161 162 1200 190 III.

4 270 5 277 ,
141 243 235 281 regyis,
251 251 324 276 ecce,
340 242 421 279 Maqi
435 242 471 270 ab
486 243 594 270 oriente
608 245 747 270 venerunt
764 241 983 279 lerosolymam,

3 286 10 323 ἓ·
141 290 281 318 dicentes:
308 289 361 317 Ubi
381 292 435 322 cst,
457 289 509 326 qui
528 292 617 317 natus
638 292 692 321 est,
714 296 767 316 rex
786 287 986 316 Iudaeorum?

3 340 6 368 4
39 343 93 363 Ratio
106 343 124 361 ¹-
142 337 194 366 Ista
214 336 335 365 inventio
349 335 403 364 suit
416 335 607 368 venerabilis,
623 335 660 363 ita
681 335 754 372 quod
770 343 820 371 per
834 335 926 371 Magos
939 334 987 363 ad-

142 383 307 420 impleretur
328 381 396 410 illud
428 381 543 410 Psalmi:
567 382 653 415 Eece,
675 381 847 410 azulioimus
868 390 932 410 eam
955 381 986 409 in

142 428 287 467 Epltrata‚
308 428 473 457 invenimus
494 436 559 456 eam
579 428 611 456 in
632 428 745 465 campis
765 428 864 456 siluae.
882 428 986 456 Introi—

143 476 239 504 bimus
260 475 290 503 in
313 474 537 503 tabernaculum
558 475 630 508 eius,
653 474 848 503 adorabimus
869 475 900 503 in
916 474 984 508 tot-0,

142 523 194 551 ubi
213 525 352 551 steterunt
377 521 463 558 pedes
494 521 575 554 eius,·
596 525 623 550 et
643 521 711 549 illud
733 521 831 549 Isaiae:
855 521 986 557 Quaesie-

142 573 215 598 runt
234 578 278 597 me
299 568 351 607 qui
370 573 437 596 ante
464 576 522 596 non
553 567 793 605 interroyabant,
815 568 989 596 invenerunt

143 616 194 654 qui
214 624 272 644 non
304 614 493 653 quaesierunt
520 623 572 642 me.
594 614 678 642 Aliter
699 617 881 642 assumuntur
903 614 988 643 verba

142 663 194 691 ista
215 662 249 691 ab
270 661 435 698 Apost0101:
458 662 596 689 Inventus
616 669 683 689 sum
709 669 729 689 a
758 669 817 688 non
848 669 988 698 quaeren-

144 709 221 737 tibus
241 717 302 743 me,
324 709 390 745 quia
412 709 485 737 lesus
506 708 639 736 hodierna
670 707 714 736 die
742 707 871 744 apparuit
901 707 988 744 genti-

143 756 196 785 bus
220 758 248 784 et
268 755 423 784 occultatus
444 759 485 784 est
507 754 629 788 Iudaeis,
651 753 802 783 secundum
825 754 899 790 quod
923 754 988 783 dicit

144 802 263 831 Isaias²:
286 801 426 838 Expandi
452 809 561 830 manus
582 809 662 829 meas
684 804 743 828 tota
763 800 809 828 die
830 801 870 829 ad
895 809 987 837 popa-

145 849 205 877 lum
225 857 284 877 non
305 848 464 877 credentem
485 851 536 877 etc.
560 864 595 868 —
618 847 670 876 Ista
691 847 772 875 etiam
794 847 916 875 iuvenile
937 847 989 876 fuit

143 895 334 928 venerabilis,
361 895 426 932 quia
447 895 499 923 fuit
520 894 687 931 principium
716 897 743 922 et
771 902 854 922 causa
879 898 988 923 nostrae

144 942 250 976 salutis,
271 945 382 971 nostrae
404 941 617 978 redemptionis,
632 943 743 969 nostrae
759 941 988 969 reconciliationis

144 993 171 1018 et
191 992 301 1018 nostrae
322 989 484 1025 adoptionis.
516 989 582 1016 Hinc
614 991 673 1021 est,
695 987 769 1024 quod
790 987 885 1016 Graeci
909 988 989 1016 hodie
1016 1000 1018 1018 1

144 1036 247 1065 faciunt
269 1043 395 1072 magnam
418 1035 628 1063 solemnitatem.
653 1051 689 1054 —
711 1034 859 1068 Carissimi,
881 1037 988 1063 certum

145 1086 195 1117 est,
216 1082 290 1120 quod
311 1082 379 1119 Magi
401 1082 527 1111 fecerunt
543 1089 674 1118 magnum
690 1081 823 1109 honorem
839 1081 948 1109 Christo
963 1085 990 1110 et

145 1129 226 1158 etiam
249 1129 327 1157 lllatri
349 1136 424 1162 suae,
446 1136 518 1165 quae
545 1129 637 1165 ipsum
666 1131 830 1164 conceperat
851 1131 877 1156 et
899 1131 990 1164 porta-

145 1179 237 1210 verat;
259 1176 320 1204 ideo
352 1175 470 1204 Ecclesia
498 1178 648 1204 veneratur
669 1178 696 1203 et
727 1175 867 1203 Christum
890 1178 916 1203 et
937 1175 991 1203 Ma-

0 1217 2 1279 (
145 1226 215 1252 trem
238 1223 305 1251 eius.

225 1270 317 1298 Tertio
338 1269 467 1298 inventus
488 1269 540 1297 fuit
561 1269 587 1297 in
621 1268 781 1297 Ierusalem
803 1277 821 1296 a
843 1268 942 1302 Marta,
965 1271 992 1297 et

147 1317 199 1345 hoc
220 1319 252 1345 ut
273 1316 410 1349 adultus,
431 1320 458 1345 et
479 1316 531 1345 ista
551 1315 673 1344 inventio
701 1315 753 1344 fuit
773 1315 974 1344 desiderabilis
982 1326 992 1349 ,·
1019 1312 1020 1322 ¹

147 1364 235 1392 Lucae
257 1363 377 1392 secundo
391 1362 416 1391 3;
440 1363 569 1391 Parentes
590 1363 650 1391 eius
671 1363 844 1391 invenerunt
864 1362 947 1390 itluin
961 1363 993 1391 in

148 1410 266 1447 templo,
288 1410 430 1438 sedentem
461 1409 492 1437 in
524 1409 616 1438 medio
638 1409 789 1437 doctorum
811 1412 872 1443 etc.,
898 1409 993 1437 inven-

149 1457 222 1486 tione
243 1456 431 1490 desiderabili,
453 1457 519 1493 quia
540 1456 659 1484 multum
681 1456 873 1485 desiderabant
901 1456 992 1493 ipsum
1020 1461 1021 1478 1

0 871 1 882 2
42 855 96 875 natio
108 855 127 874 Ξ.

14 1323 95 1343 Iuventio
110 1323 130 1341 in

0 1346 140 1407 nggffisraailffffls'

148 1504 251 1533 videre.
272 1504 389 1532 Notatur
411 1507 519 1537 autem,
542 1503 614 1540 quod
636 1503 673 1531 ibi
696 1503 783 1531 voluit
797 1503 893 1540 quaeri
909 1511 925 1531 a
940 1504 993 1531 Ma-
1021 1510 1022 1513 ¹

148 1554 191 1580 tre
212 1558 263 1580 sua
283 1554 310 1579 et
332 1551 460 1587 Iosepho,
482 1553 514 1578 ut
534 1550 700 1587 designaret,
722 1550 749 1578 in
771 1553 875 1587 quanto
889 1550 994 1578 deside-

150 1598 191 1627 rio
212 1598 304 1626 anima
335 1597 423 1626 fidelis
453 1597 534 1626 debet
555 1597 646 1634 ipsum
668 1605 804 1634 quaerere
825 1597 852 1625 in
874 1605 995 1633 superna

149 1645 306 1674 Ierusalem.
328 1645 443 1681 Propter
464 1645 516 1673 hoc
547 1644 649 1673 dicitur
681 1644 762 1672 Isaiae
784 1644 993 1681 sexagesimo4:

150 1692 260 1730 Surye,
283 1691 469 1726 illuminare,
498 1691 675 1725 Jerusalem,
709 1691 781 1729 quia
801 1691 878 1719 venit
899 1690 995 1718 lumen

151 1743 245 1773 tuum,
260 1742 284 1767 et
297 1738 395 1776 gloria
417 1738 537 1767 Domini
556 1746 644 1775 super
666 1742 690 1766 te
711 1741 776 1766 orta
798 1741 847 1766 cst.
862 1754 901 1758 —-
916 1738 994 1771 Item,

150 1786 202 1815 fuit
222 1786 281 1814 visa
301 1786 389 1823 gloria
410 1785 497 1814 Patris
518 1785 545 1813 in
567 1785 731 1819 Ierusalem,
754 1784 864 1821 quando
878 1784 938 1813 fons
953 1792 996 1813 sa-

151 1832 269 1869 pientiae
290 1832 457 1869 loquebatur
479 1832 510 1860 in
524 1832 617 1860 medio
632 1832 791 1860 doctorum.
808 1831 859 1860 Sed
874 1839 905 1860 re
929 1839 995 1859 vera

152 1880 204 1908 hoc
225 1888 280 1908 non
301 1879 406 1908 audivit
435 1879 576 1908 terrestris
604 1879 766 1913 Ierusalem,
788 1878 833 1907 sed
856 1879 995 1912 caelestis,

151 1934 222 1963 quae
242 1926 382 1963 designata
403 1926 455 1955 fuit
476 1927 502 1954 in
524 1926 636 1963 Virgine
657 1926 754 1960 Maria,
776 1926 802 1954 10
825 1934 880 1962 qua
901 1925 996 1962 imple-

152 1976 199 2002 tur
230 1973 299 2002 illud
327 1973 556 2002 Proverbiorum:
586 1973 691 2001 Mulier
717 1973 852 2010 qratiosa
874 1972 997 2000 inueniet

151 2020 296 2057 yloriam,
318 2020 345 2049 id
366 2023 408 2049 est
428 2021 511 2057 Virgo
532 2020 625 2053 Maria,
641 2028 713 2057 quae
727 2020 832 2048 invenit
846 2019 997 2053 Christum,

153 2075 236 2104 quem
257 2068 372 2096 sollicite
393 2071 420 2096 et
447 2068 592 2104 diligenter
621 2067 787 2104 quaerebat;
810 2070 924 2103 propter
946 2067 997 2095 hoc

153 2114 318 2143 fiducialiter
339 2118 366 2143 et
387 2122 484 2143 secure
500 2115 642 2143 adeamus
657 2123 725 2143 cum
738 2114 851 2151 fiducia
865 2114 905 2142 acl
920 2112 997 2142 tlzro-
1024 2104 1026 2136 ἶ

152 2170 225 2190 num
244 2162 362 2199 yratiae
383 2162 458 2195 eius,
480 2162 506 2190 id
528 2164 569 2190 est
591 2161 730 2198 Virginem
763 2161 875 2189 Mariam
895 2160 998 2198 qratia

151 2208 267 2244 plenam
298 2212 325 2237 et
355 2209 558 2243 misericordia,
582 2213 613 2237 ut
645 2208 880 2237 misericordiam
903 2216 999 2236 conse-
1025 2205 1026 2210 ¹

153 2264 283 2293 quantur
304 2260 327 2284 et
347 2256 480 2293 oratiam
502 2256 688 2284 inveniamus
710 2256 741 2284 in
762 2255 876 2284 auoeilio
898 2264 998 2292 oppor-

155 2306 234 2336 tuno,
256 2302 289 2330 ad
304 2302 441 2331 Hebraeos
455 2306 564 2339 quarto.
587 2320 625 2323 ——
639 2302 788 2336 Carissimi,
804 2302 825 2330 si
842 2302 880 2330 sic
902 2302 999 2330 volun-

154 2352 195 2377 tas
216 2352 287 2378 essct
308 2353 436 2386 prompta
450 2349 483 2378 ad
499 2349 703 2386 impetrandum
719 2349 903 2386 praebendas,
919 2349 998 2385 pauci

154 2398 219 2424 sunt
240 2396 285 2424 hic
306 2396 407 2430 clerici,
429 2396 475 2433 qui
499 2405 552 2424 non
575 2396 710 2424 haberent
732 2396 785 2424 cito
813 2396 998 2432 praebendas,

155 2442 220 2478 quia
250 2443 314 2479 plus
345 2446 444 2471 curant
475 2442 509 2471 de
530 2442 695 2479 praebendis
716 2442 895 2479 impetrandis
916 2450 999 2479 quam

155 2489 188 2517 de
210 2489 306 2526 gratia.

233 2537 389 2565 Secundum
422 2537 497 2565 hunc
534 2536 668 2573 triplicem
701 2536 813 2564 modum
845 2535 999 2564 inveniendi

44 2307 135 2326 Eoi-tatio.

12 2568 39 2587 De
48 2569 101 2588 modo
111 2569 138 2587 iu-

35 2593 126 2611 venuouis
156 2583 347 2620 corporaliter
367 2583 508 2611 invenitur
529 2583 675 2620 tripliciter
702 2583 736 2611 ab
766 2583 883 2611 Ecclesia
909 2586 1000 2611 sancta
1028 2578 1029 2582 ¹

31 2617 132 2663 511113ῗέ1135
155 2630 359 2667 spiritualiter.
383 2630 523 2658 Invenitur
546 2630 618 2657 cnim
640 2630 722 2657 intra
744 2637 808 2663 nos,
830 2634 914 2657 extra
937 2637 1000 2662 nos,

221 2795 227 2807 ¹
246 2796 312 2817 Rom.
335 2796 371 2822 lO,
390 2796 425 2816 20.

220 2833 229 2846 ²
248 2835 297 2856 lsai.
315 2834 356 2861 65,
375 2835 402 2861 25
420 2834 517 2861 Vulgata
536 2834 600 2861 legit:
617 2834 649 2856 cul
662 2834 781 2863 pollulum
798 2834 956 2857 incredulum.

221 2873 230 2885 ³
249 2874 313 2895 Vcrs.
332 2873 368 2895 liti.

220 2912 230 2924 ‘¹
248 2913 314 2934 Veis
336 2913 353 2938 1;
376 2915 504 2940 sequuntur
522 2912 587 2934 l’rov.
606 2913 613 2933 11
625 2913 642 2939 1,
662 2913 698 2934 ilfi.
715 2916 737 2934 ct
754 2912 822 2934 Ilebr.
841 2912 861 2939 4,
884 2913 917 2934 16.

221 2951 230 2963 ⁵
250 2952 313 2974 Yers.
333 2953 375 2979 22;
393 2955 521 2980 sequuntur
539 2952 621 2979 Epties.
639 2952 660 2978 3,
683 2952 715 2973 lO.
734 2955 755 2974 et
773 2952 820 2974 Col.
838 2953 862 2979 Ξ,
881 2953 902 2974 3.

1834 164 1887 191 157

1043 249 1138 277 stt-pra
1159 248 1223 274 nos,
1245 240 1397 269 secundum
1428 240 1503 277 quod
1534 240 1663 277 superius
1694 240 1884 269 inveniebatur

1044 287 1075 315 in
1096 287 1188 321 Maria,
1204 295 1271 315 cum
1285 286 1378 321 Maria,
1393 295 1413 315 a
1427 287 1520 315 Maria.
1537 287 1678 316 Invenitur
1693 287 1774 315 intra
1789 295 1839 315 005
1856 290 1887 315 ut

1042 334 1189 371 sapientia
1202 333 1399 371 spiritualiter
1413 333 1595 367 illuminans,
1611 334 1714 363 scilicet
1732 334 1759 362 in
1781 334 1886 368 anima;

1043 384 1128 409 extra
1149 389 1214 414 nos,
1236 384 1263 409 et
1283 381 1335 409 hoc
1367 380 1394 409 in
1422 380 1541 409 Ecclesia
1572 383 1603 409 ut
1633 381 1887 409 sacramentaliter

1044 427 1145 456 cibans
1153 438 1163 460 ,·
1184 427 1282 461 tertio,
1303 436 1399 464 supra
1420 435 1469 456 nos
1491 428 1517 456 in
1544 435 1665 464 superna
1686 428 1833 456 Ierusalem
1856 430 1888 456 ut

1043 474 1286 511 sempiternaliter
1307 474 1477 511 beatificans
1497 478 1523 503 ct
1543 474 1704 511 vivificans.

1122 521 1161 549 Dc
1182 521 1287 558 primo,
1310 521 1488 550 Ecclesiastici
1511 521 1740 558 quinquagesimo
1759 521 1886 558 primo⁵:

1044 567 1166 596 Multam
1188 568 1285 596 inueni
1304 568 1336 596 in
1356 576 1401 596 me
1421 568 1484 604 ipso
1510 568 1687 605 sapientiam
1712 572 1737 596 et
1761 568 1886 596 multum

1041 612 1156 650 profeci
1176 614 1207 642 in
1227 622 1279 647 ea;
1300 617 1326 642 et
1348 614 1472 651 loquitur
1503 614 1536 642 de
1564 614 1697 651 sapientia
1727 614 1833 648 infusa,
1855 614 1888 643 de

1046 669 1101 697 qua
1128 661 1160 689 ad
1191 661 1320 698 Ephesios
1350 661 1448 690 tertio:
1470 660 1662 699 llIultiformis
1681 661 1828 698 sapientia
1849 661 1889 689 di-

1045 707 1117 736 citur
1139 711 1207 741 etc.;
1229 708 1261 736 in
1281 716 1337 746 quo
1358 711 1428 736 sunt
1455 716 1552 736 omnes
1573 707 1707 736 thesauri
1726 708 1889 745 sapientiae

1045 757 1069 781 et
1083 755 1219 783 scientiae
1244 754 1422 788 absconditi,
1444 755 1477 783 ad
1491 754 1664 784 Colossenses
1678 755 1813 789 secundm
1830 763 1884 783 non

1045 800 1078 829 de
1099 801 1232 838 sapientla
1253 801 1407 835 mundana,
1423 801 1456 829 de
1471 809 1526 838 qua
1549 801 1652 838 primae
1677 802 1711 830 ad
1732 802 1888 830 Corinthios

1045 848 1135 884 primo
1143 848 1153 864 ⁶
1164 859 1169 876 ε
1184 848 1307 876 Stultum
1319 846 1387 885 fecit
1397 848 1475 876 Deus
1485 848 1662 885 sapientiam
1674 847 1763 876 liuius
1774 848 1887 877 mundi.

1125 895 1155 923 Et
1177 895 1328 923 secundum
1350 894 1424 932 quod
1445 897 1487 923 est
1510 895 1611 931 triplex
1632 895 1768 929 inventio,
1790 895 1820 923 Iit
1841 895 1891 923 tri-

1045 942 1111 978 plex
1132 941 1253 975 oblatio,
1275 941 1355 978 quia,
1377 941 1444 970 dum
1465 941 1606 970 invenitur
1627 941 1654 969 in
1677 942 1791 975 anima,
1810 941 1890 970 debet

1046 988 1145 1016 offerre
1167 997 1280 1017 aurum
1310 988 1440 1025 fulgentis
1472 988 1650 1017 credulitatis.
1679 988 1790 1017 Certum
1817 988 1890 1017 enim

1046 1039 1102 1068 est,
1124 1035 1197 1072 quod
1219 1044 1272 1063 non
1295 1039 1384 1072 potest
1405 1035 1553 1072 sapientia,
1575 1044 1646 1072 quae
1668 1035 1795 1064 Christus
1816 1040 1856 1064 est
1869 1035 1889 1069 ⁷,

1905 525 1932 545 De
1943 526 2035 553 inventio-

1917 554 1940 568 ne
1954 554 2021 573 prima.

1906 899 1929 925 Et
1941 898 1965 917 de
1977 898 2029 925 obla-

1904 924 1954 941 tione
1967 927 2035 946 prima.

1017 1118 1018 1128 γ
1047 1081 1074 1109 111
1095 1082 1187 1110 amma
1208 1082 1344 1111 introduci
1367 1090 1417 1111 nec
1448 1082 1606 1111 conservari
1638 1082 1689 1110 nisi
1711 1090 1760 1119 per
1782 1082 1890 1110 radium

1047 1128 1116 1156 lucis
1139 1128 1216 1162 fidei,
1238 1129 1285 1165 qui
1307 1129 1454 1165 aliquando
1475 1129 1643 1157 assimilatur
1664 1128 1778 1166 fulyori
1798 1137 1890 1157 aureo

1047 1174 1079 1202 ad
1112 1174 1279 1203 credendum
1310 1175 1442 1204 articulos
1472 1175 1506 1204 de
1534 1175 1720 1209 humanitate,
1743 1175 1890 1212 aliquando

1047 1220 1161 1258 fidqori
1180 1222 1290 1250 sidereo
1311 1222 1344 1251 ad
1373 1222 1540 1251 credendum
1571 1222 1702 1251 articulos
1733 1222 1766 1251 de
1787 1222 1891 1257 Divini-

1048 1271 1111 1296 tate.
1135 1269 1195 1297 Ideo
1216 1269 1281 1297 dicit
1303 1269 1414 1298 loannes
1435 1269 1609 1306 Apocalypsis
1630 1269 1757 1306 prim08:
1784 1269 1819 1297 In
1834 1278 1891 1297 nze-

1049 1315 1096 1343 dio
1117 1319 1219 1352 septem
1242 1316 1485 1344 candelabrorum
1509 1324 1670 1344 aureorum
1692 1315 1755 1344 vidi
1767 1315 1891 1344 similem

1049 1362 1124 1390 Filio
1146 1361 1281 1397 bominis,
1304 1363 1437 1391 vestitum
1454 1363 1561 1400 podere
1582 1366 1606 1391 et
1626 1363 1827 1400 praecinctu-m
1853 1362 1893 1390 ad

1049 1408 1228 1436 mammillas
1248 1417 1328 1437 zona
1342 1417 1448 1443 aurea,
1463 1413 1552 1446 caput
1566 1413 1664 1437 autem
1677 1409 1740 1437 eius
1754 1413 1779 1437 et
1793 1408 1894 1446 capilli

1050 1459 1133 1483 erant
1154 1456 1276 1484 candidi
1296 1460 1438 1494 tanquam
1460 1456 1530 1484 lana
1551 1456 1619 1485 alba
1633 1459 1657 1484 et
1672 1459 1814 1494 tanquam
1829 1456 1892 1489 nix,

1050 1506 1074 1530 et
1095 1502 1173 1531 ocuti
1192 1502 1254 1531 eius
1275 1506 1416 1541 tanquam
1437 1502 1561 1540 flamma
1582 1503 1669 1540 tynis,
1684 1506 1709 1531 et
1724 1503 1810 1539 pedes
1831 1503 1893 1531 eius

1049 1550 1158 1578 similes
1172 1549 1354 1583 aurichalco,
1371 1550 1422 1578 hoc
1437 1552 1571 1586 quantum
1586 1550 1619 1578 ad
1635 1549 1849 1582 humanitatem3
1865 1551 1892 1577 et

1051 1597 1193 1634 sequitur:
1216 1596 1318 1625 Facies
1346 1596 1408 1624 eius
1438 1597 1513 1625 sicut
1533 1596 1585 1630 sol,
1607 1599 1743 1633 quantum
1765 1596 1798 1624 ad
1820 1595 1894 1624 Divi-

1050 1644 1172 1672 nitatem.
1195 1644 1259 1672 Hinc
1281 1646 1336 1677 est,
1358 1643 1432 1680 quod
1452 1643 1521 1680 Magi
1536 1643 1695 1672 habuerunt
1709 1643 1841 1671 ducatum
1855 1642 1895 1670 si-

1051 1691 1129 1719 deris
1157 1693 1292 1727 quantum
1320 1690 1353 1718 ad
1381 1690 1549 1719 credendum
1574 1689 1706 1718 articulos
1736 1689 1770 1718 de
1791 1689 1895 1717 Divini-

1052 1741 1107 1766 tate
1128 1741 1154 1766 et
1175 1737 1337 1766 obtulerunt
1352 1745 1463 1765 aurum
1478 1736 1513 1765 ad
1527 1736 1695 1765 credendum
1710 1736 1841 1765 articulos
1857 1736 1891 1764 de

1053 1784 1238 1818 liumanitate3
1261 1788 1287 1813 et
1309 1784 1380 1812 sIcut
1401 1783 1492 1820 fulgor
1514 1783 1610 1812 sideris
1631 1783 1714 1812 duxit
1734 1791 1780 1812 eos
1801 1782 1835 1811 ad
1856 1783 1896 1811 lo-

1053 1840 1132 1865 cum,
1154 1831 1200 1859 ubi
1234 1831 1399 1859 obtulerunt
1429 1839 1556 1864 aurum,
1578 1830 1616 1858 ita
1636 1830 1727 1867 fulgor
1749 1830 1831 1859 Verbi
1853 1830 1894 1857 in-

1053 1879 1136 1907 creati
1159 1878 1241 1906 duxit
1261 1878 1295 1906 ad
1316 1877 1498 1914 cognitionem
1521 1877 1710 1905 humanitatiS.
1726 1876 1895 1913 Impossibile

1053 1926 1124 1954 enim
1147 1929 1203 1959 est,
1226 1925 1300 1961 quod
1321 1924 1421 1961 aliquis
1435 1926 1580 1960 cognoscat
1594 1924 1662 1952 hoc:
1684 1922 1807 1951 Verbum
1823 1931 1893 1951 caro

1053 1972 1166 2009 factum
1188 1972 1259 2005 eivtf',
1281 1971 1331 2000 nisi
1354 1971 1433 2007 prius
1448 1973 1607 2007 cognoscat:
1626 1971 1658 1998 ln
1670 1970 1818 2007 principio
1832 1973 1896 1998 erat

1061 2019 1190 2047 Verbum.
1223 2018 1298 2047 Unde
1326 2018 1398 2046 sicut
1429 2017 1523 2046 radius
1544 2017 1608 2046 solis
1639 2024 1688 2053 per
1720 2017 1771 2045 ista
1801 2016 1896 2053 pervia

1054 2066 1156 2094 munda
1178 2065 1327 2102 pertransit
1348 2065 1406 2093 sine
1427 2064 1520 2101 aliqua
1541 2067 1659 2101 ruptura
1675 2067 1702 2093 et
1717 2064 1777 2092 unit
1798 2071 1826 2092 se
1848 2063 1896 2095 eis,

1054 2113 1091 2141 ita
1113 2112 1241 2149 splendor
1262 2111 1365 2149 gloriae
1386 2114 1523 2145 aeternae,
1546 2112 1592 2148 qui
1616 2114 1656 2139 est
1677 2111 1760 2139 Filius
1775 2111 1832 2143 Dei,
1854 2110 1896 2138 in-

1057 2160 1138 2188 travit
1158 2159 1269 2187 Mariam
1292 2166 1391 2195 puram
1413 2161 1440 2187 et
1461 2158 1591 2186 mundam
1614 2158 1672 2187 sine
1697 2158 1790 2194 aliqua
1810 2157 1897 2194 ipsius

1055 2207 1154 2235 Mariae
1176 2208 1294 2242 ruptura
1315 2208 1341 2234 et
1363 2213 1423 2234 eam
1445 2205 1616 2238 fecundavit3
1633 2208 1659 2233 et
1678 2204 1749 2233 istud
1765 2204 1897 2233 debemus

1055 2254 1171 2282 firmiter
1186 2253 1314 2286 credere;
1331 2252 1483 2289 Sapientiae
1504 2252 1644 2288 primo¹⁰z
1668 2251 1772 2280 Sentitc
1793 2251 1826 2279 (le
1842 2251 1898 2278 Do-

1055 2300 1134 2328 mino
1155 2300 1187 2328 in
1209 2299 1341 2332 bonitate,
1364 2299 1389 2327 id
1412 2302 1453 2327 est
1473 2299 1499 2326 in
1522 2298 1575 2326 fide
1594 2301 1654 2332 etc.,
1670 2298 1735 2335 quia
1756 2297 1823 2326 fides
1844 2300 1898 2330 est⁷

1056 2355 1126 2384 quae
1140 2346 1282 2374 stabilitat
1296 2354 1346 2374 cor
1361 2349 1388 2374 et
1401 2344 1476 2382 facit
1490 2345 1636 2378 invenire;
1651 2352 1735 2381 quam
1750 2344 1814 2381 quia
1829 2343 1898 2380 Magi

1056 2394 1230 2426 habuerunt,
1254 2393 1313 2421 ideo
1334 2392 1499 2429 SapIcntiam
1522 2392 1671 2420 increatam
1692 2391 1858 2419 invenerunt
1872 2393 1900 2419 et

1057 2440 1118 2469 sacti
1140 2440 1254 2468 fuerunt
1269 2439 1349 2476 primi
1371 2438 1527 2467 Christiani.
1544 2455 1581 2458 —
1595 2437 1750 2471 Carissimi,
1770 2437 1791 2466 si
1814 2437 1898 2473 aliqui
1916 2438 2009 2457 Ηῡτῑθῑῑῠι

1058 2488 1222 2515 invenerunt
1243 2486 1420 2522 sapientiam,
1443 2493 1496 2513 000
1518 2485 1568 2513 sibi
1594 2485 1781 2513 adscribentes
1802 2491 1900 2520 super-

1058 2534 1141 2567 biant,
1157 2541 1190 2561 ne
1206 2541 1267 2561 cum
1284 2532 1398 2561 lucifero
1413 2532 1519 2564 cadant,
1536 2531 1618 2560 Isaiae
1633 2531 1738 2559 decimo
1753 2531 1899 2568 quarto¹¹;

1058 2585 1084 2609 ct
1116 2580 1273 2617 Apostolus:
1308 2579 1450 2612 Dz'centes,
1482 2587 1511 2606 se
1542 2587 1600 2606 esse
1627 2578 1787 2615 sapientes,
1819 2577 1902 2605 stulti

1058 2628 1132 2665 sacti
1152 2631 1228 2654 sunt.

1907 1132 1981 1155 Duplex
1996 1137 2026 1150 ra-

1912 1155 1956 1173 dius
1967 1155 2020 1174 fidei.

1123 2794 1132 2806 ὓ
1150 2794 1215 2816 N'crs.
1232 2793 1269 2815 20.

1123 2832 1132 2845 Β
1151 2833 1216 2854 Vei-s.
1237 2833 1309 2854 ¹345.
1327 2834 1348 2854 et
1366 2831 1419 2854 dein
1438 2838 1460 2853 v.
1479 2832 1516 2853 16.

1123 2871 1132 2885 ⁹
1151 2872 1210 2893 loau.
1232 2872 1249 2897 l,
1271 2870 1304 2892 lt.
1322 2873 1343 2892 et
1361 2877 1383 2891 v.
1405 2871 1422 2892 1.

1125 2910 1143 2922 ¹⁴³
1162 2911 1226 2932 ἵει-5.
1249 2911 1270 2935 1;
1289 2909 1372 2932 deiude
1389 2909 1542 2936 respiciuntur
1558 2908 1628 2930 Ilebr.
1645 2908 1677 2936 13,
1690 2910 1710 2930 ξ’,
1723 2911 1745 2930 et
1757 2907 1816 2930 Tol).
1835 2908 1868 2932 12,
1882 2908 1905 2929 (l.

1125 2949 1141 2963 ¹¹
1162 2950 1226 2971 Ycrs.
1248 2950 1285 2973 1-22
1304 2949 1407 2976 sequitur
1425 2948 1491 2970 Rom.
1513 2948 1534 2974 1,
1554 2948 1591 2970 -2-2.

1554 2791 1562 2803 ⁷
1579 2791 1708 2819 Respicitur
1725 2792 1739 2813 l.
1757 2791 1809 2814 Cor.
1827 2791 1847 2818 l,
1866 2791 1903 2813 24.
