2243 3348
206 869 313 887 Thesaurus

208 892 314 911 custodien-

192 916 227 934 dus
238 915 324 934 interius.

204 1150 255 1177 uem,
270 1151 319 1169 exte-

238 1179 284 1193 rius.

226 1244 318 1263 Hui-tatio.

189 1950 208 1969 S.
222 1950 316 1969 Nicotaus.

340 175 396 203 4713

339 252 510 290 effimclatztr
530 252 679 280 thesaurus
700 250 790 279 cordis
818 249 903 278 nostri
933 257 983 286 per
1007 248 1183 285 voluptatem

340 299 495 332 tasetmxa.e;
515 298 589 335 quod
611 297 664 325 cito
685 297 724 330 fit,
746 296 797 324 nisi
820 304 924 329 caveas,
940 295 1014 332 quia,
1030 294 1181 323 secundum

340 346 497 382 Apostolum
511 346 531 377 ¹,
552 352 602 372 nos
622 342 761 371 habemus
783 341 956 370 thesaurum
977 341 1065 369 istum
1087 340 1118 369 in
1132 348 1184 368 υα-

339 393 380 420 sis
400 391 544 428 fictilibus.
567 390 654 418 Corda
675 392 702 418 et
733 397 850 425 corpora
871 391 965 417 nostra
986 396 1059 416 vasa
1080 387 1183 424 fictilia

339 442 416 472 sunt,
439 442 465 467 et
486 438 507 466 si
530 437 697 473 franguntur
718 443 767 471 per
790 435 958 471 voluptatem
980 437 1007 463 et
1028 434 1182 468 lasciviam,

339 488 413 513 totus
435 486 583 513 thesaurus
604 482 708 519 gratiae
722 483 749 510 in
765 481 846 511 corde
861 484 1007 510 contentus
1022 480 1182 509 effunditur.

340 531 400 559 Ideo
421 531 447 559 in
479 529 634 558 omnimoda
666 529 822 565 integritate
853 528 934 557 debet
965 536 1012 556 cor
1034 530 1061 556 et
1082 534 1183 563 corpus

340 576 485 610 custodiri,
501 584 534 604 ne
556 583 605 612 per
626 575 833 612 corruptionem
849 577 876 603 et
890 574 1050 603 fractionem
1066 573 1182 602 istorum

339 623 426 660 gratia
447 623 566 659 Spiritus
580 623 664 651 sancti
681 622 855 656 effundatur,
878 622 950 650 sicut
970 621 1123 650 balsamum
1145 620 1183 648 ef-

338 670 474 703 funditur,
496 670 583 698 fracto
605 677 684 703 vase;
706 672 733 698 et
754 669 814 698 ideo
835 677 898 698 cum
931 676 1030 705 magna
1051 667 1183 696 sollicitu-

338 716 400 744 dine
421 721 448 745 et
468 716 609 753 diligentia
630 719 670 745 est
692 718 811 753 uterque
832 715 1037 744 custodiendus.
1060 715 1126 743 Hinc
1146 714 1183 743 di-

337 763 373 791 cit
395 764 539 800 Apostolus
562 763 667 800 primae
698 763 731 791 ad
762 762 1019 791 Thessalonicenses
1044 762 1182 799 quarto2:

344 811 379 838 Ut
409 811 483 838 semi
507 811 707 849 tinusqzcisqzte
737 813 863 838 vestrum
893 818 946 837 vas
975 817 1064 837 Situm
1090 808 1184 845 possi—

339 857 405 887 dere
426 858 457 886 in
477 857 708 894 sanctificatione
728 861 754 885 et
779 856 901 885 honore.-
924 860 950 885 et
978 856 1103 885 incertus
1134 865 1184 894 per

338 905 530 934 abstinentiam
560 908 587 933 et
614 904 806 937 sobrietatem,
835 911 869 932 ne
900 907 1114 940 corrumpatur,
1136 907 1184 932 aut

337 952 481 989 frangatur
503 960 549 980 cor
573 960 621 988 per
642 951 746 988 aliquid
772 951 954 985 intrinsecus,
976 951 1041 987 quia
1066 951 1184 987 Spiritus

337 1003 448 1028 sanctus
469 999 563 1033 docet,
586 999 660 1036 quod
681 1007 730 1035 per
752 998 928 1027 sobrietatem
955 998 1043 1035 gratia
1064 998 1184 1027 custodi-

338 1052 391 1075 tur.
415 1047 457 1075 Sic
478 1054 537 1075 eam
560 1045 707 1074 custodivit
722 1045 819 1074 beatus
833 1045 960 1074 Nicolaus
972 1045 992 1079 ³,
1007 1045 1072 1082 quia
1086 1053 1102 1073 a
1116 1053 1184 1082 pue-

338 1094 400 1122 ritia
431 1093 569 1122 abstinere
592 1093 708 1129 incepit,
730 1095 829 1129 quarta
850 1096 877 1121 et
899 1096 978 1121 sexta
1006 1092 1074 1121 seria
1100 1092 1183 1121 semel

336 1141 433 1169 bibens
462 1148 604 1168 mammas
628 1140 707 1173 Item,
729 1140 856 1168 exterius
881 1140 1050 1168 occasionem
1079 1139 1182 1176 peccati

336 1187 478 1225 fuglendQ
501 1187 572 1216 sicut
593 1187 656 1215 fecit
677 1187 774 1215 beatus
799 1187 925 1215 Nicolaus
940 1187 960 1220 4,
982 1186 1029 1223 qui
1053 1186 1184 1214 mulieres

336 1235 413 1271 quasi
437 1238 541 1271 pestem
562 1234 691 1271 fugiebat.
713 1250 752 1253 —
774 1234 880 1262 Utinam
909 1233 947 1261 sic
968 1232 1089 1261 facerent
1111 1233 1184 1261 iuve-

336 1290 385 1311 nes
406 1281 492 1310 nostri
515 1281 648 1314 moderni,
664 1289 717 1309 non
740 1281 777 1308 ita
798 1281 1007 1316 frequentarent
1028 1279 1184 1316 spectacula

337 1337 387 1358 nec
402 1337 451 1365 per
466 1329 557 1357 villam
574 1328 762 1361 ambularent,
778 1331 809 1355 ut
824 1327 949 1355 viderent
970 1326 1101 1355 mulieres
1122 1326 1183 1363 pul—

337 1383 398 1404 cras
418 1378 445 1403 et
466 1377 590 1411 paratas!
613 1374 736 1410 Quantae
758 1373 879 1402 insaniae
900 1375 972 1401 esset
992 1380 1040 1401 vas
1062 1373 1183 1401 balsamo

336 1430 408 1458 puro
430 1422 540 1458 plenum
564 1424 674 1458 portare
696 1421 722 1449 in
746 1421 834 1457 platea
856 1423 883 1449 et
904 1428 1044 1456 exponere
1060 1420 1136 1453 illud,
1152 1422 1184 1447 ut

336 1469 452 1505 quilibet
467 1472 558 1505 posset
574 1471 720 1504 percutere
735 1467 802 1495 iliud
817 1475 879 1495 cum
897 1467 985 1503 lapide
1000 1470 1026 1495 et
1038 1467 1181 1503 frangere!

336 1516 386 1552 Qui
403 1516 440 1544 sic
455 1516 557 1543 faceret
573 1515 685 1543 insanus
707 1514 885 1543 iudicaretur.
909 1514 947 1542 lta
969 1514 1082 1542 insanus
1102 1513 1183 1542 debet

336 1563 449 1591 iudicari
466 1562 513 1599 qui
536 1569 638 1598 corpus
660 1564 687 1590 et
708 1569 805 1590 sensus
827 1569 892 1590 suos
913 1561 1028 1598 exponit
1043 1561 1075 1589 ad
1092 1560 1183 1589 viden-

336 1610 400 1638 dum
416 1609 547 1637 mulieres
562 1612 589 1637 et
604 1608 769 1645 spectacula,
786 1611 817 1637 ut
834 1616 849 1636 a
871 1608 994 1645 qualibet
1008 1608 1106 1644 pulcra
1121 1616 1183 1636 mu-

336 1657 402 1685 liere
417 1664 464 1685 cor
480 1664 561 1684 suum
578 1655 767 1692 percutiatur,
789 1658 817 1683 et
837 1655 858 1683 si
875 1655 966 1683 videat
981 1654 1053 1682 illam
1070 1654 1103 1683 ad
1119 1662 1183 1682 cou-

336 1703 543 1739 cupiscendum,
559 1703 713 1739 frangatur,
728 1705 755 1731 et
769 1702 922 1730 balsamum
934 1702 1047 1738 gratiae,
1060 1701 1133 1738 quod
1147 1700 1184 1729 in·

336 1754 380 1779 lus
395 1753 463 1783 erat,
479 1749 646 1778 effundatur.
662 1750 788 1785 Semper,
804 1749 912 1786 quoties
927 1748 1016 1777 vidisti
1037 1748 1182 1776 mulierem

335 1800 383 1826 aut
405 1797 535 1825 mulieres
566 1797 599 1825 ad
630 1796 881 1833 concupiscendum
914 1803 975 1829 eas,
999 1795 1078 1823 toties
1103 1794 1183 1823 letale

336 1845 437 1873 vulnus
458 1845 485 1873 in
508 1844 590 1873 corde
606 1847 653 1872 tuo
669 1844 805 1877 habuisti,
828 1847 854 1872 et
869 1843 943 1877 vide,
959 1843 980 1871 si
996 1850 1126 1871 securum
1142 1845 1183 1870 est

335 1892 374 1920 ire
395 1892 427 1920 ad
451 1892 607 1928 spectacula
621 1894 648 1919 et
662 1891 698 1919 ibi
713 1891 845 1919 mulieres
860 1890 1006 1927 respicere.
1023 1906 1058 1910 —
1076 1890 1106 1918 Et
1121 1889 1183 1918 inde

334 1938 431 1967 beatus
452 1939 579 1968 Nicolaus
611 1937 732 1975 fugiebat
763 1938 920 1974 spectacula
942 1940 969 1965 et
989 1936 1183 1974 frequentabat

334 1986 464 2014 ecclesiae
485 1985 595 2019 limina,
617 1984 769 2013 secundum
792 1984 865 2021 quod
888 1986 1015 2012 cantatur
1030 1984 1062 2012 de
1084 1983 1182 2020 ips0⁵:

339 2044 352 2058 «
368 2032 502 2061 Ecclesiae
524 2035 634 2061 sanctae
654 2032 833 2068 frequentare
855 2031 974 2059 limina»
1000 2035 1050 2059 etc.
1073 2031 1112 2059 lta
1127 2031 1183 2059 vel-

336 2081 401 2114 lem,
424 2079 497 2116 quod
519 2079 642 2108 facerent
674 2079 787 2107 iuvenes
809 2078 950 2112 moderni,
972 2082 999 2107 et
1020 2079 1041 2107 si
1065 2078 1184 2107 habeant

335 2127 419 2155 duces
440 2130 467 2155 et
488 2126 649 2163 magistros,
672 2126 745 2163 quod
767 2126 802 2154 ab
833 2125 872 2154 eis
892 2125 1063 2154 ducerentur
1084 2125 1117 2153 ad
1140 2132 1184 2153 ec-

335 2174 444 2202 clesiam
466 2177 493 2202 et
525 2173 558 2202 ad
590 2181 746 2207 sermones,
769 2181 823 2201 uon
851 2172 884 2201 ad
913 2172 1084 2209 spectacula,
1113 2172 1184 2200 sicut

334 2221 440 2249 ducunt
463 2221 550 2249 multi.
567 2238 604 2241 -—
624 2232 636 2245 «
649 2221 705 2249 Non
725 2220 812 2249 audeo
827 2220 929 2249 ducere
944 2220 1074 2248 clerIcum
1090 2227 1182 2248 meum

335 2268 368 2296 ad
390 2276 547 2302 sermones,
570 2276 603 2296 ue
624 2268 718 2296 audiat
739 2275 881 2296 sermones
902 2270 929 2295 et
950 2267 1015 2295 velit
1038 2267 1141 2295 intrare
1156 2278 1182 2294 ».

335 2315 405 2351 Quid
427 2315 494 2343 dicis
516 2315 619 2344 miser?
640 2315 697 2343 Nou
719 2315 804 2343 audes
824 2314 927 2343 ducere
948 2314 1080 2342 clericum
1102 2316 1182 2342 tuum

335 2362 368 2390 ad
390 2370 559 2396 sermonem,
582 2370 616 2391 ne
638 2362 673 2391 ibi
696 2361 831 2398 concipiat
852 2361 984 2398 Spiritum
1000 2364 1141 2394 sanctum,
1158 2362 1184 2388 et

336 2409 420 2437 audes
442 2409 532 2445 ipsum
554 2409 657 2438 ducere
678 2417 727 2445 per
749 2409 824 2437 vicos
852 2412 878 2436 et
900 2408 1003 2445 plateas
1023 2408 1057 2436 ad
1079 2411 1184 2444 specta-

336 2456 410 2489 cula,
433 2456 480 2484 ubi
508 2456 604 2492 perdat
632 2456 764 2492 Spiritum
794 2458 919 2484 sanctum
948 2458 975 2483 et
1000 2455 1184 2483 innocentiam

336 2505 435 2531 suam?
457 2503 532 2539 Quae
561 2503 648 2531 maior
670 2502 806 2531 dementia
829 2505 853 2530 et
877 2501 982 2530 insania
1002 2504 1066 2530 est?
1088 2502 1183 2530 Custo-

1012 170 1185 199 SERMONES
1205 171 1248 199 DE
1270 170 1411 199 SANCTlS.

1240 248 1348 276 diamus
1370 247 1455 284 igitur
1487 248 1649 277 thesaurum
1678 248 1778 283 istum,
1803 248 1965 277 munditiam
1994 248 2084 277 cordis

1240 294 1341 328 nostri,
1362 302 1397 323 ne
1418 302 1467 331 per
1489 294 1658 331 voluptatem
1680 295 1808 323 lasciviae
1825 294 1998 329 effundatur3
2020 294 2085 331 quia

1240 340 1341 369 dicitur
1366 341 1540 378 Apocalypsis
1554 342 1660 371 decimo
1674 344 1754 371 sexto
1765 342 1792 370 ⁶:
1808 342 1926 376 Beatus,
1948 342 2000 380 qui
2013 342 2085 379 vipi-

1241 387 1282 415 ἰαί
1302 391 1327 416 et
1349 387 1473 416 custodit
1492 388 1661 417 vestimenta
1681 397 1753 422 suci,
1774 397 1809 417 tw
1829 389 1929 417 mactus
1949 388 2085 423 ambulet,

1240 437 1264 462 et
1275 434 1392 463 videant
1406 435 1618 471 turpitudinem
1629 435 1700 464 eius.
1716 435 1889 472 Quicumque
1901 435 1991 472 perdit
2006 443 2086 464 mun-

1240 481 1334 510 ditiam
1363 482 1545 511 conscientiae
1573 485 1601 511 et
1621 482 1792 511 innocentiae
1813 482 1903 519 perdit
1924 482 2086 511 vestimenta

1240 536 1306 561 sua,
1328 531 1355 557 et
1376 531 1490 565 apparet
1511 528 1567 557 Deo
1587 531 1614 557 et
1636 529 1743 565 Angelis
1770 529 1880 557 nuditas
1901 529 1969 558 eius.
1990 528 2088 558 Custo-

1240 574 1356 603 diendus
1377 578 1418 603 est
1447 583 1514 611 ergo
1541 575 1691 604 thesaurus
1721 575 1772 603 iste
1797 575 1942 612 diligenter
1966 577 1994 604 et
2014 575 2086 604 solli-

1240 621 1302 656 cite,
1323 629 1358 650 ne
1379 620 1557 659 effundatur.

1320 668 1394 702 ltem,
1407 668 1603 697 custodiendus
1614 671 1655 697 est
1666 669 1782 703 occulte,
1794 677 1828 697 ne
1839 669 2026 706 surripiatur
2038 677 2086 706 per
2100 679 2215 704 secundom
2229 693 2233 702 ,η

1241 715 1399 744 vanitatem
1429 715 1622 751 arroqantz'ae
1650 716 1692 744 vel
1721 715 1881 752 superbiae;
1904 715 1965 744 ideo
1985 716 2086 745 dicitur

1241 762 1268 791 in
1297 762 1442 799 Evangelio
1470 762 1614 796 Matthaei,
1636 762 1741 791 decimo
1771 762 1888 790 terti0⁷:
1919 762 2016 791 Simile
2046 766 2087 790 est

1241 818 1365 847 requam
1391 809 1538 838 caelorzmz
1568 808 1704 837 thesauro
1737 809 1904 837 abscondito
1932 809 1964 837 in
1994 817 2085 847 affro,

1242 865 1327 894 quem
1348 856 1400 894 qui
1420 855 1528 884 inventi
1550 854 1632 884 homo
1654 855 1821 889 abscondit,
1843 859 1868 884 et
1886 864 1962 892 prae
1974 855 2086 893 qaudio

1244 903 1323 931 iltius
1348 903 1429 931 vadit
1460 906 1484 931 et
1515 903 1611 931 vendit
1641 902 1796 936 universa,
1828 911 1903 940 quae
1934 902 2030 936 habet,
2062 906 2088 931 et

1241 950 1308 978 emit
1336 958 1445 987 aqi-tivit
1473 950 1564 978 ilium.
1595 950 1630 978 lbi
1659 949 1847 986 Gregorius8:
1885 961 1898 974 a
1916 949 2086 984 Notandum,

1241 997 1314 1034 quod
1337 998 1486 1026 thesaurus
1501 997 1694 1031 absconditur,
1710 1000 1742 1025 ut
1756 999 1883 1025 servetur
1895 1007 1922 1030 »;
1937 1000 1964 1025 et
1978 996 2086 1025 subdit:

1246 1056 1258 1070 α
1275 1044 1439 1081 Depraedari
1463 1052 1528 1081 ergo
1560 1044 1697 1072 desiderat
1717 1044 1764 1080 qui
1789 1044 1951 1072 thesaurum
1977 1043 2087 1080 publice

1241 1095 1333 1128 portat
1354 1091 1381 1119 iu
1405 1091 1446 1119 via
1458 1103 1484 1119 ».
1501 1108 1539 1111 ——
1554 1091 1707 1125 Carissimi,
1723 1099 1772 1119 uos
1787 1090 1962 1119 ambulamus
1977 1098 2027 1127 per
2041 1090 2087 1118 sil-

1242 1146 1290 1167 vas
1311 1141 1337 1167 et
1359 1146 1481 1172 nemora,
1504 1138 1550 1167 ubi
1573 1141 1638 1167 sunt
1660 1141 1786 1175 raptores
1800 1141 1827 1166 et
1849 1138 1984 1172 latrones3
2007 1141 2088 1166 caute

1241 1186 1374 1214 debemus
1395 1185 1538 1213 ambulare
1560 1189 1586 1213 et
1608 1185 1765 1219 humiliter,
1787 1193 1841 1213 non
1862 1187 2025 1221 arroganter
2040 1186 2088 1213 aut

1241 1233 1376 1269 superbe,
1399 1241 1433 1261 ne
1454 1232 1493 1260 sic
1515 1232 1586 1261 bona
1615 1235 1708 1260 nostra
1731 1232 1810 1260 nobis
1832 1231 2000 1268 surripiaut;
2022 1231 2088 1268 quia

1240 1280 1306 1308 dicit
1326 1279 1476 1316 Gregorius
1488 1279 1513 1307 ⁰:
1541 1290 1554 1303 «
1566 1279 1617 1315 Qui
1634 1279 1692 1307 sine-
1714 1278 1870 1307 humilitate
1891 1278 2009 1307 virtutes
2023 1285 2088 1306 con-

1240 1330 1351 1363 gregat,
1374 1326 1452 1363 quasi
1474 1326 1619 1362 pulverem
1640 1328 1703 1354 aute
1724 1325 1820 1354 faciem
1844 1325 1917 1354 venti
1939 1327 2039 1362 portat,
2061 1327 2088 1354 et

1240 1373 1313 1402 unde
1334 1373 1438 1410 aliquid
1466 1373 1540 1401 ferre
1565 1372 1705 1406 cernitur,
1728 1372 1789 1401 inde
1817 1372 1939 1401 deterius
1960 1379 2088 1401 excaeca-

1240 1424 1328 1449 tur».
1352 1437 1387 1441 -
1410 1421 1467 1449 Non
1490 1420 1528 1449 sic
1549 1420 1612 1448 fecit
1633 1420 1730 1448 beatus
1751 1419 1886 1453 Nicotaus,
1907 1419 1955 1448 sed
1976 1419 2088 1447 thesau-

1240 1476 1302 1496 rum
1318 1468 1418 1502 istum,
1435 1470 1518 1504 prout
1532 1469 1654 1504 poterat,
1670 1466 1861 1495 abscondebat.
1877 1466 1962 1500 Unde,
1977 1465 2088 1503 quando

1240 1514 1303 1543 fecit
1324 1514 1392 1543 illud
1413 1522 1484 1551 opus
1505 1514 1608 1548 nobile,
1630 1513 1663 1542 de
1684 1516 1764 1542 nocte
1785 1513 1875 1542 facere
1889 1513 1985 1547 voluit,
2002 1513 2028 1541 in
2045 1520 2086 1541 se-

1240 1565 1316 1590 creto
1337 1565 1364 1590 et.
1387 1562 1411 1589 in
1435 1561 1543 1590 silentio
1564 1561 1666 1595 noctis,
1689 1563 1721 1589 ut
1752 1560 1814 1589 inde
1846 1560 1894 1589 soli
1927 1560 2086 1597 conspectui

1239 1608 1332 1637 divino
1347 1616 1376 1637 sc
1392 1609 1500 1645 placere
1515 1608 1585 1637 velle
1605 1607 1762 1636 ostenderet
1777 1607 1808 1635 ¹⁰.
1825 1608 1900 1641 item,
1916 1606 2026 1644 quando
2040 1606 2086 1635 de-

1241 1657 1396 1693 prehensus
1418 1656 1470 1684 fuit
1490 1664 1506 1684 a
1527 1655 1587 1684 viro
1609 1655 1663 1689 illo,
1679 1655 1725 1692 qui
1742 1663 1805 1683 eum
1828 1654 1940 1691 agnovit
1961 1661 2010 1691 per
2024 1661 2086 1682 um-

1239 1703 1320 1737 bras,
1343 1703 1483 1739 praecepit
1504 1702 1538 1736 ei,
1560 1702 1651 1739 quod,
1673 1701 1805 1738 quamdiu
1826 1701 1955 1730 mortales
1977 1703 2087 1737 caperet

1240 1758 1336 1784 auras,
1358 1758 1500 1786 nunquam
1523 1749 1642 1783 diceret,
1663 1749 1803 1777 Nicolaum
1828 1748 1911 1777 huius
1942 1747 1981 1777 rei
2003 1747 2087 1776 fuisse

1243 1800 1394 1826 auctorem.
1417 1797 1476 1833 lpse
1498 1796 1580 1825 etiam
1604 1796 1718 1833 rogabat
1739 1796 1886 1824 Dominum
1908 1795 1935 1824 in
1957 1794 2087 1823 orationi-

1240 1844 1293 1872 bus
1314 1844 1387 1878 suis,
1409 1847 1441 1872 ut
1461 1843 1589 1880 despecta
1602 1844 1623 1860 n
1648 1843 1727 1871 laude
1748 1843 1879 1877 humana,
1895 1842 1943 1871 soli
1960 1842 2015 1870 Deo
2030 1841 2087 1878 pla-

1240 1894 1322 1920 ceret.
1346 1891 1392 1919 Est
1406 1891 1490 1927 igitur
1513 1891 1661 1919 thesaurus
1682 1890 1733 1919 iste
1747 1890 1855 1918 occulte
1870 1889 2038 1923 servandus,
2053 1896 2088 1917 ne

1241 1946 1289 1975 per
1306 1938 1451 1966 vanitatem
1473 1938 1647 1974 arrogantiae
1666 1940 1714 1966 aut
1728 1937 1874 1974 superbiae
1888 1936 2086 1973 surripiatur.

1319 1985 1369 2013 Sed
1399 1988 1526 2013 movetur
1554 1984 1679 2021 quaestio
1706 1984 1740 2013 de
1769 1984 1832 2018 hoc,
1862 1983 1927 2020 quia
1954 1983 2088 2012 Dominus

1240 2031 1306 2060 dicit
1326 2032 1352 2060 in
1376 2031 1522 2068 Evangelio
1538 2030 1576 2059 ¹2:
1600 2031 1647 2060 Sic
1669 2031 1762 2059 luceat
1789 2031 1841 2059 tuac
1869 2034 1966 2059 vestra
1987 2038 2088 2058 coram

1241 2078 1422 2113 hominibus,
1444 2082 1476 2106 ut
1497 2078 1615 2107 videam
1641 2086 1731 2115 opera
1761 2082 1860 2106 vestra
1881 2077 1956 2106 bona
1977 2080 2002 2105 et
2031 2076 2089 2114 ylo—

1242 2125 1355 2162 rificent
1378 2126 1498 2154 Patrem
1529 2129 1675 2159 vestrum,
1706 2125 1758 2163 [μα’
1778 2125 1809 2153 in
1830 2124 1918 2153 caetis
1938 2128 1995 2158 est,·
2022 2131 2088 2161 ergo

1241 2180 1294 2200 non
1314 2175 1423 2208 oportet
1438 2172 1509 2201 bona
1524 2180 1574 2201 sua
1589 2172 1737 2206 occultare,
1753 2171 1799 2200 sed
1815 2171 1917 2200 bonum
1933 2174 1974 2199 est
1989 2178 2088 2207 propa-

1243 2219 1299 2247 lare
1320 2227 1352 2248 ea
1373 2223 1399 2247 et
1421 2219 1575 2248 ostendere.
1591 2236 1628 2239 —
1643 2219 1681 2247 Ad
1695 2219 1769 2255 quod
1791 2219 1871 2247 solvit
1892 2217 2087 2255 Gregoriusffl,

1241 2265 1349 2294 dicens:
1377 2265 1448 2294 «Sic
1469 2274 1540 2302 opus
1561 2265 1596 2294 sit
1618 2266 1643 2293 in
1666 2265 1790 2302 publico,
1812 2267 1950 2302 quatenus
1973 2264 2088 2293 intentio

1241 2316 1349 2341 maneat
1371 2313 1397 2341 in
1420 2313 1528 2342 occulto
1544 2325 1569 2341 ».
1584 2313 1673 2341 Potest
1693 2321 1759 2349 ergo
1781 2321 1851 2349 opus
1865 2312 1924 2341 fieri
1940 2312 1967 2341 in
1982 2314 2087 2349 aperto,

1241 2359 1392 2388 intentione
1413 2360 1565 2394 occultata,
1587 2362 1614 2388 et
1635 2368 1686 2396 pro
1708 2363 1782 2388 tanto
1810 2367 1880 2396 opus
1911 2359 2012 2387 dicitur
2043 2366 2088 2387 oc-

1241 2407 1364 2441 cultum,
1387 2410 1646 2444 quantumcumque
1667 2409 1810 2444 appareat,
1833 2406 1943 2444 quando
1957 2406 1991 2435 de
2005 2413 2089 2443 opere

1242 2454 1287 2482 illo
1309 2454 1336 2482 in
1358 2458 1454 2491 aperto
1475 2454 1546 2483 facto
1568 2454 1616 2483 soli
1640 2454 1695 2483 Deo
1716 2454 1826 2491 placere
1848 2453 1971 2482 intendit.
1994 2453 2088 2487 Scitis,

1242 2501 1308 2538 quid
1323 2504 1385 2530 est?
1402 2502 1473 2530 lnter
1489 2501 1624 2538 perfectos
1639 2504 1728 2538 potest
1743 2501 1826 2530 homo
1841 2500 1985 2530 ostendere
2004 2508 2088 2537 opera

399 2664 407 2676 ¹
426 2665 494 2692 Epist.
515 2665 538 2686 ll.
557 2664 609 2687 Cor.
628 2665 648 2692 li,
666 2665 688 2686 7.

398 2703 406 2715 2
424 2704 491 2726 Yers.
511 2703 530 2726 4.

398 2741 407 2754 ³
425 2744 498 2771 Mone,
517 2742 557 2766 loc.
576 2744 613 2766 cit.
630 2745 723 2772 stropha
743 2744 768 2766 4:
785 2745 852 2767 «Mox
866 2744 940 2767 infans
951 2744 1054 2767 mundus
1065 2757 1096 2760 —
1108 2737 1182 2767 Semel

337 2788 450 2804 mammas
467 2783 526 2805 suxit
543 2795 574 2799 —
592 2783 628 2805 Bis
646 2783 668 2805 in
687 2782 788 2805 Sabbato
805 2796 835 2799 —
853 2784 874 2805 ln
893 2786 975 2812 quarto
992 2786 1061 2812 atque
1073 2796 1101 2799 -
1116 2784 1182 2805 Sexto

336 2821 372 2843 (lie
390 2827 475 2844 vacans
491 2835 521 2838 —
539 2822 725 2844 Abstinentiae».

398 2860 407 2872 ‘¹
424 2861 515 2887 Surius,
534 2862 577 2884 loc.
595 2862 630 2883 cit.
648 2862 661 2890 ζ]
679 2862 700 2883 3.

398 2899 407 2911 ⁶
424 2900 497 2928 Mone,
514 2901 556 2923 loe.
580 2901 616 2922 cit.
640 2902 733 2929 stropha
758 2901 784 2922 5:
805 2910 816 2921 ιι
828 2901 869 2923 Hic
896 2901 985 2923 iuvenis
1002 2914 1031 2917 —
1050 2902 1143 2923 Florens
1160 2901 1183 2923 li-

337 2938 396 2960 mina
415 2952 444 2954 —
462 2940 625 2968 Frequentarit
650 2940 762 2962 Ecclesiae
779 2952 810 2956 —
834 2941 927 2968 Spiritui
953 2953 982 2956 -
999 2940 1089 2968 Corpus
1106 2940 1183 2963 nobile

335 2990 366 2994 --
384 2978 530 3001 Subiiciendo
548 2979 628 3001 sedule
641 2988 661 3001 n.

1304 2664 1313 2678 Β
1331 2666 1395 2687 Vers.
1415 2666 1452 2688 45.

1304 2703 1313 2716 ⁷
1331 2705 1395 2726 Vei-s.
1415 2704 1452 2726 44.

1303 2742 1312 2755 Β
1330 2743 1389 2766 Libr.
1409 2744 1422 2765 l.
1441 2744 1523 2765 Ilomil.
1541 2743 1564 2765 in
1581 2744 1667 2770 Evang.
1685 2742 1762 2765 homil.
1782 2743 1818 2764 ll.
1837 2748 1860 2764 n.
1880 2742 1898 2763 l.

1304 2781 1313 2794 ⁹
1330 2782 1390 2804 Libr.
1409 2783 1422 2804 l.
1440 2783 1522 2805 Homil.
1540 2782 1561 2804 in
1578 2783 1665 2810 Evang.
1683 2782 1762 2804 homil.
1779 2781 1801 2803 7.
1818 2788 1840 2803 n.
1859 2781 1879 2803 4.

1304 2821 1323 2834 ¹⁰
1341 2823 1373 2844 De
1391 2823 1425 2844 liis
1443 2828 1503 2851 quae
1521 2823 1557 2844 hic
1574 2824 1596 2844 et
1613 2822 1633 2844 in
1657 2821 1807 2850 sequenthus
1824 2823 1959 2848 narrantur,
1975 2820 2029 2842 vide
2047 2820 2086 2842 Su·

1241 2862 1300 2884 rium
1319 2862 1356 2884 die.
1374 2862 1386 2883 6
1406 2862 1458 2884 Dec.
1476 2861 1489 2890 ’5
1507 2862 1528 2884 6.

1303 2900 1321 2913 ¹¹
1340 2900 1416 2924 Codex
1434 2907 1476 2929 pro
1494 2900 1601 2930 despecta
1618 2900 1710 2923 videtur
1726 2899 1812 2922 habere
1829 2899 1908 2923 unica.

1302 2939 1320 2952 ¹²
1338 2941 1415 2962 maun⁴
1435 2940 1461 2968 5,
1481 2941 1517 2962 ie.

1303 2978 1322 2992 ¹⁸
1339 2980 1392 3002 Loc.
1409 2986 1480 3008 supra
1497 2982 1549 3002 nota
1568 2980 1589 3001 8.
1607 2979 1643 3002 cit.

2103 702 2212 727 surripientis

2104 1100 2210 1122 Admonitlo.

2234 669 2243 729 i

2104 1428 2124 1447 S.
2135 1428 2220 1450 Nimiam.
2234 1436 2235 1446 t

2105 1993 2197 2018 Quaestio.

2105 2229 2182 2248 Solutio.
