2243 3348
0 604 12 686 i

0 667 13 790 l

0 504 1 509 ¹
8 501 12 514 1

0 515 63 589 &ficii-s
75 549 118 568 ope-

0 567 7 603 }
44 573 77 587 τις.

0 609 5 622 5

20 526 44 544 m,
53 521 76 540 de
85 526 123 539 ma-

38 1502 108 1522 Divisio
111 1516 116 1521 .

17 1648 49 1667 gna
58 1644 118 1662 motus

14 1666 62 1685 etiae
75 1671 119 1690 qua-

7 2025 9 2033 .
7 1982 9 1995 .,
7 1958 9 1971 ,.
5 1818 9 1943 -νψἪ-..ψ-
0 1724 11 1808 ‹am-‚so—

31 1691 78 1709 tuor.

3 2432 9 2464 .’;
41 2438 119 2458 Divisio.

626 152 783 181 DOMlNlCA
806 152 846 181 lX.
868 151 951 180 POST
972 150 1214 180 PENTECOSTEN.
1237 148 1346 178 SERMO
1368 149 1385 177 1.

140 245 153 258 «ι
168 233 233 270 quia
253 241 334 261 mors
354 236 380 261 et
400 232 460 260 vita
482 232 513 260 in
534 240 626 260 mana
648 231 766 268 linquae
780 243 808 264 n,
827 230 978 259 secundum

135 279 256 308 Glossam
272 280 291 307 1.
321 279 346 307 Si
370 279 498 307 nolumus
520 277 694 307 condemnari
716 285 752 306 ex
774 277 865 306 verbis
879 276 981 305 nostris

136 325 167 354 in
187 325 232 354 die
254 325 368 359 iudicii,
390 325 541 353 habeamus
555 324 582 352 in
604 331 652 352 ore
665 326 760 352 nostro
782 323 866 351 verba
880 322 979 356 dulcia,

135 380 188 400 non
210 372 296 405 dura;
319 371 448 405 humilia,
472 379 527 399 non
549 370 683 407 superba;
705 369 903 403 aedificatoria,
925 377 979 397 non

135 419 282 448 criminosa
303 421 330 447 et
350 417 524 447 detractoria.

213 465 305 494 Tertio
326 464 402 492 (lebet
424 465 506 492 homo
527 464 647 492 reddere
667 463 811 491 rationein
832 463 865 491 de
888 462 980 499 pravis

135 511 287 548 maleficiis
306 511 401 548 operis
409 521 419 544 ;
441 511 514 539 unde
534 510 562 538 in
583 510 712 545 Symbolo
727 510 754 537 2:
781 520 794 534 «
810 509 911 537 Omnes
937 516 980 537 re-

135 566 251 595 surgere
272 558 374 586 habent
389 565 451 586 cum
467 556 631 593 corporibus
645 556 703 584 suis
721 560 748 584 et
762 556 896 584 reddituri
915 558 980 584 sunt

135 605 168 634 de
187 605 265 633 sactis
286 604 406 641 propriis
421 603 554 631 rationein
573 613 604 636 »3
627 606 654 630 et
674 602 701 630 in
719 602 803 630 verbo
824 602 980 638 proposito:

141 652 257 681 Vocavit
271 651 353 680 illam
368 654 392 679 et
404 651 446 679 ait
460 650 504 678 illi
511 659 519 678 .·
533 649 611 685 Quill
622 648 673 677 boc
685 648 776 677 audio
787 648 821 676 cle
833 648 875 676 le?
887 648 981 676 Redcle

134 699 277 728 rationem
298 697 486 727 villicationis
510 700 585 725 tuae.
612 708 625 721 «
646 696 734 724 Vocat
754 695 851 728 illam,
871 695 980 731 quando

134 746 261 775 timorem
290 744 389 773 incutit
419 747 547 773 aeternae
574 742 798 776 damnationis»,
828 741 979 770 secundum

134 793 255 821 Glossam
271 792 297 825 ³;
313 794 340 820 et
355 791 399 819 ait
413 791 471 824 illi,
493 790 612 819 dictante
627 788 808 818 conscientia:
833 788 910 823 ,Quia
929 786 980 816 lioc

135 839 226 868 aziclio
247 839 281 867 (le
302 837 346 867 te?
369 838 462 866 Redde
483 836 627 865 rationem
645 835 832 864 villicationis
854 838 931 868 tuae,
954 834 979 862 id

135 889 186 920 est,
201 885 353 914 secundum
375 884 507 917 Glossam,
533 895 547 908 «
562 883 663 920 cogita,
678 882 743 911 dum
764 882 845 916 vivis,
861 881 980 918 qualiter

135 932 235 962 debeas
261 931 386 969 operari,
408 934 440 959 ut
467 930 566 959 evadas
593 937 694 966 poenas
719 932 885 957 aeternas».
915 928 981 956 Iani

135 979 211 1008 enini
237 982 390 1015 «tempore
414 977 538 1006 mortis»
564 985 622 1005 non
647 976 758 1013 poteris
785 975 931 1008 villicare,
953 974 979 1003 id

135 1029 176 1056 est
196 1026 303 1063 operari
325 1025 357 1054 ad
381 1024 610 1054 satisfaciendum.
633 1023 769 1060 Rogemus
790 1026 840 1051 etc.

476 1126 566 1155 Sentio
588 1125 608 1153 11
619 1126 639 1153 4.

206 1221 333 1246 Dominica
353 1220 478 1252 septima5
503 1220 561 1251 post
587 1219 756 1244 Pentecosten.
783 1219 866 1244 Sermo
893 1218 981 1243 fratris

134 1264 324 1290 Bonaventurae
342 1264 367 1288 in
387 1263 515 1289 Oonveutu
534 1262 735 1288 Praedicatorum
755 1262 784 1286 de
803 1261 933 1287 Atrebato.

215 1353 395 1391 Quicumque
417 1352 531 1389 Spiritu
549 1352 599 1380 Dei
619 1355 763 1389 ctyztntar,
787 1350 817 1379 lii
837 1354 906 1379 sunt
926 1350 983 1387 filit

137 1401 203 1435 Dei,
225 1400 258 1429 ad
280 1401 414 1429 Romanos
435 1403 531 1428 octavo
542 1399 562 1427 ⁶.

216 1448 241 1475 ln
264 1447 356 1476 verbis
378 1447 421 1475 his
441 1446 497 1475 duo
517 1450 597 1480 nota,
620 1446 723 1474 scilicet
744 1449 838 1473 motas
865 1444 982 1482 gyratiae

136 1494 305 1531 inspirantis,
322 1494 365 1522 cui
381 1493 626 1530 obtemperandum
644 1501 706 1521 cum
723 1492 882 1525 devotione;
898 1495 982 1520 actas

135 1541 317 1570 dilectionis-⁷
339 1541 534 1578 gratificantis,
556 1541 600 1569 cui
623 1543 664 1569 est
685 1539 891 1577 regratiandum
917 1546 981 1567 cum

136 1589 293 1618 attentione.

214 1635 292 1664 Circa
313 1635 435 1672 primum
457 1638 536 1668 nota,
559 1634 632 1671 quod
654 1634 731 1671 signa
752 1633 892 1670 sequentis
919 1640 982 1669 gra-

136 1681 189 1710 tiae
210 1683 302 1710 motus
323 1684 388 1710 sunt
409 1681 489 1715 haec,
511 1680 613 1709 scilicet
634 1679 818 1708 discretionis
833 1678 982 1716 sapientifi-

1822 147 1877 176 387

1037 236 1084 257 cae
1106 228 1275 262 intellectus3
1298 226 1476 256 Ecclesiastici
1493 226 1610 255 terti0⁸:
1627 226 1698 255 Filii
1710 225 1879 263 sapienciae,

1037 275 1155 303 ecclesia
1176 274 1339 307 iustorum,
1362 278 1386 302 et
1406 273 1486 302 natio
1508 273 1643 307 illoram,
1672 273 1831 301 obediencia
1855 276 1881 301 et

1037 321 1157 350 dilectio.
1179 338 1218 341 —
1241 321 1403 349 Deuotionis
1424 320 1562 357 angelicae
1583 320 1749 354 coelibatus;
1775 320 1807 348 ad
1829 320 1879 349 Ga-

1038 369 1105 397 latas
1126 370 1241 405 quarto:
1265 368 1411 404 Quoniam.
1433 367 1500 396 estis
1520 367 1590 404 filii,
1611 367 1691 395 misit
1719 367 1793 395 Deus
1816 367 1880 404 Spi-

1037 415 1129 443 ritum
1151 414 1223 443 Filii
1242 415 1292 443 sai
1312 414 1343 443 in
1357 414 1448 443 corda
1462 417 1559 442 vestra
1574 414 1764 443 clamantem:
1780 414 1878 448 Abba,

1038 463 1136 490 Pater.
1159 478 1196 482 —
1218 461 1376 498 Reliyionis
1397 469 1491 490 sacrae
1522 465 1651 495 ornatus;
1683 461 1716 489 ad
1750 461 1879 498 Ephesios

1037 509 1149 546 quinto:
1176 509 1210 537 Ut
1230 508 1286 545 fita·
1307 508 1380 537 lucis
1409 508 1563 537 ambulate.
1586 526 1623 529 —
1646 508 1879 537 Conuersationis

1037 555 1165 591 pacificae
1186 555 1343 589 convictus3
1365 555 1399 583 ad
1421 555 1607 592 Philippenses
1629 555 1748 584 secundo
1761 556 1786 583 ⁹:
1810 556 1880 584 Sitis

1037 601 1099 629 sine
1119 601 1235 639 querela
1262 606 1288 630 et
1315 602 1459 638 simplices
1486 601 1541 638 fita·
1564 602 1615 630 Dei
1640 602 1702 630 sine
1730 601 1880 639 reprelien-

1037 647 1116 675 sione
1141 647 1172 675 in
1194 648 1286 676 nicetio
1308 648 1436 676 nationis
1454 657 1568 685 pravae
1593 652 1619 676 et
1644 657 1814 685 perversae,
1837 649 1879 677 in-

1038 696 1080 721 ter
1100 702 1172 731 qzlos
1193 694 1293 722 lucetis
1313 695 1390 722 sicat
1412 694 1577 723 ltmiinaria
1599 695 1630 723 in
1651 696 1768 723 matulo.

1366 796 1456 824 Sentio
1478 795 1509 823 Ill
1522 795 1553 823 ¹⁰.

1107 887 1187 916 nem,
1207 895 1287 912 sermo
1305 887 1393 912 fratris
1411 888 1602 913 Eonaventurae
1620 888 1752 913 Fratribus
1771 889 1883 914 Parisius

1037 931 1063 955 in
1083 930 1212 961 Capitulo,
1232 930 1361 956 Dominica
1380 931 1467 956 octava
1486 931 1543 962 post
1562 931 1732 956 Pentecosten.

1117 1020 1180 1057 Ipse
1201 1020 1277 1049 euim
1293 1020 1423 1057 Spiritus
1445 1021 1640 1049 testimonium
1655 1021 1750 1049 reddit
1763 1021 1885 1058 spiritui

1037 1071 1147 1101 nostro,
1169 1067 1246 1105 qaod
1266 1075 1370 1095 samus
1391 1067 1448 1103 filii
1463 1068 1526 1101 Dei,
1542 1068 1575 1096 ad
1591 1068 1726 1096 Romanos
1743 1071 1839 1096 octavo
1852 1068 1882 1095 ¹¹.

1117 1114 1284 1148 Notandum,
1306 1114 1378 1151 quod
1402 1114 1618 1151 comprobantur
1640 1114 1752 1151 legitimi
1775 1114 1822 1142 filii
1844 1114 1883 1142 illi
1897 1117 2022 1164 ‹fifflffiiffi

1038 1161 1085 1198 qui
1118 1164 1183 1189 sunt
1214 1160 1326 1189 bonesti
1355 1169 1404 1198 per
1436 1161 1631 1190 sanctimoniae
1663 1162 1827 1198 puritatem,
1849 1161 1883 1190 ad
1919 1164 2005 1188 legitimi-

1032 1207 1170 1244 'Ephesios
1191 1208 1288 1245 quinto
1301 1208 1339 1236 ¹2:
1363 1209 1456 1236 Estote
1477 1216 1544 1245 ergyo
1560 1208 1721 1236 imitatores
1738 1208 1789 1236 Dei
1808 1208 1885 1236 sicat

1037 1254 1094 1291 filii·
1114 1255 1273 1283 carissimi.
1296 1255 1467 1283 Fornicatio
1489 1259 1584 1283 autem
1607 1258 1632 1283 et
1653 1255 1747 1283 omnis
1761 1255 1886 1283 imman-

1038 1301 1128 1335 clitia,
1151 1305 1205 1329 aut
1225 1301 1360 1330 avaritia
1381 1310 1431 1330 nec
1452 1302 1618 1330 nominetur
1643 1302 1674 1330 in
1696 1301 1789 1336 vobis,
1810 1302 1886 1330 sicat

1038 1351 1115 1379 (lecet
1134 1353 1258 1377 sanctos.
1281 1366 1318 1369 —
1343 1349 1442 1377 Devoti
1462 1357 1511 1386 per
1534 1349 1667 1378 Ecclesiae
1696 1349 1884 1383 sediilitateni3

1038 1397 1072 1425 ad
1093 1396 1201 1425 Galatas
1222 1398 1338 1433 quarto:
1362 1395 1507 1431 Quoniam
1529 1395 1596 1424 estis
1616 1395 1685 1432 filii,
1708 1396 1789 1424 misit
1812 1396 1886 1424 Dcas

1040 1443 1184 1480 Spiritan'i
1206 1442 1278 1471 Filii
1304 1443 1354 1471 sui
1381 1443 1412 1470 in
1443 1442 1535 1471 corda
1567 1445 1663 1470 uestra
1695 1442 1885 1470 clamantem.-

1039 1490 1139 1524 Abba,
1171 1490 1267 1517 Pater.
1291 1506 1326 1510 —
1351 1489 1475 1526 Pacifici
1505 1497 1554 1526 per
1586 1489 1703 1517 familiae
1735 1489 1884 1522 unitatem;

1040 1536 1165 1565 Matthaei
1189 1536 1301 1573 quinto:
1324 1536 1409 1564 Beati
1427 1534 1561 1573 pacifici,
1590 1536 1730 1573 quoniam.
1757 1536 1813 1572 filii
1834 1536 1887 1564 Dei

1038 1583 1230 1612 vocabantur.
1253 1600 1291 1603 —-
1314 1583 1444 1611 Stacliosi
1465 1590 1512 1619 per
1534 1582 1689 1619 diligentiae
1704 1582 1884 1619 probitatem,

1040 1630 1218 1659 Ecclesiastici
1234 1630 1316 1659 tertio
1329 1630 1368 1657 ¹³:
1388 1629 1460 1658 Filii
1479 1629 1649 1666 sapientiae,
1665 1629 1782 1658 ecclesia
1797 1629 1886 1657 ilisto-

1038 1686 1118 1711 ram,
1140 1680 1165 1705 et
1185 1677 1266 1705 natio
1288 1676 1417 1710 illoram,
1440 1676 1599 1704 obedientia
1620 1679 1644 1704 et
1665 1676 1786 1704 clilectio.

692 1806 849 1835 DOMlNlCA
870 1805 958 1834 NONA
981 1804 1063 1833 POST
1085 1803 1328 1833 PENTECOSTEN.

477 1918 568 1947 Sanno
589 1918 598 1946 I
610 1919 642 1946 ¹⁴².

218 2013 326 2041 Domus
347 2004 412 2040 mea
438 2012 542 2040 [lomus
570 2011 713 2039 orationis
737 2010 908 2044 vocctbitar;
934 2018 982 2039 uos

137 2063 235 2089 autem
255 2058 366 2097 fecistis
394 2059 476 2087 illam
503 2058 672 2095 speluncam
702 2057 868 2091 latronam,
895 2058 982 2086 Lucae

137 2107 242 2136 decimo
262 2115 334 2135 nono
350 2106 381 2134 ¹⁵.

216 2154 349 2182 Dominus
376 2157 482 2187 noster,
511 2160 637 2181 summus
666 2152 789 2189 pontifex
817 2152 982 2180 universalis

137 2201 287 2235 Ecclesiae,
309 2201 404 2230 videns
425 2200 558 2229 hodierna
572 2200 628 2234 die,
644 2199 757 2228 domuin
773 2199 906 2228 orationis
921 2199 980 2227 fieri

136 2247 227 2276 sorum
258 2247 462 2284 negotiationis,
495 2246 613 2284 quodam
642 2246 723 2274 debili
752 2246 860 2283 flagello
888 2245 982 2274 eiectis

137 2294 303 2323 miraculose
317 2293 534 2331 negotiatoribus
548 2293 581 2322 de
603 2293 720 2330 templo,
741 2293 812 2321 dure
830 2292 922 2328 arguit
936 2300 983 2320 eos

137 2341 170 2370 de
191 2341 341 2375 maleficio,
363 2348 425 2370 cum
448 2340 513 2369 dicit
534 2340 561 2368 in
586 2340 671 2369 verbo
693 2340 848 2376 proposito:
873 2340 982 2367 Domus

136 2396 202 2417 mea
229 2388 333 2416 (lomus
361 2387 505 2416 orationis
533 2387 694 2415 vocabitur.
727 2387 755 2415 In
787 2395 842 2424 quo
871 2386 982 2423 quidem

137 2435 222 2464 verbo
237 2435 326 2472 primo
341 2437 453 2463 notatur
468 2434 674 2471 appropriatio
689 2433 814 2462 dominii
821 2444 830 2466 ;
852 2433 982 2467 secundo,

137 2481 255 2511 intentio
275 2481 420 2518 sacrificii
427 2492 437 2515 ;
458 2481 555 2515 tertio,
577 2480 737 2518 increpatio
758 2479 903 2516 maleficii.
926 2480 983 2508 Pri-

1040 1923 1115 1943 mum
1137 1919 1178 1944 est
1206 1915 1320 1943 honoris
1349 1917 1375 1943 et
1404 1914 1639 1951 magnificentiae,
1665 1913 1817 1942 secundum
1845 1917 1886 1942 est

1039 1962 1142 1991 amoris
1163 1965 1190 1990 et
1210 1961 1432 1995 benevolentiae,
1456 1961 1567 1990 tertium
1587 1964 1628 1989 est
1650 1960 1764 1997 pudoris
1785 1963 1811 1989 et
1832 1960 1886 1989 dis-

1040 2009 1192 2046 plicentiae.
1209 2008 1421 2046 Appropriatio
1436 2008 1572 2042 dominii,
1588 2008 1661 2045 quod
1677 2011 1718 2036 est
1733 2008 1845 2036 honoris
1860 2011 1886 2036 et

1040 2056 1273 2093 magnificentiae,
1292 2059 1418 2090 notatur,
1434 2064 1496 2084 cum
1512 2055 1592 2084 dicit:
1616 2056 1726 2084 Domus
1746 2064 1819 2083 nica.
1842 2055 1886 2083 In-

1040 2103 1126 2132 tentio
1146 2102 1305 2139 sacriftcii,
1328 2102 1401 2140 quod
1423 2106 1464 2131 est
1488 2102 1590 2130 amoris
1618 2105 1645 2131 et
1666 2102 1886 2136 benevolentiae,

1040 2145 1168 2185 notatur,
1197 2158 1260 2178 cuin
1283 2150 1391 2178 subdit:
1418 2150 1522 2178 domas
1547 2149 1691 2177 orationis
1717 2149 1886 2182 vocabitar;

1040 2198 1092 2226 ista
1112 2197 1263 2226 intentione
1285 2197 1315 2225 fit
1336 2196 1466 2231 ecclesia,
1488 2199 1520 2225 ut
1544 2196 1685 2225 sacrificiis
1706 2197 1779 2224 Deus
1802 2196 1886 2224 hono—

1041 2247 1119 2273 retur
1140 2244 1168 2272 in
1190 2252 1229 2272 ea.
1254 2243 1418 2280 lnerepatio
1440 2242 1577 2279 maleficii
1590 2246 1617 2271 et
1637 2243 1824 2279 displicentiae
1839 2250 1886 2270 no-

1040 2294 1125 2325 tatur,
1147 2299 1209 2319 cum
1233 2290 1384 2319 subinfert:
1406 2298 1456 2318 vos
1477 2293 1574 2318 autem
1593 2288 1702 2327 fecistis
1724 2289 1805 2318 illam
1826 2297 1886 2326 spe-

1041 2338 1159 2366 luncam
1182 2337 1340 2366 latronam.

1120 2385 1137 2413 1.
1160 2385 1250 2413 Primo
1271 2392 1336 2421 ergo
1352 2384 1379 2412 in
1395 2384 1479 2413 verbo
1495 2383 1635 2420 proposito
1650 2386 1762 2412 notatur
1784 2392 1887 2420 appro-
1904 2382 2026 2430 ‘Jffiin-agg·

1037 2432 1149 2469 priatic
1165 2431 1290 2460 dominii
1296 2453 1305 2465 ,
1328 2439 1391 2459 cum
1407 2431 1486 2459 dicit:
1505 2431 1614 2459 Domus
1632 2438 1704 2458 inea.
1721 2430 1846 2458 Vindicat
1860 2433 1887 2459 et
1923 2430 2007 2448 ‘¹⁰⁰11'1111·

1040 2479 1201 2516 appropriat
1222 2478 1271 2507 sibi
1301 2478 1454 2507 dominium
1483 2478 1617 2506 Dominus
1641 2478 1668 2506 in
1697 2478 1827 2512 ecclesia,
1855 2485 1887 2506 eo

200 2635 208 2648 ¹
227 2636 316 2658 Scilicet
333 2634 510 2658 interlinearem
527 2638 549 2658 et
565 2634 717 2658 ordinariam
734 2636 756 2658 in
774 2636 835 2658 hunc
852 2636 940 2662 locum,
960 2636 982 2658 in

137 2675 212 2703 prima
230 2675 307 2697 Glossa
326 2675 435 2702 allegatur
453 2675 519 2697 Prov.
538 2675 560 2702 8,
578 2675 616 2696 21.

200 2713 209 2726 ²
227 2714 294 2742 Quod
311 2707 476 2740 communiter,
494 2713 535 2736 sed
553 2714 609 2736 salso
627 2713 750 2736 Athanasio
768 2713 935 2736 ascribebatur.

201 2752 209 2765 ¹³
228 2753 288 2775 Haec
305 2755 327 2775 et
338 2753 398 2775 duae
409 2757 533 2781 sequentes
544 2753 637 2775 Glossae
649 2756 702 2775 sunt
714 2752 878 2776 interlineares
888 2753 909 2775 in
923 2754 983 2775 hune

138 2792 223 2814 locum.

201 2829 211 2842 ⁴¹
228 2831 257 2852 Ex
275 2831 292 2852 A
311 2830 346 2852 sol.
368 2830 409 2852 132
427 2836 450 2851 v.

202 2868 211 2882 ⁵
229 2870 293 2891 Nunc
310 2868 381 2891 verba
405 2869 510 2891 thematis
535 2872 659 2891 occurrunt
683 2869 799 2891 Dominica
826 2872 906 2892 octava
932 2872 985 2897 post

139 2909 296 2931 Pentecosten.
313 2920 344 2924 —
361 2907 437 2930 Codex
455 2907 524 2930 habet
540 2907 651 2930 Atrebalo
670 2914 711 2936 pro
730 2907 886 2931 Atrebatibus.

202 2946 211 2959 ὃ
230 2947 293 2969 Vei-s.
315 2946 347 2969 14.

1104 2634 1112 2647 ⁷
1129 2634 1205 2657 Codex
1224 2633 1292 2656 babet
1309 2632 1454 2663 diligentiae.

1103 2671 1112 2684 Β
1129 2673 1195 2695 Vers.
1214 2673 1238 2699 l,
1256 2675 1384 2700 sequuntur
1402 2671 1449 2694 Gal.
1468 2671 1491 2698 t,
1509 2671 1530 2693 6.
1548 2674 1570 2693 et
1587 2671 1644 2698 Epli,
1664 2671 1690 2697 ὅ,
1709 2671 1730 2692 8,

1103 2711 1112 2724 ⁹
1131 2713 1196 2734 Vers.
1215 2712 1252 2734 15.

1103 2750 1123 2763 ¹⁰
1141 2752 1170 2773 Ex
1188 2752 1205 2772 Α
1224 2751 1260 2772 sol.
1283 2750 1323 2772 133
1342 2756 1361 2771 r.
1728 2747 1746 2759 ¹¹
1766 2747 1830 2769 Yers.
1852 2747 1885 2769 16.

1103 2788 1122 2802 ¹²
1140 2790 1205 2811 Vers.
1227 2790 1244 2811 1.
1263 2789 1289 2815 33
1307 2791 1435 2817 sequuntur
1453 2788 1499 2810 Gal.
1519 2787 1544 2814 4,
1562 2788 1584 2809 6.
1601 2790 1623 2809 et
1640 2787 1717 2808 Mattli.
1735 2787 1761 2813 ὅ,
1780 2786 1800 2807 9.

1104 2827 1123 2840 ¹³
1140 2828 1205 2850 Vers.
1227 2828 1245 2849 l.

1104 2866 1123 2879 ¹⁴
1141 2868 1171 2889 Ex
1190 2867 1298 2888 Vaticana
1316 2868 1338 2888 et
1355 2866 1370 2888 C
1383 2866 1399 2887 D
1409 2866 1424 2887 E
1434 2866 1457 2887 F.
1471 2864 1570 2887 [labetur
1583 2865 1650 2886 eliam
1665 2864 1686 2886 in
1699 2864 1749 2886 cod.
1763 2863 1888 2886 Tuder-tino

1040 2914 1062 2930 n.
1082 2907 1134 2929 1104.
1152 2907 1189 2929 sol.
1207 2906 1251 2928 239
1270 2912 1296 2934 r.,
1313 2905 1353 2934 qui
1372 2908 1448 2927 tamen
1466 2904 1488 2926 in
1506 2903 1621 2933 aliquibus
1638 2904 1720 2926 differt.

1104 2945 1124 2958 ¹⁵
1141 2946 1206 2968 vers.
1226 2945 1261 2967 46.
