2243 3348
679 181 711 209 lN
732 181 999 211 RESURRECTIONE
1020 183 1145 213 DOMtNt.
1167 185 1276 214 SERMO
1298 187 1337 214 111.

136 258 191 286 sint
211 257 301 286 utiles.
323 256 398 285 Unde
419 259 493 285 recte
514 256 704 293 significantur
724 265 774 294 per
796 258 977 295 paralyticum

136 303 262 332 Matthaei
285 304 394 332 nono¹:
418 302 580 340 Offerebam
603 304 629 331 ei
652 303 855 341 paralyticum
882 305 978 333 iacen-

136 397 210 431 seth,
231 397 279 433 qui
301 396 408 425 occisus
428 399 469 425 est
490 396 580 424 iacens
594 396 621 423 in
637 396 716 429 lecto,
731 399 758 424 et
771 396 875 424 domus
890 396 977 424 ostia-

136 444 185 472 ria
200 443 368 476 dei-mimice,
383 442 495 471 secundi
510 442 615 479 Regum
630 444 738 478 quarto.
754 442 797 470 Sic
812 442 879 471 tales
897 450 978 478 saepe

15 218 16 236 1

15 244 16 262 l

0 266 16 386 1¹⁴
136 354 190 379 tem
210 351 242 378 in
262 350 339 378 lecto.
361 350 486 378 Timeant
507 349 574 378 tales
594 349 628 378 de
642 350 694 378 hoc
708 349 781 386 quod
796 350 894 387 accidit
908 351 978 379 Isbo-

13 397 15 429 1

13 432 15 445 l

134 493 224 518 morte
244 491 491 526 praeoccupantur,
513 488 618 517 ratione
639 488 665 516 in
688 488 741 517 illis
761 488 915 517 dormiente
929 496 978 525 per

135 583 225 612 cordis
245 585 272 611 et
292 590 424 611 sensuum
446 581 580 610 fenestras
595 581 737 615 claudere,
751 581 918 610 carnalitatis
933 589 978 610 oc-

135 629 256 658 casiones
277 628 478 665 praecavendo,
500 635 534 656 110
555 636 635 656 mors
646 636 701 664 per
714 626 859 664 fenestras
872 628 977 664 aliqua-

135 680 216 705 tenus
237 676 322 704 intret
335 675 362 704 111
377 675 491 703 domum
506 674 612 708 cordis,
629 675 757 703 ieremiae
772 682 852 703 nono.
869 674 897 702 Hi
913 677 978 703 sunt

135 723 206 751 sicut
227 722 323 751 affines
343 721 459 755 diaboli,
481 721 566 749 fortes
586 721 613 749 in
636 721 850 757 posterioribus,
875 721 978 749 debiles

0 548 15 828 ἔ
134 536 336 573 negligentiam,
358 543 421 564 cum
442 535 534 571 potius
555 534 687 563 deberent
708 534 821 571 vigilare
835 538 862 563 et
876 534 977 563 ostium

134 769 161 798 in
183 768 381 802 anterioribus,
400 768 448 796 ubi
470 770 511 796 est
531 775 620 802 crux3
642 767 714 796 sicut
733 767 831 796 iacenti
846 770 976 804 tanquam

135 865 182 891 tur
202 862 329 891 Matthaei
351 861 462 890 non02:
485 861 595 898 Sao-93,
621 860 684 889 tolle
715 860 817 889 lectum
849 864 933 889 tuum
954 864 979 889 et

134 909 208 938 vade
228 909 260 937 in
280 909 399 937 domum
422 911 523 940 tuam;
545 907 758 936 Proverhiorum
779 910 874 936 sexto:
904 907 979 935 Vade

136 955 177 984 ad
196 954 373 992 formicam,
395 963 410 982 ο
429 954 523 991 piper,
545 956 571 981 et
590 953 745 982 considera
771 954 837 981 vias
864 953 927 981 eius
954 958 980 981 et

135 1002 212 1031 disee
232 1001 408 1038 sapientiam
429 1003 480 1029 etc.
518 1001 683 1038 Usquequo,
711 1001 806 1037 piyer,
831 1000 978 1029 dormies?

137 1048 261 1084 Quando
282 1056 440 1085 consurges
460 1056 474 1076 e
494 1055 594 1076 somno
624 1046 694 1076 tuo?
715 1064 754 1067 —
775 1046 890 1075 Secundi
913 1050 979 1075 sunt

135 1095 237 1132 cupidi
256 1098 283 1123 et
304 1095 392 1129 avari,
414 1095 461 1132 qui
483 1094 579 1123 sedent
593 1094 621 1123 in
636 1095 722 1123 humo
743 1094 853 1122 natibus
875 1097 978 1127 terrae,

135 1141 225 1171 cordis
246 1141 435 1170 affectionibus
456 1141 575 1170 terrenis
595 1140 770 1169 adhaerendo
778 1151 785 1175 ;
804 1141 979 1169 Threnorum

135 1188 255 1218 secundo
264 1188 288 1216 ³:
301 1188 441 1217 Sederunt
452 1188 483 1216 in
496 1192 586 1221 terra,
600 1188 801 1216 conticuerunt
811 1196 891 1216 senes
901 1186 980 1224 filiae

136 1235 214 1264 Sion.
238 1235 307 1263 Dicit
327 1243 424 1267 senes,
446 1234 509 1262 licet
529 1237 556 1262 et
571 1234 684 1262 iuvenes
699 1233 777 1262 inulti
793 1233 832 1262 sic
853 1233 979 1267 sedeant,

135 1282 201 1319 quia
220 1281 307 1318 magis
329 1284 425 1318 regnat
447 1281 498 1309 hoc
519 1280 623 1309 malum
645 1280 802 1317 cupiditatis
816 1280 843 1308 in
858 1280 980 1313 senibus,

135 1328 286 1357 secundum
309 1327 375 1356 illud
398 1328 531 1356 Senecae:
553 1327 621 1355 Cum
648 1338 661 1351 «
677 1327 729 1355 alia
751 1327 824 1361 vitia,
846 1327 924 1355 nobis
939 1334 980 1355 se—

135 1374 326 1408 nescentibus,
348 1377 507 1406 senescant,
522 1374 579 1402 sola
593 1374 709 1402 avaritia
723 1381 777 1402 non
793 1373 922 1407 senescit,
937 1373 980 1402 iu-

135 1421 256 1450 venescit
267 1433 293 1449 ».
316 1421 392 1449 Sicut
413 1421 440 1449 in
461 1420 500 1449 eis
515 1428 564 1457 per
578 1423 708 1449 naturam
723 1420 875 1457 refrigescit
889 1420 981 1449 calidi-

136 1471 177 1497 tas
198 1467 363 1504 corporalis,
385 1467 424 1496 sic
445 1467 559 1504 tepescit
580 1467 607 1495 in
637 1467 731 1495 multis
759 1467 910 1504 spiritualis
938 1475 981 1495 ca—

136 1514 193 1548 lor,
216 1514 263 1551 qui
285 1517 326 1542 est
347 1514 455 1542 caritas.
477 1514 529 1542 Hos
550 1516 644 1542 monet
664 1514 825 1542 Psalmus4:
848 1513 981 1550 Sumite,

132 1565 288 1600 postquam
309 1561 455 1594 sederitis,
471 1561 523 1598 qui
535 1561 725 1589 manducatis
735 1569 842 1597 panem
859 1560 981 1594 doloris,

136 1608 211 1645 quod
231 1608 263 1636 fit
284 1615 332 1645 per
355 1615 447 1636 veram
470 1607 637 1644 largitatem,
659 1615 730 1644 quae
745 1607 828 1636 estin
844 1607 982 1636 reddendo

136 1655 208 1684 male
228 1655 322 1683 habita
342 1657 369 1683 et
390 1654 471 1683 etiam
493 1654 521 1682 in
542 1661 596 1682 non
618 1653 762 1682 retinendo
789 1653 932 1690 superflua
956 1656 983 1682 et

0 813 13 988 u
135 816 285 853 paralytico
303 814 443 852 praecepit
464 814 612 848 Dominus,
627 816 659 842 ut
673 817 784 850 surgat;
799 814 872 842 unde
886 814 978 850 sequi-

13 1056 21 1070 0
28 1050 121 1070 secundis.

13 1702 120 1722 ‘Dssffliffss-
137 1702 208 1731 110110
238 1701 421 1738 dispensando
452 1700 574 1737 propria.
598 1716 633 1720 -
655 1700 740 1729 Tertii
761 1703 827 1729 sunt
847 1700 982 1737 superbi,

137 1749 185 1786 qui
206 1751 272 1777 sunt
292 1747 420 1776 cadentes
441 1747 469 1775 in
490 1747 549 1775 luto
570 1749 598 1776 et
619 1747 646 1775 in
667 1747 745 1775 fovea
772 1750 799 1775 et
823 1747 850 1775 in
879 1747 983 1775 vilitate

137 1798 165 1824 et
184 1794 371 1832 profunditate
392 1793 505 1831 peccati.
527 1793 636 1830 Quanto
660 1793 732 1822 enim
761 1793 848 1830 magis
876 1793 984 1822 elevant

138 1850 167 1871 se
188 1841 232 1870 vel
253 1841 413 1870 exaltantur
434 1840 462 1868 in
484 1848 534 1869 sua
554 1840 668 1877 propria
688 1840 885 1874 aestimatione,
909 1842 984 1868 tanto

137 1888 253 1917 inferius
267 1887 369 1916 cadunt
382 1888 473 1916 divina
488 1888 662 1924 repressione
677 1890 704 1916 et
718 1887 873 1921 severitate,
888 1894 983 1916 exem-

137 1936 182 1972 plo
203 1935 245 1964 sui
268 1935 354 1972 patris
374 1935 490 1969 diaboli,
505 1935 567 1972 qui,
589 1938 734 1971 postquam
756 1934 843 1963 dixit:
865 1934 901 1963 In
921 1942 984 1962 cae-

138 1982 199 2011 lum
220 1982 425 2015 conscendam,
446 1990 536 2018 super
557 1984 642 2010 astra
664 1981 717 2010 Dei
730 1981 863 2009 exaltabo
878 1981 984 2009 solium

137 2037 234 2057 meum
255 2032 320 2063 etc.,
349 2028 432 2057 Isaiae
462 2028 568 2057 decimo
599 2031 700 2065 quarto
712 2028 732 2063 ⁵,
757 2028 848 2056 statim
880 2028 985 2056 audivit

138 2076 212 2113 quod
233 2075 376 2112 sequitur:
405 2076 607 2104 Verumtamen
629 2074 838 2112 adinfernum
855 2074 985 2103 detrahe-

138 2122 182 2150 ris
203 2122 235 2150 in
252 2121 440 2159 profundum
462 2121 527 2150 laci.
549 2122 592 2150 Sic
613 2121 647 2150 de
668 2121 796 2158 superbis
823 2121 888 2150 dicit
913 2121 985 2149 Psal—

138 2176 216 2197 mus:
240 2168 373 2197 Deiecisti
392 2176 448 2202 eos,
470 2168 539 2196 dum
563 2168 769 2196 allevarentur.
793 2168 823 2196 Et
838 2168 903 2204 quia
918 2168 986 2196 tales

139 2223 192 2244 non
215 2218 335 2252 surgunt
366 2223 415 2252 per
446 2222 540 2243 veram
572 2215 771 2248 humilitatem,
803 2214 985 2251 conqueritur

139 2261 273 2290 Dominus
295 2269 344 2298 per
366 2261 507 2290 Ieremiam
521 2261 548 2289 ⁶:
570 2260 712 2299 Nunquid
739 2261 791 2298 qui
821 2261 901 2289 eadit
927 2269 986 2288 non

139 2311 285 2345 resuryet,
307 2311 333 2336 et
353 2308 405 2345 qui
424 2316 548 2336 aversus
562 2311 603 2336 est
616 2316 674 2335 non
689 2307 869 2336 revertetur?
887 2308 986 2343 Quare

139 2362 207 2391 erqo
229 2362 352 2382 aversus
373 2357 413 2382 est
430 2354 558 2391 populus
580 2354 632 2382 iste
656 2354 687 2382 in.
714 2354 875 2382 Jerusalem
903 2362 985 2382 aver-

139 2401 219 2429 sione
239 2400 436 2429 eontentiosa?
459 2399 718 2438 Apprehenderunt
748 2400 934 2429 mendacium
961 2404 987 2429 et

139 2447 296 2476 noluerunt
317 2447 430 2475 reverti.
454 2447 570 2476 Econtra
594 2442 689 2476 dicunt
719 2455 782 2475 vere
810 2447 987 2476 humiliantes

141 2501 170 2522 se
184 2502 248 2522 cum
265 2494 384 2523 Psalmo:
401 2494 461 2531 Ipsi
475 2493 595 2531 obliyati
614 2497 683 2522 sunt
700 2497 725 2522 et
739 2493 919 2528 ceciderant,
934 2502 987 2522 nos

141 2544 238 2569 autem
258 2541 446 2569 surreximus
467 2544 492 2569 et
513 2541 599 2569 erecti
627 2549 740 2569 sumus.
772 2541 819 2570 Hic
849 2544 891 2570 est
921 2549 987 2578 ergo

1815 198 1870 225 ⁶277

1034 260 1141 296 primus
1162 265 1249 290 status
1270 270 1365 291 eorum
1387 265 1433 300 qui
1456 266 1558 295 scilicet
1579 275 1628 296 nec
1649 274 1799 307 resurgunt
1822 280 1872 301 nec

1034 313 1182 343 resurgere
1202 315 1231 336 se
1251 309 1412 344 ostendunt,
1433 318 1553 347 quorum
1574 317 1616 342 est
1630 315 1731 350 triplex
1745 317 1872 346 differen-

1035 351 1084 385 tia,
1105 352 1139 380 ad
1160 360 1243 389 quam
1264 361 1359 383 omnes
1379 360 1536 391 peccatores
1557 358 1713 389 huiusmodi
1735 362 1873 392 reducun-

1034 400 1090 431 tur,
1112 399 1264 427 secundum
1286 400 1353 429 illud
1374 402 1478 437 primae
1500 404 1605 434 loannis
1619 407 1753 436 secundo:
1772 409 1873 444 Omne,

1035 444 1112 481 quod
1131 448 1172 472 est
1191 445 1223 473 in
1243 447 1369 480 mundo,
1391 450 1622 486 eoncupiscentia
1636 454 1737 482 earnis
1751 458 1791 483 est
1805 459 1872 490 etc.;

1035 492 1062 518 et
1081 490 1280 527 intelligamuS,
1303 493 1440 528 praedicta
1464 495 1515 524 dici
1538 505 1586 533 per
1607 501 1873 537 appropriationem,

1035 536 1138 565 scilicet
1158 537 1231 573 quod
1255 538 1408 575 voluptuosi
1432 541 1519 570 iacent
1533 547 1583 572 etc.
1599 544 1787 576 Communiter
1801 549 1873 576 enim

1035 582 1188 619 loquend0‚
1210 583 1237 611 in
1259 584 1304 612 illa
1325 587 1439 614 materia
1460 592 1570 624 possent
1590 591 1671 620 simul
1693 594 1846 623 convenire.

1113 629 1256 658 Secundus
1276 635 1318 659 est
1332 634 1420 660 status
1434 641 1529 663 eorum
1545 636 1591 672 qui
1608 637 1736 666 videntur
1750 648 1873 677 surgere,

1035 675 1082 704 sed
1102 683 1157 704 non
1178 681 1313 713 surgunt,
1334 681 1366 706 ut
1386 677 1553 716 hypocritae
1567 685 1593 711 et
1607 683 1792 720 simulatores,
1807 695 1875 723 quo-

1034 729 1098 751 rum
1120 722 1232 751 cuilibet
1252 723 1318 751 dicit
1338 724 1470 754 Dominus
1491 728 1663 765 Apocalypsis
1678 732 1794 760 tertio⁷:
1810 733 1875 761 Seio

1035 777 1124 805 opera
1146 773 1212 802 tua,
1234 769 1305 807 quia
1326 779 1429 799 nomen
1449 771 1549 807 habes,
1564 776 1640 812 quod
1654 777 1746 811 vitias,
1761 782 1784 806 et
1798 788 1875 807 mor-

1036 819 1105 844 tuus
1125 824 1161 843 es.
1184 816 1259 844 Unde
1280 816 1451 853 phantastice
1472 822 1578 848 tantum
1600 826 1730 859 surgunt,
1751 833 1805 853 non
1820 826 1875 854 Deo

1035 866 1179 898 operante,
1202 862 1248 891 sed
1269 862 1377 892 diabolo
1398 864 1553 902 instigante,
1568 868 1645 903 quasi
1666 880 1678 893 «
1692 870 1794 906 magica
1809 879 1876 908 qua-

1035 908 1097 936 dam
1129 911 1188 937 arte
1204 920 1230 942 »,
1259 909 1330 938 sicut
1362 910 1471 939 Samuel
1501 913 1582 948 primi
1614 914 1715 951 Regum
1748 916 1877 953 vigesimo

1035 958 1131 983 octavo
1152 955 1305 984 secundum
1326 956 1495 992 opinionem,
1517 960 1667 988 secundum
1690 961 1810 990 Glossam
1826 964 1878 992 Au-

1035 1001 1147 1037 gustini.
1170 1001 1201 1029 Et
1222 1001 1282 1030 ideo
1303 1010 1353 1031 nec
1375 1011 1440 1032 vere
1461 1005 1608 1034 comedunt
1632 1014 1682 1035 nec
1709 1008 1823 1043 bibunt,
1851 1009 1878 1038 id

1036 1050 1090 1082 est,
1112 1056 1166 1076 non
1187 1048 1352 1077 reficiuntur
1383 1050 1564 1086 spiritualiter
1585 1053 1629 1081 his
1659 1062 1729 1090 quae
1760 1055 1877 1090 faciunt;

1036 1097 1151 1131 propter
1172 1095 1245 1131 quod
1277 1095 1380 1132 optime
1411 1096 1569 1133 figurantur
1589 1107 1639 1135 per
1669 1100 1729 1134 Bel;
1762 1101 1879 1131 Danielis

1036 1141 1142 1169 decimo
1163 1145 1263 1178 quarto
1275 1141 1301 1169 8:
1326 1142 1406 1170 Dixit
1426 1152 1479 1171 rea·
1498 1144 1538 1172 ad
1554 1145 1671 1174 Daniel:
1687 1146 1752 1175 Non
1765 1148 1879 1177 videtur

1037 1187 1090 1216 tibi
1109 1196 1168 1216 0880
1189 1188 1239 1216 Bel
1259 1189 1357 1216 vivens
1381 1189 1478 1218 Deus?
1499 1191 1546 1219 An
1567 1200 1625 1220 non
1651 1193 1746 1227 vides,
1767 1199 1880 1232 quanta

1037 1234 1166 1262 comedat
1187 1238 1213 1262 et
1234 1234 1311 1263 bibat
1332 1236 1480 1272 quotidie?
1503 1238 1537 1265 Et
1551 1238 1594 1266 ait
1610 1239 1711 1267 Daniel
1725 1241 1879 1270 arridens:

1038 1280 1079 1309 Ne
1099 1289 1188 1314 erreS,
1211 1290 1281 1315 rea·;
1303 1282 1355 1310 iste
1375 1283 1451 1311 enim
1472 1283 1648 1313 intrinsecus
1677 1286 1769 1314 luteus
1796 1292 1835 1315 est
1856 1292 1880 1316 et

1037 1326 1203 1364 forinsecus
1217 1336 1322 1356 aereus
1335 1337 1426 1366 neque
1440 1331 1561 1358 eomedit
1575 1331 1743 1369 aliquando.
1759 1334 1879 1370 Expone.

1038 1390 1075 1393 —
1091 1374 1130 1402 Ex
1153 1382 1209 1411 quo
1229 1377 1319 1411 patet,
1341 1375 1415 1412 quod
1431 1384 1480 1404 nec
1495 1385 1558 1405 vere
1573 1378 1741 1407 suscitantur
1756 1388 1805 1409 nec
1819 1388 1881 1409 sur-

1037 1424 1119 1457 gunt,
1141 1421 1207 1457 quia
1222 1428 1287 1449 vera
1301 1422 1432 1450 comestio
1448 1431 1529 1452 verae
1543 1425 1727 1454 suscitationis
1741 1429 1782 1455 est
1795 1430 1883 1456 osten-

1038 1467 1091 1501 sio,
1113 1467 1185 1496 sicut
1205 1467 1271 1496 dicit
1291 1468 1386 1497 Glossa
1406 1477 1491 1506 super
1512 1470 1578 1499 illud
1595 1471 1681 1500 Lucae
1695 1476 1806 1501 octavo:
1821 1474 1883 1501 Jus-

1038 1514 1075 1542 sit
1097 1514 1168 1542 (lari
1184 1515 1368 1543 manducare
1378 1516 1507 1552 puellae,
1522 1517 1624 1546 scilicet
1638 1519 1791 1548 suscitatae.
1807 1520 1882 1549 Unde

1038 1568 1090 1589 nec
1111 1561 1228 1589 Domino
1249 1561 1468 1597 conformantur,
1490 1564 1555 1600 quia
1582 1566 1712 1593 surremit
1740 1566 1882 1595 Dominus

1039 1615 1120 1640 vere,
1142 1607 1230 1636 Lucae
1251 1608 1357 1636 ultimo.
1375 1624 1411 1628 -—
1427 1609 1472 1637 Est
1486 1613 1577 1639 autem
1599 1611 1715 1640 istorum
1736 1613 1791 1641 vita
1812 1613 1883 1642 sicut
1907 1622 1950 1642 vna
1963 1622 2014 1642 deie-

1039 1661 1176 1690 apparens
1196 1656 1303 1683 tantum
1328 1656 1465 1684 surrectio
1492 1656 1650 1686 detestanda
1680 1661 1793 1695 propter
1816 1659 1882 1688 tria:
1899 1646 2016 1692 {ffl'irffiffi

1040 1700 1143 1736 primo,
1159 1704 1272 1738 propter
1287 1701 1398 1730 nimiam
1420 1710 1537 1739 operum
1558 1704 1786 1739 laboriositatem;
1808 1706 1884 1734 deest
1896 1715 1950 1734 naun
1959 1715 2027 1740 prima.

1040 1747 1112 1775 enim
1134 1748 1242 1782 caritas,
1265 1756 1335 1785 quae
1356 1749 1448 1778 omnia
1468 1750 1532 1779 facit
1553 1751 1634 1785 levia,
1656 1755 1687 1780 ut
1707 1752 1772 1781 dicit
1792 1754 1883 1789 Augu-

1041 1794 1167 1823 stinus⁹z
1194 1806 1208 1820 «
1223 1794 1321 1824 Omnia
1341 1804 1422 1825 saeva
1443 1800 1470 1825 et
1491 1797 1620 1826 immania
1650 1806 1764 1835 prorsus
1794 1799 1883 1828 facilia

1041 1843 1068 1869 et
1088 1849 1174 1878 prope
1201 1842 1278 1870 nulla
1308 1842 1391 1871 efficit
1422 1851 1542 1878 amor»;
1574 1848 1686 1882 propter
1717 1846 1790 1883 quod
1818 1846 1884 1875 dici-

1041 1890 1088 1916 tur
1109 1888 1287 1918 Ecclesiastae
1307 1889 1413 1919 decimo
1425 1891 1463 1918 ¹⁰:
1486 1891 1582 1920 Labor
1601 1892 1757 1921 stultorum
1775 1893 1885 1931 affliyet

1042 1942 1087 1962 eos
1109 1938 1176 1969 etc.;
1198 1938 1225 1964 et
1246 1936 1373 1965 Matthaei
1396 1940 1490 1966 sexto:
1515 1938 1588 1966 Cum
1618 1939 1772 1974 ieiunatis,
1799 1940 1885 1968 nolite

1041 1979 1108 2017 fieri
1127 1981 1206 2010 sieut
1226 1980 1394 2019 hypocritae
1416 1984 1530 2017 tristes,-
1544 1986 1737 2014 exterminant
1750 1986 1826 2014 enim
1840 1986 1885 2023 fa-

1042 2028 1098 2056 cies
1118 2036 1201 2062 suas,
1220 2032 1249 2057 ut
1264 2034 1432 2066 appareant
1445 2030 1611 2060 hominibus
1625 2033 1794 2061 ieiunantes.
1810 2033 1885 2061 Unde

1042 2074 1199 2104 Bernardus
1211 2077 1249 2104 ¹¹:
1269 2087 1282 2101 t<
1294 2076 1398 2105 Circuit
1409 2078 1522 2107 sedulus
1533 2079 1692 2115 explorator
1704 2091 1716 2105 »
1728 2090 1734 2114 ;
1747 2080 1885 2117 sequitur:

1048 2133 1061 2146 «
1076 2122 1102 2150 Si
1124 2130 1180 2159 quo
1202 2123 1282 2152 modo
1302 2124 1411 2152 tandem
1433 2125 1581 2161 aliquando
1602 2133 1630 2154 se
1651 2126 1776 2163 ingerere
1804 2130 1886 2163 queat

1043 2168 1070 2197 in
1092 2169 1289 2205 patrimonium
1311 2170 1443 2199 Crucifixi
1466 2175 1492 2200 et
1513 2172 1584 2200 110113
1611 2173 1758 2201 Domini».
1782 2173 1812 2201 Et
1832 2173 1885 2207 ita,

1047 2226 1060 2240 «
1076 2223 1126 2252 age
1146 2224 1236 2250 nunc,
1258 2225 1323 2253 age,
1345 2225 1463 2254 sequere
1483 2218 1581 2247 ducem
1604 2223 1683 2247 tuum
1700 2230 1732 2253 »3
1754 2220 1885 2256 paulatim

1043 2262 1186 2297 ascendes,
1202 2263 1249 2292 sed
1263 2271 1317 2292 non
1333 2264 1464 2300 paulatim
1486 2265 1648 2300 descendes;
1664 2265 1794 2294 videbam
1810 2266 1884 2294 enim

1042 2313 1182 2337 satanam
1196 2309 1272 2338 sicut
1286 2309 1391 2347 fulqur
1406 2312 1439 2340 de
1453 2312 1530 2340 caelo
1545 2312 1698 2340 cadentem.
1713 2329 1748 2333 —
1761 2312 1884 2341 Secundo

1043 2354 1202 2384 detestanda
1223 2359 1264 2385 est
1285 2360 1398 2393 propter
1421 2358 1620 2386 laboriosorum
1642 2367 1757 2395 operum
1785 2358 1884 2387 sterili-

1044 2404 1142 2436 tatem3
1158 2402 1204 2431 Iob
1218 2402 1324 2432 decimo
1345 2404 1441 2441 quinto
1453 2405 1493 2432 1²:
1515 2405 1703 2442 Conyreyatio
1718 2404 1885 2443 hypocritae

1043 2449 1167 2482 sterilis,
1189 2453 1214 2477 et
1235 2450 1312 2486 iynis
1333 2450 1483 2479 devorabit
1503 2451 1693 2480 tabernacula
1713 2460 1813 2480 eorum
1834 2453 1886 2490 qui

1043 2504 1169 2524 munera
1191 2496 1308 2525 libenter
1329 2498 1485 2534 accipiunt.
1512 2498 1628 2527 Istorum
1660 2499 1731 2527 enim
1763 2499 1885 2536 operatio

1044 2550 1097 2570 non
1122 2542 1207 2570 valuit
1227 2543 1262 2571 ad
1282 2543 1479 2572 beatitudinem
1501 2548 1655 2578 aeternam,
1684 2553 1755 2582 quae
1781 2546 1808 2574 in
1837 2546 1884 2574 Dei

1892 651 1919 670 De
1931 651 2013 670 secundo

1921 676 1977 693 statu.

1901 2321 1994 2341 Secunda.

205 2688 213 2701 ¹
232 2689 296 2711 Vei-s.
315 2690 342 2717 23
359 2689 411 2711 dein
429 2689 551 2717 respicitur
569 2690 592 2711 11.
610 2690 667 2717 Reg.
685 2690 710 2717 4,
728 2691 776 2712 5-7.
793 2693 815 2712 et
832 2691 872 2713 ler.
889 2691 916 2718 9,
933 2691 971 2713 21.

205 2727 214 2739 2
232 2728 298 2750 Vers.
315 2728 341 2755 6;
358 2728 462 2756 sequitur
479 2729 546 2750 Prov.
563 2729 589 2755 6,
607 2729 628 2751 6.
645 2729 667 2751 9.

206 2765 215 2778 ³
233 2766 299 2788 Vers.
318 2767 358 2795 1ος
376 2767 406 2789 de
424 2767 509 2789 Seneca
527 2769 568 2790 cfr.
585 2770 641 2790 tom.
659 2768 704 2790 Vll.
722 2774 776 2796 pag.
794 2768 850 2796 342,
868 2771 921 2791 nota
943 2770 976 2791 11.

206 2804 215 2817 ⁴²
233 2805 315 2827 Psalm.
333 2806 389 2833 ⁴26,
408 2806 430 2828 3.

207 2842 216 2855 ⁵
234 2844 299 2866 Vers.
320 2845 353 2866 13.
372 2845 412 2873 l5;
429 2845 533 2874 sequitur
551 2846 584 2868 Ps.
602 2845 644 2872 72,
663 2846 698 2868 18.

207 2881 216 2894 ⁶
234 2882 287 2910 Cap.
307 2883 332 2911 S,
350 2883 371 2905 4.
389 2889 448 2912 seq.;
465 2885 570 2912 sequitur
587 2885 622 2907 Ps.
643 2885 681 2913 19,
700 2885 721 2907 8.

207 2920 215 2932 ⁷
234 2921 299 2944 Vers.
317 2922 342 2950 1;
360 2922 411 2944 dein
429 2923 550 2950 respicitur
568 2924 583 2945 l.
600 2924 657 2951 Reg.
675 2924 717 2951 28,
733 2923 796 2946 7-15.
815 2927 837 2946 et
853 2925 931 2947 Glossa
950 2930 988 2947 or-

145 2959 239 2982 dinaria
257 2966 283 2982 ex
302 2960 443 2988 Augustino,
460 2962 483 2983 ll.
500 2962 530 2984 ad
548 2962 721 2990 Simplicianum
739 2969 762 2991 q.
782 2963 804 2985 3.
820 2969 842 2985 11.
862 2963 882 2985 l.

1106 2690 1115 2703 Β
1133 2692 1198 2714 Vers.
1217 2691 1238 2713 5.
1255 2698 1333 2720 seqq.;
1350 2695 1478 2720 sequuntur
1496 2693 1550 2714 Luc.
1568 2694 1593 2719 8,
1612 2693 1649 2715 55.
1661 2699 1713 2715 cum
1726 2694 1804 2716 Glossa
1817 2694 1885 2716 inter-

1044 2729 1131 2752 lineari
1150 2730 1212 2758 apud
1233 2731 1347 2758 Lyranum
1372 2732 1420 2759 (csr.
1443 2734 1498 2753 tom.
1519 2731 1563 2753 Vll.
1581 2738 1635 2759 pag.
1652 2732 1711 2759 216,
1730 2736 1781 2754 nota
1800 2732 1845 2760 3.),
1863 2736 1884 2755 et

1043 2769 1097 2791 Luc.
1116 2769 1158 2795 24,
1175 2769 1213 2791 34.

1106 2807 1115 2819 ⁹
1133 2809 1206 2830 Serm.
1222 2808 1260 2829 70.
1279 2808 1342 2836 (alias
1360 2809 1379 2831 9.
1398 2809 1427 2831 de
1445 2808 1528 2831 Verbis
1545 2809 1644 2837 Domini)
1662 2816 1682 2831 c.
1700 2810 1722 2831 3.
1739 2816 1762 2831 n.
1779 2810 1800 2831 3.

1107 2846 1126 2858 ¹⁰
1145 2847 1208 2869 Vers.
1231 2846 1268 2873 15,
1286 2847 1389 2875 sequitur
1406 2848 1481 2869 Mattn.
1500 2848 1526 2874 6,
1544 2848 1579 2869 16.

1108 2884 1125 2897 ¹¹
1143 2885 1221 2907 Potius
1237 2885 1372 2912 Gausridus,
1384 2886 1506 2907 Declamat.
1521 2886 1586 2914 (inter
1598 2892 1667 2913 opera
1685 2886 1802 2915 Bernardi)
1815 2893 1834 2909 c.
1848 2887 1885 2909 13.

1044 2930 1066 2945 11.
1088 2923 1120 2945 l4.
1139 2927 1160 2945 et
1177 2929 1197 2945 c.
1215 2924 1251 2945 2¹.
1269 2930 1290 2945 n.
1309 2924 1345 2946 ⁴25.
1364 2936 1394 2940 —
1411 2924 1518 2952 Sequitur
1537 2925 1589 2946 Luc.
1609 2925 1650 2952 10,
1672 2926 1706 2946 18.

1108 2961 1127 2974 ¹²
1145 2962 1210 2984 Vcrs.
1228 2962 1270 2990 34,
1288 2966 1415 2991 sequuntur
1432 2969 1452 2985 0.
1471 2963 1511 2991 13,
1530 2963 1567 2985 16.
1583 2966 1605 2986 et
1623 2964 1697 2986 lllattli.
1715 2965 1758 2991 23,
1775 2964 1795 2986 5.
