2243 3348
226 723 298 764 ⁰⁰8¹ss
307 727 335 741 ra-

266 747 291 764 ix.

264 1143 309 1162 Pars
322 1143 335 1161 1.

208 1166 284 1185 Radicis
299 1168 337 1185 tres

208 1190 339 1214 proprietates.

238 1704 283 1723 Tres
296 1703 340 1722 effe-

211 1729 251 1746 etus
269 1727 338 1746 radicis

211 1751 307 1775 mysticae.

351 171 386 199 5⁹2

352 248 404 276 ibi:
426 248 457 276 in
478 256 543 276 eum
567 251 662 285 gyentes
692 246 859 284 sperabunt.
891 246 958 274 l-laec
990 245 1043 273 tria
1069 244 1194 273 similiter

350 295 471 324 declarat
501 294 603 323 clarius
640 293 674 322 ad
711 293 803 321 Titum
842 292 963 321 secundo
982 291 1007 319 ¹:
1046 290 1193 328 Apparuit

349 342 450 379 qratia
474 341 524 370 Dei
545 340 709 369 Salvatoris
733 339 829 368 nostri
859 338 992 367 omnibus
1018 337 1194 370 bominibus,

350 388 441 426 quoad
463 388 601 424 primum;
623 386 759 415 erudiens
788 394 856 419 nos,
881 389 923 419 ut,
946 385 1120 422 abneyantes
1141 384 1194 412 ini-

347 436 483 473 pz‘etatem
503 437 528 463 ct
548 434 718 462 saecularia
739 433 896 466 desideria,
917 432 1012 460 sobrie
1032 435 1056 459 et
1077 431 1150 460 iuste
1171 434 1196 459 et

348 483 395 520 pie
418 482 552 510 uiuamus
574 481 604 509 in
627 479 678 509 boc
698 479 824 513 saeculo,
846 479 936 516 quoad
958 478 1126 511 secundum;
1148 486 1195 506 em-

351 532 510 566 spectantes
532 527 645 556 beatam
666 535 745 564 spem
766 529 790 554 et
822 526 978 554 adventum
998 525 1111 562 qloriae
1132 533 1192 553 nta-

349 576 402 613 9ni
424 576 475 604 Dei
495 578 520 603 et
542 574 706 603 Salvatoris
736 573 832 601 nostri
863 573 927 601 lesu
961 572 1083 606 Christi,
1105 571 1196 608 quoad

352 622 474 651 tertium.

429 670 568 705 Quantum
595 668 628 696 ad
661 667 777 704 primam
810 670 914 703 partem
947 666 1017 695 scire
1048 666 1196 698 debemus,

352 716 439 753 quod,
454 716 526 744 sicut
540 715 645 751 duplex
667 717 708 743 est
730 713 821 750 regio,
844 713 947 741 scilicet
968 712 1092 741 caelestis
1113 715 1140 740 et
1160 711 1197 739 in-

352 762 473 796 fernalis,
496 762 534 790 sic
555 761 660 798 duplex
682 764 723 789 cst
748 768 835 797 genus
862 759 985 787 radicum
1007 762 1034 787 et
1056 758 1198 795 plantatio-

352 817 418 838 num
441 809 467 837 in
492 809 542 837 hoc
565 808 683 841 mund0;
706 807 778 835 unde
809 806 911 834 dicitnr
943 805 1070 833 Matthaei
1092 804 1198 833 decimo

353 856 450 893 quinto
462 856 485 883 2:
510 855 611 883 Omnis
630 854 785 891 plantatio,
801 861 890 891 quant
906 861 964 880 non
976 852 1123 888 plantavit
1139 852 1198 879 Pa-

353 907 394 931 ter
425 911 506 930 meas
538 901 676 935 caelestis,
708 900 919 929 eradicabitur.
943 899 1098 928 Secundum
1132 906 1198 935 ergo

353 950 426 986 quod
447 952 489 978 est
509 949 614 985 duplex
633 948 788 984 plantatio,
805 955 860 975 una
875 946 978 975 scilicet
992 945 1130 978 caelestis,
1145 945 1198 973 alia

353 996 503 1029 infernalis,
525 995 563 1023 sic
584 994 689 1031 duplex
711 997 752 1022 est
773 993 881 1027 radix,
903 1001 958 1021 una
973 992 1075 1021 scilicet
1098 992 1199 1029 planta-

353 1044 434 1072 tionis
455 1043 580 1075 caebcae,
595 1042 647 1070 alia
664 1041 837 1078 plantationis
858 1041 1007 1077 gehennae.

432 1090 449 1117 l.
472 1089 558 1118 Radix
576 1097 639 1117 vcro
662 1088 836 1125 plantationis
858 1087 973 1116 caelicae
988 1089 1027 1115 est
1044 1086 1126 1114 Filius
1142 1085 1200 1114 Vir-

354 1137 432 1174 ginis,
448 1137 494 1173 qui
511 1136 621 1173 quidem
638 1136 729 1164 radix
751 1136 795 1164 bic
817 1134 917 1163 dicitur
940 1136 1053 1170 propter
1069 1137 1125 1161 tres
1141 1141 1200 1169 pro-

354 1184 483 1221 prietates
504 1183 601 1211 radicis
617 1182 772 1211 materialis.
797 1181 881 1210 Radix
897 1181 970 1209 enim
992 1180 1074 1208 habet
1089 1179 1200 1216 asperi-

354 1234 440 1259 tatem
464 1231 489 1258 in
512 1233 602 1262 tactu,
625 1229 669 1257 cui
691 1231 838 1257 attestatur
861 1228 885 1256 in
908 1227 1018 1256 Christo
1037 1226 1201 1263 passibilitas

354 1278 460 1308 carnis:
486 1277 566 1305 isaiae
581 1276 811 1313 quinquagesimo
826 1275 908 1303 tertio
920 1274 946 1301 ³:
964 1274 1103 1302 Ascendet
1124 1273 1201 1301 sicut

353 1324 515 1361 rviryultanz
530 1332 629 1351 coram
646 1331 676 1351 eo
690 1326 714 1350 et
728 1322 805 1350 sicut
820 1321 909 1349 radiae
925 1321 958 1348 cle
979 1324 1060 1348 terra
1081 1320 1199 1352 sitienti,

356 1380 411 1399 non
426 1374 465 1399 est
480 1370 506 1398 ei
519 1370 626 1407 species
640 1377 728 1407 ¹neque
743 1369 827 1396 decor
839 1371 890 1396 etc.
906 1385 945 1387 —
962 1366 1200 1403 Profunditatent

354 1418 380 1446 in
397 1418 460 1450 situ,
476 1417 518 1445 cui
541 1419 687 1444 attestatur
703 1416 728 1443 in
744 1415 853 1443 Christo
870 1414 1010 1442 humilitas
1026 1412 1139 1446 mentis;
1156 1412 1200 1441 lob

354 1465 486 1501 vigesimo
507 1472 579 1491 nono
591 1464 616 1490 ¹:
635 1462 731 1491 Radix
748 1470 811 1489 mea
825 1464 928 1498 aperta
943 1464 982 1489 est
997 1468 1079 1488 secus
1094 1468 1200 1497 aquas,

355 1511 496 1539 humilitas
518 1510 590 1538 enim
612 1510 644 1537 ad
667 1517 695 1537 sc
718 1508 802 1536 trabit
835 1509 981 1536 humorem
1003 1506 1107 1543 gratiae
1129 1507 1200 1535 sicut

354 1558 443 1586 radix.
467 1574 502 1577 -
527 1556 742 1584 Fecamlitateni
767 1555 792 1583 in
816 1555 919 1588 fructu,
941 1555 984 1583 cui
1002 1556 1149 1582 attestatur
1173 1553 1199 1581 in

354 1605 463 1633 Christo
485 1604 574 1632 virtus
596 1603 765 1635 Divinitatis;
788 1603 821 1630 ad
851 1603 986 1630 Romanos
1016 1601 1199 1630 undecimo⁵:

356 1651 389 1680 Si
409 1652 500 1680 radix
521 1654 636 1683 sancta,
658 1654 683 1678 et
704 1650 802 1682 raum·
824 1650 912 1677 Lucae
929 1649 1032 1685 primo:
1050 1648 1133 1684 Quod
1148 1656 1200 1676 na-

356 1701 451 1726 scetur
466 1706 500 1725 ea:
517 1702 540 1725 te
556 1698 706 1729 Sanctum,
724 1695 874 1724 vocabitur
892 1695 987 1723 Filius
1005 1695 1062 1723 Dei.
1079 1711 1116 1715 —
1133 1694 1201 1722 Haec

356 1753 422 1774 vero
444 1745 523 1773 radix
554 1744 729 1780 plantationis
756 1743 872 1771 caelicae
893 1743 1012 1779 pullulat
1033 1743 1202 1771 incessanter

357 1791 540 1821 charismata
562 1790 731 1827 spiritualia3
756 1790 837 1818 isaiae
860 1789 1043 1818 undecimoG:
1068 1788 1203 1826 Egredie-

358 1843 406 1867 tur
428 1839 514 1875 virga
536 1838 569 1866 de
601 1837 701 1865 radice
734 1837 816 1870 lesse,
839 1840 864 1864 et
884 1836 938 1873 flos
959 1836 992 1864 de
1018 1836 1119 1864 radice
1139 1835 1203 1864 eius·

357 1885 497 1914 ascendet.
523 1885 556 1913 Et
577 1884 732 1921 requiescet
746 1892 835 1920 super
856 1892 921 1911 euni
936 1883 1060 1919 spiritus
1078 1882 1201 1910 Domini.

359 1949 393 1952 —
416 1932 543 1960 Lumina
564 1931 747 1967 sapientialia;
771 1930 851 1959 radix
873 1930 944 1958 enini
968 1930 1057 1958 omnis
1071 1929 1202 1966 cognitio-

358 1979 400 2008 nis
421 1979 447 2007 in
470 1979 513 2006 via
534 1981 575 2006 est
596 1978 717 2005 Verbum
741 1977 932 2010 incarnatum,
962 1980 988 2005 ct
1011 1976 1092 2005 radix
1113 1976 1203 2005 omnis

359 2025 520 2062 cognitionis
552 2025 578 2052 in
608 2024 697 2061 patria
728 2026 769 2052 est
800 2023 922 2052 Verbum
945 2023 1115 2055 increatum;
1140 2022 1203 2050 Eze-

358 2073 453 2101 chielis
467 2072 572 2100 decimo
588 2071 703 2107 septimo
715 2071 741 2098 ⁷:
760 2070 865 2108 Aquila
880 2070 1006 2107 grandis
1021 2077 1201 2107 maenarum

358 2119 478 2147 alarum
493 2122 544 2147 etc.
567 2118 646 2146 Venit
661 2118 701 2145 ad
716 2117 859 2145 Libanum
872 2121 896 2145 et
908 2117 974 2145 tulit
989 2116 1145 2145 medullam
1162 2124 1203 2143 cc-

358 2166 416 2194 dri.
433 2166 467 2194 Et
483 2165 548 2193 tulit
563 2165 596 2193 dc
609 2165 716 2192 semine
732 2168 827 2192 terrae
841 2168 867 2192 et
879 2164 977 2201 posuit
991 2164 1063 2192 illud
1078 2163 1108 2191 in
1123 2167 1204 2191 terra

356 2222 413 2249 pro
434 2213 558 2245 semine,
580 2216 613 2239 ut
626 2211 761 2247 firmaret
775 2211 905 2239 radicem
921 2219 1009 2247 super
1024 2219 1119 2248 aquas
1133 2209 1205 2238 mul-

359 2264 404 2288 tas
412 2270 421 2292 ;
442 2260 474 2287 in
494 2258 648 2296 superficie
666 2258 765 2294 posuit
786 2257 876 2291 illud,
899 2266 1020 2295 cunique
1040 2256 1204 2294 yernzinas-

358 2311 415 2340 set,
438 2306 527 2334 crevit
548 2306 579 2334 in
599 2306 715 2334 vineam
737 2304 869 2333 latiorem
890 2303 996 2332 bamili
1015 2307 1144 2337 statura,
1160 2312 1204 2331 re-

359 2352 546 2390 spicientibus
567 2352 662 2380 rantis
683 2352 745 2380 eius
761 2351 801 2379 ad
814 2359 888 2385 eain,
904 2354 929 2378 et
943 2351 1059 2379 radices
1073 2350 1136 2378 eius·
1150 2349 1204 2378 sub

360 2400 410 2428 illa
431 2403 523 2428 erant.
546 2415 582 2419 —
607 2399 753 2427 Emercitia
776 2398 930 2431 iustitialia;
955 2397 1132 2425 Ecclesiastici
1165 2396 1205 2424 vi-

360 2447 465 2484 gesimo
479 2449 579 2483 quarto
591 2446 601 2462 ⁸
613 2457 618 2473 τ
636 2446 671 2474 Et
684 2445 822 2473 radicavi
836 2445 867 2472 in
880 2444 986 2481 populo
1002 2443 1203 2479 honorificato,

360 2497 386 2521 et
406 2493 437 2521 in
456 2496 541 2529 parte
566 2492 616 2520 Dei
637 2492 693 2520 inei
714 2490 857 2519 hereditas
873 2490 963 2524 illius,
985 2494 1011 2518 et
1031 2490 1062 2518 in
1080 2490 1204 2527 plenitu-

362 2539 427 2567 dine
450 2540 626 2568 Sanctorum
648 2538 768 2566 detentio
789 2546 861 2565 inea.
886 2537 980 2573 Quasi
1000 2537 1105 2565 cedrus
1125 2536 1204 2564 cacal-

1012 166 1184 196 SERMONES
1207 166 1248 194 DE
1271 166 1434 195 TEMPORE.

1252 247 1315 272 tata
1325 243 1435 272 samin
1448 243 1558 272 Libano
1569 247 1620 272 etc.
1638 244 1672 272 In
1686 243 1779 272 electis
1794 244 1864 273 meis
1879 244 1959 272 mitte
1974 245 2097 273 radices.

1253 290 1302 319 Ubi
1325 290 1402 326 ponit
1422 290 1556 326 sapientia
1577 298 1626 318 sex
1648 290 1776 324 arbores,
1799 298 1848 327 per
1869 298 1939 327 quas
1961 290 2097 327 significa-

1253 340 1299 365 tnr
1320 336 1483 365 exercitatio
1514 336 1666 370 virtutum,
1699 336 1801 365 scilicet
1832 336 1963 371 cedrum,
1985 344 2096 374 cypres-

1253 391 1330 417 sum,
1353 383 1488 419 palmam,
1511 390 1618 416 rosam,
1640 383 1739 411 olivam
1762 386 1789 412 et
1811 383 1961 420 platanum.
1984 384 2096 412 Exerci-

1253 432 1329 458 tatur
1350 430 1421 458 enim
1445 429 1536 458 iustus
1557 429 1583 457 in
1606 429 1760 458 actionibus
1792 430 1922 458 virtuosis
1942 430 2033 466 quoad
2056 430 2097 459 lu-

1255 476 1329 504 mina
1351 476 1428 508 fidei,
1450 476 1540 513 quoad
1570 476 1667 504 solatia
1697 476 1834 510 caritatis,
1866 476 1956 513 quoad
1979 477 2098 505 toleran-

1253 523 1318 551 tiam
1340 522 1529 556 adversitatis,
1552 522 1641 559 quoad
1671 522 1942 551 condescendendam
1976 522 2098 559 pietatis,

1253 569 1343 606 quoad
1365 569 1582 598 aedificationem
1605 568 1738 597 Ecclesiae
1754 568 1918 597 universalis
1931 569 1950 597 ⁰.

1333 616 1360 643 ll.
1377 616 1428 644 Sed
1445 615 1508 644 huic
1521 615 1604 644 radici
1618 617 1645 643 et
1661 614 1725 643 huic
1741 615 1900 651 plantationi
1921 615 2037 644 caelicae
2051 615 2098 644 ad·
2116 615 2160 634 ΡΜ
2172 615 2193 635 “’

1254 665 1381 691 versatur
1398 662 1477 690 radix
1494 661 1668 698 plantationis
1683 661 1824 690 infernalis
1838 665 1865 690 et
1887 661 1947 690 cius
1967 661 2099 698 plantatio
2116 662 2204 705 Raffiign

1253 709 1423 746 gehennalis,
1439 717 1510 745 quae
1521 708 1633 745 quidem
1648 716 1702 736 non
1717 712 1759 737 est
1774 708 1900 741 essentia,
1913 708 1958 737 sed
1971 715 2052 736 casus
2065 707 2100 736 ab

1255 756 1315 789 illa;
1337 755 1488 784 secundum
1504 755 1571 783 illud
1587 755 1683 783 Psalmi
1697 755 1733 782 ¹⁰:
1753 754 1855 782 Evellct
1869 754 1999 783 radicem
2015 759 2099 782 tuam

1254 803 1287 831 de
1309 806 1389 830 terra
1410 802 1578 830 viventium.
1591 802 1663 830 Hanc
1678 801 1828 830 eradicabit
1847 801 1989 835 Dominus,
2004 809 2102 830 secun-

1254 849 1320 878 dum
1334 849 1401 877 illud
1417 849 1542 877 Matthaei
1560 848 1655 877 tertio:
1673 849 1737 876 lain
1752 848 1826 876 enim
1839 849 1952 876 securis
1966 848 2006 877 aa
2020 848 2101 877 racli-

1255 905 1312 924 cem
1329 896 1472 925 arborum
1485 896 1582 933 posita
1597 899 1654 929 est;
1668 895 1780 924 securis
1795 899 1836 924 est
1850 895 1942 924 divina
1956 895 2100 924 iustitia¹¹.

2209 649 2214 676 i

2205 668 2219 694 l:-

1256 944 1307 972 lsta
1321 947 1413 972 autem
1437 943 1516 971 radix
1539 942 1714 979 plantationis
1736 942 1833 971 inferni
1850 945 1891 971 est
1912 942 2028 979 triplex,
2050 942 2102 971 sci·
2119 942 2151 961 ¹³⁸2
2163 940 2215 967 “¹1³¹“

1256 991 1318 1019 licet
1333 990 1524 1027 infructuosa
1538 997 1587 1026 per
1602 989 1851 1026 concupiscentiam
1871 989 2032 1022 oculorium
2056 988 2101 1017 lob

1257 1037 1398 1073 trigesimo
1412 1037 1450 1064 ¹2:
1467 1037 1565 1065 Radia·
1582 1036 1787 1073 lantper-oram
1809 1039 1872 1064 erat
1887 1035 1969 1064 cibus
1983 1043 2102 1071 eorum,-

1255 1084 1338 1112 arbor
1360 1083 1491 1120 iuniperi
1504 1086 1545 1111 est
1559 1090 1657 1119 aspera
1672 1086 1698 1111 et
1713 1082 1831 1119 spinosa,
1847 1082 1894 1111 sed
1910 1081 2029 1111 radicem
2053 1082 2101 1110 ha-

1257 1131 1302 1159 bet
1323 1130 1448 1163 mollem,
1470 1130 1535 1167 quia
1556 1129 1630 1158 avari
1653 1132 1787 1166 appetunt
1809 1129 1901 1166 spinas
1929 1128 2099 1157 divitiarum.

1258 1194 1293 1197 —
1317 1179 1433 1206 Amara
1448 1185 1498 1213 per
1513 1176 1761 1213 concupiscentiam
1784 1176 1890 1210 carnis3
1912 1175 1944 1204 ad
1967 1175 2103 1204 Hebraeos

1257 1224 1419 1252 duodecimo
1434 1224 1471 1251 ¹⁸:
1495 1223 1536 1251 Ne
1557 1231 1616 1261 qua
1638 1223 1729 1251 radix
1744 1222 1960 1251 anzaritudinis
1980 1230 2102 1251 sursum

1255 1271 1427 1308 germinans
1442 1270 1592 1307 impediat,
1607 1273 1633 1298 et
1644 1278 1698 1306 per
1710 1269 1790 1298 illam
1803 1269 1994 1307 inquinentur
2008 1269 2101 1298 multi.

1257 1318 1327 1346 Haec
1348 1320 1390 1346 est
1410 1325 1482 1354 quae
1503 1317 1671 1354 inyreditur
1693 1316 1812 1350 blande,
1828 1316 1990 1345 novissima
2005 1320 2104 1345 autem

1256 1364 1336 1392 illius
1358 1372 1467 1392 cinara
1488 1363 1576 1401 quasi
1606 1362 1795 1391 absinthium.
1824 1380 1863 1383 —
1889 1363 2033 1391 Venenata
2055 1370 2104 1399 per

1257 1411 1414 1447 superbiam
1437 1411 1520 1443 vitae3
1543 1410 1626 1438 Isaiae
1646 1410 1753 1438 decimo
1768 1413 1868 1447 quarto
1880 1410 1919 1438 ¹4:
1944 1410 1983 1438 De
2003 1409 2105 1438 radice

1256 1458 1331 1486 enini
1353 1457 1467 1485 colubri
1486 1457 1650 1494 eyredietur
1671 1457 1805 1494 reyulus,
1821 1456 1846 1485 id
1862 1460 1903 1485 est
1924 1464 2003 1485 error
2019 1457 2105 1486 schis-

1257 1505 1375 1533 maticus
1397 1504 1437 1533 vel
1461 1504 1632 1537 haereticus,
1662 1504 1708 1540 qui
1735 1506 1828 1532 ortum
1852 1503 1954 1532 habent
1974 1512 1990 1531 a
2011 1511 2106 1540 super-

1257 1552 1301 1580 bia
1323 1552 1402 1580 vitae.
1428 1568 1466 1570 —
1495 1552 1533 1580 De
1555 1552 1605 1580 hac
1627 1551 1726 1587 triplici
1750 1551 1841 1580 radice
1864 1550 1987 1579 infernali
2004 1551 2105 1580 dicitur

1258 1598 1406 1627 Ezechielis
1427 1598 1533 1627 decimo
1555 1598 1685 1627 sexto¹⁵z
1709 1597 1807 1626 Radia:
1829 1601 1881 1626 tua
1913 1600 1937 1625 et
1957 1597 2106 1634 yeneratio

1258 1648 1310 1673 tua
1338 1645 1372 1673 ae
1403 1649 1485 1673 terra
1508 1643 1666 1677 Chanaan,
1689 1644 1716 1672 id
1743 1646 1785 1673 est
1814 1643 2020 1681 negotiationis,
2053 1644 2105 1672 boc

1258 1695 1299 1720 est
1320 1692 1451 1725 avaritia,
1471 1695 1555 1729 pater
1578 1695 1647 1720 tuas
1669 1690 1890 1724 Amori-liaeus,
1914 1691 1966 1720 boc
1987 1693 2029 1719 est
2049 1690 2107 1719 dia-

1259 1739 1339 1767 bolus
1362 1746 1409 1775 per
1441 1738 1600 1775 superbiam
1622 1738 1706 1771 vitae,
1729 1741 1753 1766 et
1774 1741 1868 1766 mater
1890 1741 1943 1766 tua
1970 1736 2106 1771 Cetliaea‚

1259 1786 1310 1814 hoc
1332 1789 1373 1814 est
1396 1785 1618 1822 concupiscentia
1639 1785 1738 1813 carnis.
1762 1785 1830 1813 Haec
1852 1787 1944 1813 autem
1969 1784 2049 1813 radix
2069 1784 2107 1812 in-

1259 1833 1371 1861 fernalis
1400 1832 1577 1869 plantationis
1609 1832 1728 1868 pullulat
1759 1834 1870 1868 peccata
1901 1831 2049 1868 culparum
2078 1834 2105 1859 et

1260 1879 1428 1908 calamitates
1450 1879 1625 1907 miseriarum
1648 1878 1674 1906 in
1697 1878 1834 1915 praesenti
1856 1881 1884 1906 et
1905 1877 2030 1906 incendia
2047 1885 2108 1914 poe-

1260 1934 1360 1954 narum
1382 1926 1614 1962 sempiternarum
1637 1925 1663 1953 in
1686 1925 1790 1953 futuro.

1588 2027 1680 2055 Sanno
1701 2026 1733 2054 Vl
1747 2027 1777 2053 ¹⁶.

1331 2122 1409 2150 Item,
1430 2128 1509 2146 sermo
1522 2120 1610 2145 fratris
1622 2120 1813 2145 Bonaventurae
1827 2120 1939 2145 Parisius
1951 2126 2033 2145 coram
2047 2119 2108 2144 Uni-

1261 2165 1381 2190 versitate
1401 2164 1507 2189 secunda
1526 2163 1654 2188 Dominica
1673 2163 1702 2188 de
1720 2163 1837 2187 Adventu
1858 2162 1981 2194 prolatus.

1342 2255 1546 2291 Quaecumque
1560 2253 1673 2289 scripta
1694 2256 1778 2286 sunt,
1801 2252 1841 2280 acl
1855 2255 1988 2280 nostram
2003 2250 2108 2280 doctri-

1262 2310 1332 2330 nam
1352 2301 1466 2338 scripta
1486 2304 1572 2334 sunt,
1594 2300 1628 2328 ad
1650 2300 1785 2328 Romanos
1806 2299 1911 2328 decimo
1932 2298 2029 2335 quinto
2045 2297 2076 2326 ¹⁷.

1342 2349 1392 2377 Pro
1413 2351 1539 2384 tempore
1561 2347 1612 2375 isto
1633 2347 1768 2375 adventus
1790 2346 1894 2383 gratiae
1917 2345 2065 2374 Salvatoris
2080 2344 2107 2373 in

1263 2396 1354 2425 verbis
1376 2396 1419 2424 his
1440 2395 1495 2423 duo
1516 2395 1580 2423 facit
1594 2394 1754 2431 Apostolus:
1770 2394 1860 2422 innuit
1881 2400 2023 2422 sacrarum
2039 2391 2108 2421 Seri-

1262 2447 1410 2480 pturarum
1431 2442 1465 2471 de
1485 2441 1585 2470 Christi
1608 2441 1744 2474 adventu,
1768 2441 1823 2469 vita
1838 2444 1864 2469 et
1886 2443 1975 2468 morte
1998 2439 2109 2476 loquen-

1262 2489 1330 2517 tium
1345 2487 1625 2525 multiformitatem,
1641 2496 1704 2516 cum
1719 2487 1800 2516 dicit:
1818 2487 2022 2524 Quaecumque
2035 2485 2108 2514 scri-

1259 2540 1311 2573 pta
1328 2539 1412 2568 mann
1428 2535 1522 2563 Glossa
1534 2535 1573 2562 ¹⁸:
1594 2547 1606 2559 «
1620 2535 1658 2563 De
1673 2534 1820 2563 Christo».
1837 2533 1961 2562 Secundo
1977 2532 2109 2569 exprimit

422 2691 429 2703 ¹
449 2692 516 2714 Vei-s.
538 2692 571 2713 ll.
590 2698 654 2720 seqq.
674 2690 748 2713 Verba
767 2690 828 2713 Haec
846 2689 917 2712 tric...
931 2689 1010 2719 quoad
1022 2689 1119 2712 tertium
1131 2692 1205 2711 sumta

360 2734 413 2753 sunt
429 2737 455 2753 ex
475 2731 497 2752 Β.
1058 2727 1066 2740 ²
1084 2729 1150 2751 Vers.
1170 2729 1206 2750 13.

423 2768 432 2781 ⁵
452 2771 516 2792 Vcrs.
534 2771 556 2792 2.
1058 2767 1067 2779 ⁴
1088 2769 1152 2790 Vers.
1172 2768 1206 2789 ¹19.

423 2808 432 2821 ⁵
451 2810 516 2831 Vers.
539 2810 576 2836 163
594 2808 697 2837 sequitur
715 2809 768 2830 Luc.
788 2808 808 2835 l,
827 2808 864 2829 35.
1002 2806 1011 2819 Β
1029 2807 1094 2829 Vers.
1116 2807 1136 2829 i.
1157 2812 1206 2835 seq.

424 2848 432 2860 ⁷
451 2849 516 2871 Vers.
535 2849 555 2870 3.
573 2854 638 2877 seqq.
911 2846 920 2858 ³
940 2847 1004 2869 Vers.
1025 2846 1060 2868 lss.
1080 2846 1151 2868 ν17-’19
1170 2846 1206 2867 13.

425 2887 434 2900 ⁹
451 2889 590 2910 Resernntnr
608 2894 653 2909 non
670 2893 716 2914 sex,
742 2887 782 2909 sed
801 2889 887 2909 tantum
914 2886 1017 2915 quinque
1038 2885 1143 2908 exercitia
1163 2885 1205 2906 vir-

362 2930 444 2950 tutum.
463 2928 566 2949 Fortasse
584 2926 668 2949 excidit
684 2925 790 2955 suspiria
807 2924 857 2955 spei
873 2928 925 2953 post
942 2924 1002 2955 fidei.

425 2965 443 2978 ¹⁰
462 2967 543 2988 Psalm.
562 2966 598 2993 52,
616 2966 641 2994 73
662 2965 765 2994 seqnitur
783 2965 859 2987 Matth.
877 2965 898 2991 3,
918 2964 953 2986 10.

1328 2688 1345 2701 ¹¹
1365 2688 1440 2710 Verba
1459 2687 1549 2711 securis
1567 2691 1610 2709 etc.
1627 2687 1753 2709 sumsimus
1770 2692 1796 2708 ex
1814 2686 1838 2708 Β.

1327 2726 1346 2739 ¹²
1364 2728 1430 2749 vers.
1444 2727 1468 2754 [ις
1484 2726 1555 2749 verba
1567 2725 1641 2749 arbor
1653 2724 1778 2755 iuniperi...
1790 2724 1871 2754 spinas
1884 2723 2022 2747 divitiarum
2033 2725 2108 2745 sumta

1265 2770 1316 2789 sunt
1335 2773 1360 2789 ex
1378 2767 1403 2788 B.

1328 2805 1346 2817 ¹³
1365 2805 1430 2827 Vers.
1452 2805 1488 2832 ¹53
1506 2805 1611 2833 sequitur
1629 2804 1695 2826 prov.
1714 2804 1750 2830 23,
1769 2803 1806 2825 31.
1819 2805 1841 2825 et
1858 2803 1879 2829 5,
1898 2801 1918 2824 4.

1328 2843 1346 2856 ¹¹
1365 2844 1431 2866 Vers.
1451 2844 1487 2866 29.
1963 2840 1982 2855 ¹⁵
2002 2840 2068 2862 Veis
2088 2840 2110 2862 3.

1327 2882 1346 2895 ¹⁶
1364 2884 1393 2905 Ex
1411 2883 1490 2905 codice
1507 2884 1524 2905 Α
1543 2883 1579 2905 sol.
1597 2883 1627 2904 30
1645 2889 1668 2904 v.
1966 2879 1985 2892 ¹⁷
2004 2880 2070 2901 Vers.
2088 2878 2109 2901 4.

1327 2920 1345 2933 ¹¹³
1364 2921 1527 2944 interlinearis
1544 2922 1566 2943 in
1584 2923 1645 2944 hunc
1668 2921 1755 2943 locum:
1783 2929 1793 2940 ιι
1807 2920 1838 2942 De
1861 2919 1962 2946 Christo,
1980 2919 2046 2941 cuius
2063 2918 2109 2940 vita

1264 2962 1324 2984 vitae
1342 2964 1433 2983 nostrae
1451 2964 1472 2983 et
1490 2967 1581 2983 morum
1599 2964 1633 2982 est
1650 2960 1769 2988 disciplina
1783 2968 1805 2981 n.

2127 2485 2205 2505 Divisio.
