2243 3348
4 1378 7 1389 κ
12 1391 105 1416 tepetitio.

1 1424 4 1434 l

5 1536 24 1551 ¹⁴0
36 1533 102 1556 requie

2 1571 7 1583 v.
12 1556 88 1575 sabbati.

0 2048 104 2069 rotandum.

772 186 917 214 SABBATO
939 187 1073 216 SANCTO.
1096 188 1205 217 SERMO
1227 191 1244 217 Ι.

130 264 303 301 impositione
318 263 383 300 ligni
399 266 463 292 sunt
477 262 645 291 dulcoratae.
662 279 700 283 -—
714 262 844 291 Similiter
858 270 894 291 ex
909 271 974 291 con-

129 310 293 339 sideratione
314 309 405 338 crucis
426 309 527 338 Christi
548 308 637 337 omnis
664 308 819 337 amaritudo
845 309 974 337 tentatio-

129 357 175 385 nis
192 359 200 373 ¹
222 357 342 385 sedatur.
365 356 441 385 Unde
463 355 634 384 Bernardus:
656 355 681 383 Si
710 354 884 383 attendamus
912 363 974 384 ver-

128 404 195 433 bum
217 404 330 437 bonum,
352 403 428 431 nullo
449 402 530 431 modo
550 402 735 439 gravabimus.
752 402 851 435 Bonus,
867 401 973 438 inquit,

128 451 205 480 miles
220 458 291 487 quae
312 458 362 479 sua
379 452 444 478 sunt
458 458 512 478 non
527 449 618 483 sentit,
634 449 700 477 dum
716 448 825 485 benigni
847 448 926 477 ducis
940 449 973 477 si-

127 505 181 534 gna
195 497 327 525 intuetur.
339 512 377 516 —
388 496 503 532 Quidam
517 495 667 532 Religiosus
679 494 757 523 valde
772 494 822 523 fuit
838 497 971 529 tentatus;

106 543 256 580 -apparuit
277 543 299 572 ei
322 543 455 571 Dominus
476 545 503 571 et
523 542 641 571 ostendit
662 543 685 571 ei
710 542 782 570 latus
802 550 884 570 suum
900 542 920 576 2,
945 545 972 571 et

127 598 163 619 ex
186 593 252 619 tunc
272 590 414 619 dulcorem
436 593 463 618 et
484 589 672 618 fortitudinem
695 588 814 625 accepit,
836 589 873 617 ita
897 589 971 625 quod

127 645 270 673 nunquam
286 640 379 673 postea
394 636 446 665 fuit
462 636 586 665 lassatus.
602 635 746 673 Apostolus
761 636 788 663 ⁸:
809 635 971 673 Reeoyitate

126 692 191 712 eum
217 683 269 721 qui
295 683 380 712 talem
406 683 548 711 sustinuit
567 691 587 711 a
606 682 807 719 peccatoribus
828 682 972 710 adversus

125 730 308 767 semetipsum
330 729 605 762 contradictionem,
627 733 660 757 ut
680 737 715 757 ne
729 727 896 766 faliyemini
909 729 971 757 ani-

126 777 182 805 mis
203 777 306 805 vestris
326 776 495 812 deficientes.

205 823 297 851 Tertio
317 826 358 851 est
373 830 445 851 crux
461 823 560 851 Christi
577 822 756 851 consolatrix
774 822 971 859 afflictorum;

126 870 199 898 unde
221 870 248 898 in
271 869 364 898 Exodo
379 870 391 886 4
421 869 532 903 dicitur,
558 869 632 906 quod
661 870 766 906 Moyses
793 869 886 906 virga,
915 877 971 906 qua

125 916 263 954 percussit
291 924 383 950 mare,
412 916 549 953 percussit
578 919 702 953 petram,
734 918 762 944 et
792 923 902 953 egressa
930 919 971 944 est

124 971 204 1000 aqua.
227 963 280 991 Nos
294 971 347 991 non
371 970 517 999 possumus
532 962 650 991 educere
664 970 763 999 aquam
784 963 969 999 lacrymarum

124 1009 175 1038 nisi
205 1017 254 1046 per
283 1009 413 1038 virtutem
440 1009 540 1038 crucis.
563 1009 719 1038 Secundum
748 1009 943 1046 philosophum
959 1009 969 1026 ⁵

1813 201 1868 228 267

1032 264 1099 301 lapis
1119 265 1312 296 adamantinus
1340 269 1472 305 sanguine
1497 270 1565 299 hirci
1596 271 1738 308 frangitur.
1761 290 1796 296 —
1819 276 1870 304 Sed
1886 283 2000 307 lmprobatur

1030 311 1141 346 quidam
1164 312 1266 340 habent
1287 321 1334 341 cor
1349 314 1386 341 ita
1400 315 1518 349 durum,
1534 317 1607 352 quod
1621 318 1701 346 etiam
1716 320 1749 347 ad
1768 328 1869 350 memo·
1886 311 1918 324 ω’
1930 307 2002 326 'mmm'

1031 357 1098 384 riam
1121 358 1213 386 crucis
1232 366 1287 386 non
1310 360 1440 394 mollitur,
1456 369 1518 389 cum
1535 365 1639 397 tamen,
1654 364 1763 393 Christo
1778 374 1869 402 passo,

1026 407 1128 439 petrae
1147 405 1255 433 scissae
1275 410 1353 439 sunt,
1368 410 1394 434 et
1407 413 1593 437 monumenta
1606 414 1675 438 sunt
1689 416 1793 447 aperta
1807 413 1826 440 Β.
1842 414 1870 442 ln

1030 449 1100 477 libro
1122 449 1307 479 Numerorum
1328 452 1438 487 dicitur,
1460 454 1532 490 quod
1548 455 1666 491 Moyses,
1688 465 1750 486 cum
1773 467 1870 495 percu-

1030 498 1100 524 teret
1121 499 1244 532 petram,
1267 498 1356 533 prima
1377 499 1435 527 vice
1456 508 1509 529 non
1531 502 1617 530 exivit
1638 511 1723 540 aqua;
1746 505 1870 534 similiter

1029 550 1084 570 non
1112 543 1233 571 secunda
1262 544 1335 578 vice,
1364 545 1429 581 quia
1456 546 1591 576 dubitavit
1615 549 1648 578 de
1677 550 1779 580 virtute
1806 552 1869 586 Dei;

1030 588 1111 617 tertia
1133 589 1190 618 vice
1212 590 1310 618 eduxit
1329 599 1438 628 aquam.
1461 593 1589 623 Similiter
1611 596 1688 624 multi
1711 601 1775 626 sunt
1796 599 1870 627 inde-

1030 635 1101 669 voti,
1123 636 1170 672 qui
1192 644 1246 664 non
1268 638 1458 666 exaudiuntur
1480 640 1568 675 prima
1589 642 1647 670 vice
1675 651 1725 671 nec
1752 645 1871 673 secunda

1030 682 1089 710 vice
1110 685 1224 719 propter
1245 683 1382 712 defectum
1405 684 1481 719 fidei;
1507 687 1553 715 sed
1585 689 1633 724 qui
1662 690 1780 719 clamant
1806 699 1869 719 cum

1029 728 1194 757 confidentia
1214 732 1241 758 et
1261 730 1405 759 devotione
1436 732 1526 761 cordis
1553 735 1741 764 exaudiuntur
1766 737 1793 765 in
1823 738 1870 766 tri-

1029 775 1169 804 bulatione
1190 779 1216 804 et
1231 776 1377 806 afflictione
1392 781 1419 806 et
1434 779 1570 815 recipiunt
1584 782 1804 811 consolationem.
1819 784 1872 812 De-

1028 821 1126 851 bemus
1147 822 1232 859 igitur
1254 823 1373 852 clamare
1394 824 1427 852 ad
1442 825 1589 854 Dominum
1610 835 1673 855 cum
1695 829 1784 857 cordis
1798 838 1871 858 com-

1028 869 1177 905 punctione
1198 872 1225 898 et
1245 870 1345 898 mentis
1365 870 1522 906 devotione,
1544 876 1571 901 et
1593 874 1756 910 recipiemus
1777 884 1871 904 conso-

1028 915 1166 944 lationem.
1190 916 1264 945 Unde
1288 916 1322 945 de
1350 917 1460 946 Christo
1486 918 1558 947 dixit
1586 921 1729 956 Apostolus
1744 921 1770 949 ⁷:
1800 922 1871 951 Cum

1028 962 1155 991 clamore
1175 963 1272 992 valido
1294 967 1319 992 et
1339 964 1480 1002 lacrymis
1498 964 1634 1003 offerens,
1655 968 1812 996 exctuditus
1833 973 1872 997 est

1024 1018 1082 1046 pro
1103 1018 1160 1038 sua
1181 1011 1350 1039 reverentia.
1376 1011 1542 1048 Rogabimus
1566 1020 1631 1050 ergo
1653 1014 1798 1043 Dominum
1821 1019 1871 1044 ete.

846 1135 991 1164 SABBATO
1012 1136 1147 1165 SANCTO.

472 1247 563 1275 Susino
585 1246 593 1274 1
605 1246 624 1274 ⁸.

211 1340 301 1369 Venite
322 1340 362 1368 acl
383 1349 427 1368 me
447 1343 498 1369 etc.
515 1340 656 1374 Dicebam,
672 1340 746 1377 quod
761 1341 787 1368 in
805 1341 896 1369 verbis
912 1340 971 1369 istis

123 1387 275 1416 invitamur
296 1386 329 1415 ad
351 1394 464 1416 coenam
488 1395 537 1423 pro
556 1395 635 1415 sacro
649 1387 693 1416 die
707 1387 792 1421 lovis,
808 1387 841 1415 ad
858 1394 969 1416 crucem

123 1443 174 1471 pro
195 1442 274 1463 sacro
294 1434 338 1463 die
360 1434 489 1468 Veneris;
512 1434 592 1463 modo
613 1434 764 1463 invitamur
785 1434 819 1463 ad
845 1434 969 1471 requiem

123 1489 173 1518 pro
194 1481 237 1510 die
258 1481 310 1510 isto
331 1481 446 1510 sabbati.
470 1481 543 1509 istud
565 1483 657 1509 autem
680 1481 825 1509 sabbatum
847 1484 888 1509 est
909 1481 970 1509 sab-

122 1528 217 1557 batum
240 1528 426 1557 sabbatorum.
447 1528 585 1565 Quidquid
605 1528 677 1557 enim
694 1536 710 1556 a
725 1528 860 1565 principio
875 1528 970 1556 mundi

123 1575 227 1604 dictum
250 1578 291 1604 est
311 1575 345 1604 de
366 1575 550 1604 celebratione
571 1575 693 1609 sabbati,
714 1574 819 1604 dictum
840 1577 881 1604 est
907 1582 970 1611 pro-

122 1626 184 1659 pter
206 1622 339 1659 requiem.
357 1622 418 1651 Post
438 1622 703 1650 consummationem
718 1622 840 1650 omnium
863 1622 971 1659 requie-

122 1669 162 1698 vit
185 1669 327 1698 Dominus
348 1669 394 1697 (lie
414 1669 542 1706 septimo.
560 1669 684 1706 Propter
699 1668 751 1697 lioc
772 1669 911 1697 laetatum
930 1672 971 1697 est

122 1724 172 1745 cor
185 1724 292 1750 meum,
307 1719 331 1744 et
345 1715 502 1744 exsultavit
516 1716 619 1753 linqua
633 1724 698 1744 mea
709 1715 720 1732 ⁹
734 1718 785 1744 etc.
802 1716 836 1744 ln
849 1724 922 1753 pace
939 1716 970 1744 in

122 1763 252 1800 idipsum
272 1763 421 1792 dormiam
442 1767 466 1791 et
486 1763 677 1801 requiescam,
699 1763 839 1801 quoniam
855 1767 897 1797 tu,
915 1763 969 1791 Do-

122 1810 211 1845 mine,
232 1810 426 1847 sinyulariter
446 1810 478 1838 in
498 1818 547 1847 spe
568 1810 744 1838 constituisti
763 1819 807 1839 me
825 1813 876 1839 etc.
894 1810 969 1846 Quo-

123 1857 205 1886 niam
219 1865 278 1885 non
292 1857 471 1895 derelinques
485 1856 618 1885 animam
632 1865 728 1885 meam
743 1857 774 1885 in
788 1855 905 1894 inferno
917 1859 968 1889 etc,

122 1904 236 1941 Propter
258 1904 467 1933 similitudinem
488 1904 567 1932 istius
588 1904 692 1941 requiei
715 1904 817 1932 dicitur
833 1904 859 1932 in
876 1903 970 1932 condi-

122 1951 196 1980 tione
210 1959 315 1985 rerum,
330 1951 405 1988 quod
419 1951 558 1989 requievit
581 1951 723 1979 Dominus
738 1951 784 1979 die
797 1951 917 1988 septimo
931 1951 968 1984 ¹⁰;

122 1998 182 2027 ideo
204 1997 345 2027 benecliecit
366 1997 425 2026 diei
443 1998 563 2034 septimo
594 2002 619 2026 et
649 1998 845 2035 sanctificavit
876 1998 968 2026 illum.

122 2046 295 2082 Quamquam
318 2053 415 2074 verum
437 2045 481 2079 sit,
503 2045 575 2082 quod
599 2053 648 2074 sex
670 2045 767 2074 diebus
782 2049 913 2082 operatus
928 2048 969 2073 est

122 2093 256 2121 Dominus
278 2095 305 2121 et
329 2092 374 2120 (lie
404 2092 524 2129 septimo
556 2093 711 2130 requievit,
743 2093 845 2121 veriori
877 2095 969 2121 tamen

121 2139 202 2168 modo
223 2140 306 2168 habet
327 2139 471 2168 veritatem
493 2139 520 2167 in
542 2139 674 2176 operibus
696 2140 888 2173 recreationis,
903 2139 969 2176 quia

121 2195 171 2224 per
193 2194 243 2215 sex
265 2187 353 2215 lustra
374 2189 530 2223 temporum
553 2190 684 2222 operatus
711 2190 752 2215 est
780 2186 915 2215 Dominus
942 2189 969 2215 et

121 2233 238 2270 septimo
256 2233 407 2270 requievit;
423 2233 488 2270 quia
502 2241 516 2261 a
533 2233 667 2270 principio
682 2233 878 2262 incarnationis
893 2233 969 2261 Chri-

122 2284 181 2309 stus
200 2289 315 2317 pauper
336 2280 389 2309 fuit
410 2283 435 2308 et
456 2280 487 2309 in
509 2280 659 2308 laboribus
681 2289 700 2308 a
728 2281 874 2309 iuuentute
893 2289 967 2315 sua,

122 2327 168 2356 sed
190 2327 331 2364 potissime
352 2326 404 2355 fuit
425 2327 451 2355 in
475 2327 616 2355 laboribus
637 2335 687 2364 per
708 2327 766 2356 dies
787 2330 850 2356 ante
865 2328 968 2364 passio-

121 2381 197 2408 nem,
219 2374 329 2410 quando
350 2381 379 2402 se
400 2374 530 2410 exposuit
552 2374 668 2410 passioni
691 2378 718 2402 et
740 2374 814 2402 venit
830 2374 855 2402 in
872 2374 969 2402 Betha-

121 2421 203 2449 niam.
226 2421 346 2457 Septimo
367 2421 411 2449 die
432 2421 537 2457 positus
558 2424 599 2449 est
620 2421 647 2449 in
669 2421 797 2457 sepulcro
818 2424 845 2450 et
860 2421 968 2458 requie-

123 2467 168 2495 vit.
191 2467 273 2496 Hodie
295 2467 451 2496 beatissima
472 2468 563 2496 anima
577 2468 678 2496 Christi
692 2468 769 2501 fecit,
784 2468 858 2504 quod
873 2475 969 2496 omnes

121 2514 228 2542 animae
249 2518 359 2542 sanctae
380 2522 473 2543 secum
496 2514 550 2542 sint
572 2514 598 2542 in
621 2517 701 2551 pastu
723 2518 851 2543 aeternae
870 2515 968 2543 iucun-

121 2561 213 2589 ditatis
233 2564 260 2589 et
282 2561 377 2598 requie
398 2561 494 2590 beatae
516 2561 636 2590 visionis.
663 2561 699 2589 Ad
731 2561 811 2589 istam
843 2561 967 2598 requiem

1028 1247 1188 1281 invitamur,
1209 1251 1236 1276 et
1256 1252 1374 1285 oportet,
1396 1248 1469 1285 quod
1491 1249 1663 1278 inveniamus
1684 1258 1743 1279 eam
1765 1251 1792 1279 in
1808 1252 1870 1280 vita.

1027 1294 1123 1323 Omnis
1144 1294 1222 1323 labor
1243 1298 1284 1324 est
1305 1299 1419 1332 propter
1441 1297 1582 1333 requiem,
1604 1300 1631 1325 et
1661 1298 1750 1326 omnis
1781 1302 1872 1328 motus

1027 1344 1142 1377 propter
1163 1341 1293 1378 quietem.

1106 1388 1231 1424 Quatuor
1253 1391 1345 1418 autem
1368 1393 1448 1424 sunt,
1471 1398 1520 1427 per
1541 1398 1613 1427 quae
1635 1391 1716 1420 homo
1738 1392 1811 1421 venit
1838 1392 1872 1420 ad

1027 1434 1107 1463 istam
1130 1435 1271 1472 requiem:
1293 1436 1399 1473 primo,
1428 1444 1477 1473 per
1498 1438 1667 1466 emercitium
1696 1438 1872 1475 operationis

1028 1482 1182 1516 virtuosae;
1198 1482 1329 1517 secundo,
1344 1491 1393 1519 per
1406 1483 1548 1520 [semitam
1562 1485 1791 1521 compunctionis
1802 1493 1872 1513 ama-

1028 1536 1091 1562 rae;
1122 1529 1220 1563 tertio,
1254 1537 1302 1566 per
1333 1530 1424 1558 otium
1460 1531 1708 1567 contemplationis
1742 1531 1870 1565 devotae;

1027 1579 1141 1612 quarto,
1156 1584 1206 1613 per
1219 1576 1357 1605 bravium
1371 1577 1574 1606 retributionis
1588 1581 1723 1606 aeternae.
1742 1578 1767 1606 ln
1783 1578 1872 1615 primo

1027 1623 1138 1660 requies
1159 1623 1316 1658 inchoatur,
1338 1623 1365 1652 in
1397 1624 1519 1652 secundo
1550 1624 1703 1661 proficitur,
1732 1625 1758 1653 in
1792 1625 1872 1653 tertio

1027 1670 1171 1706 perficitur
1192 1673 1219 1699 et
1240 1671 1267 1698 in
1289 1673 1390 1707 quarto
1411 1674 1603 1708 perpetuatur.

1106 1717 1123 1745 I.
1145 1717 1249 1752 Primo,
1264 1717 1338 1751 dico,
1355 1717 1516 1754 pervenitur
1538 1718 1571 1746 ad
1590 1718 1713 1755 requiem
1729 1726 1777 1755 per
1792 1727 1871 1746 emer-
1884 1722 1952 1764 {33¹2}ssss
1959 1723 2014 1770 {221-

1027 1764 1129 1792 citium
1150 1764 1329 1800 operationis
1343 1764 1511 1797 virtuosam
1526 1764 1599 1793 unde
1613 1765 1641 1793 in
1656 1765 1749 1793 Exodo
1761 1766 1800 1792 ¹¹:
1816 1765 1871 1793 Sex
1905 1769 1989 1788 rationis·

1026 1810 1127 1839 diebus
1148 1810 1333 1847 operaberis;
1361 1811 1481 1848 septimo
1513 1815 1609 1840 autem
1641 1812 1686 1840 (lie
1716 1812 1871 1840 sabbatum

1028 1857 1146 1886 Domini
1169 1858 1220 1886 Dei
1241 1857 1286 1886 tui
1306 1861 1354 1886 est.
1378 1875 1414 1877 —
1437 1858 1492 1886 Sex
1514 1858 1613 1886 diebus
1641 1858 1823 1895 operaberis,
1845 1858 1870 1887 id

1026 1908 1067 1934 est
1099 1913 1149 1934 sex
1180 1905 1312 1942 operibus
1343 1905 1500 1940 virtutum;
1532 1906 1566 1934 de
1597 1906 1699 1943 quibus
1731 1906 1870 1935 Psalmus:

1027 1952 1164 1985 Domine,
1186 1952 1252 1990 quis
1283 1951 1426 1980 habitabit
1458 1952 1489 1981 in
1521 1952 1708 1981 tabernaculo
1740 1957 1788 1981 tuo
1819 1956 1870 1981 etc.

1028 1999 1086 2035 Qui
1106 1999 1272 2037 ingreditur
1292 1999 1355 2027 sinc
1376 1999 1496 2027 macula
1517 2003 1543 2027 et
1563 2003 1702 2036 operatur
1717 1999 1869 2027 iustitiam.

1028 2046 1086 2082 Qui
1106 2044 1235 2084 loqititur
1256 2046 1406 2075 veritatem
1427 2046 1459 2074 in
1480 2047 1565 2075 eorde
1585 2055 1652 2081 suo,
1674 2047 1725 2084 qui
1744 2055 1802 2075 non
1816 2046 1873 2083 eyit

1026 2092 1125 2121 dolum
1146 2093 1177 2121 in
1200 2093 1303 2130 linqua
1324 2102 1395 2128 sua,
1417 2102 1468 2122 nce
1488 2093 1557 2130 fecit
1574 2093 1712 2130 proximo
1733 2102 1786 2121 suo
1808 2100 1871 2120 ma-

1026 2139 1087 2168 lum
1108 2143 1159 2169 etc.
1187 2141 1234 2168 Ac!
1264 2140 1390 2169 nihilum
1422 2142 1562 2170 deductus
1593 2144 1633 2169 est
1661 2141 1692 2168 in
1720 2143 1870 2177 conspeetu

1025 2187 1089 2215 eius
1108 2187 1268 2224 maliynus.
1290 2205 1329 2208 —
1351 2189 1426 2216 Ponit
1449 2188 1493 2216 hic
1515 2196 1564 2217 sex
1579 2196 1663 2224 opera
1679 2188 1826 2220 virtutum,
1843 2187 1869 2214 in

1025 2234 1128 2271 quibus
1149 2234 1241 2263 anima
1262 2238 1356 2263 sancta
1377 2243 1405 2264 se
1426 2235 1507 2264 debet
1528 2242 1661 2263 exercere
1675 2234 1707 2262 ad
1724 2234 1868 2266 iustitiam,

1026 2280 1129 2309 scilicet
1143 2281 1196 2309 sub
1211 2281 1299 2309 forma
1312 2281 1487 2315 sanctitatis,
1500 2281 1552 2309 sub
1566 2281 1654 2309 forma
1668 2280 1805 2313 iustitiae,
1817 2280 1869 2308 sub

1025 2327 1113 2356 forma
1127 2328 1276 2361 veritatis;
1291 2331 1318 2357 et
1333 2328 1384 2356 hoc
1400 2328 1501 2364 tangit,
1523 2336 1585 2356 eum
1601 2327 1680 2356 dicit:
1698 2327 1755 2362 Qui
1775 2327 1869 2363 inpre-

1025 2374 1107 2402 (titur
1122 2377 1172 2403 etc.
1191 2374 1242 2403 [sta
1256 2378 1321 2403 sunt
1342 2374 1375 2402 ad
1391 2374 1593 2411 purificandum
1616 2374 1753 2402 hominem
1776 2373 1800 2401 in
1825 2381 1868 2407 se;

1025 2421 1071 2450 sed
1087 2421 1206 2450 ulterius
1220 2424 1337 2458 oportet,
1353 2422 1426 2458 quod
1443 2422 1524 2450 homo
1539 2420 1668 2449 extendat
1683 2428 1711 2448 se
1726 2420 1758 2448 ad
1775 2420 1869 2456 proxi-

1025 2476 1100 2497 mum
1120 2476 1169 2505 per
1184 2469 1339 2502 iustitiam,
1356 2469 1421 2505 quia
1436 2469 1524 2497 virtus
1539 2468 1657 2504 disponit
1672 2467 1704 2495 ad
1721 2468 1809 2495 lucem
1825 2475 1868 2495 ne-

1025 2516 1141 2549 ritatiS,
1163 2519 1190 2544 et
1205 2515 1306 2544 veritas
1321 2524 1374 2544 non
1391 2516 1473 2544 habet
1494 2523 1565 2548 esse,
1581 2515 1630 2543 nisi
1647 2522 1676 2542 se
1691 2514 1821 2542 extendat
1835 2513 1868 2541 ad

1025 2562 1202 2598 proximum,
1224 2565 1256 2590 ut
1276 2570 1329 2590 non
1352 2562 1417 2590 velit
1439 2562 1520 2590 homo
1548 2569 1647 2590 nocere
1669 2560 1798 2597 proximo
1820 2568 1869 2588 nec

1889 1394 1966 1414 Divisio.

1891 2190 1926 2216 Sex
1939 2195 1996 2213 opera

1897 2215 1991 2232 virtutum.

186 2665 191 2678 ¹
211 2666 375 2689 Substituimus
391 2667 491 2689 verbum
509 2666 642 2690 tentationis
665 2673 707 2695 pro
724 2667 896 2696 lr1'bnla1i0ni3,
915 2674 966 2690 con-

122 2709 182 2728 textu
201 2707 244 2728 hoc
261 2706 378 2728 suadente.
396 2718 427 2722 —
444 2706 552 2734 Sequitur
570 2706 690 2734 Bernard.,
708 2713 776 2729 serm.
795 2707 831 2729 61.
854 2707 877 2729 in
900 2706 965 2730 Cant.

122 2751 143 2767 n.
161 2745 222 2768 'Tnet
240 2745 260 2766 8.
279 2745 333 2773 (sec.
351 2746 464 2774 sensum).

184 2783 192 2796 ²
209 2783 265 2806 Cod.
284 2785 298 2806 S
316 2785 381 2812 legit:
399 2784 499 2807 Domino
516 2786 646 2814 apparente
663 2784 684 2807 ei
700 2784 724 2808 in
741 2791 824 2808 somno
848 2785 872 2807 in
891 2785 966 2815 specie

122 2823 243 2853 corporali
253 2829 308 2846 cum
325 2823 488 2852 cicatricibus;
503 2823 584 2853 posuit
601 2830 626 2847 os
640 2830 712 2847 suum
729 2823 761 2847 ud
772 2823 860 2847 vulnus
871 2824 963 2852 cordis,

121 2864 143 2885 et
159 2862 239 2885 omnia
256 2862 381 2885 dulcorata
397 2864 461 2885 sunt.

184 2901 193 2914 ³
211 2901 278 2924 Hebr.
301 2902 339 2929 1⁴2,
357 2902 378 2923 3.
765 2902 775 2914 ⁴
792 2902 847 2930 Cap.
869 2902 902 2929 17,
920 2902 964 2924 5-6.

183 2939 193 2952 ⁵
210 2941 299 2962 scilieet
317 2941 382 2967 ΡΙίῃ.1
401 2941 451 2963 XX.
470 2941 551 2963 Hister.
573 2946 647 2963 natur.
670 2947 689 2963 c.
715 2941 733 2963 1.
752 2941 811 2963 Vide
833 2945 888 2964 tom.
912 2942 964 2964 Vlll.

122 2986 174 3008 pag.
197 2980 245 3007 180,
263 2983 339 3002 notam
360 2980 395 3002 ll.

1087 2667 1096 2681 ⁶
1113 2669 1189 2691 Matth.
1208 2668 1244 2696 27,
1262 2668 1299 2690 5¹.
1317 2674 1366 2695 seq.
1384 2667 1439 2689 Dein
1457 2666 1578 2694 respicitur
1595 2667 1662 2688 Num.
1685 2666 1727 2693 ΞΟ,
1746 2667 1767 2687 8.
1789 2672 1866 2694 seqq.;

1023 2707 1063 2730 sed
1082 2711 1146 2734 nota,
1164 2707 1227 2736 qnod
1246 2713 1290 2729 sec.
1309 2707 1450 2734 Scripturam
1465 2706 1495 2728 ibi
1513 2705 1546 2728 bis
1565 2708 1651 2727 tantum
1670 2708 1758 2732 petram
1777 2710 1867 2732 pereus-

1024 2747 1064 2774 sit;
1082 2748 1121 2769 cfr.
1142 2749 1217 2769 tamen
1236 2746 1304 2769 Exod.
1327 2746 1367 2772 ¹7,
1386 2746 1406 2767 6.

1087 2784 1095 2797 ⁷
1112 2785 1181 2807 Hebr.
1199 2786 1220 2812 5,
1238 2785 1261 2807 7.

1086 2823 1095 2836 Β
1112 2825 1142 2846 Ex
1159 2824 1258 2846 editione
1276 2823 1355 2845 Uceelli
1374 2829 1427 2850 pag.
1450 2823 1504 2849 135,
1523 2822 1600 2844 collata
1624 2827 1676 2843 cuni
1696 2822 1717 2842 S.
1736 2820 1779 2843 Csr.
1797 2826 1866 2848 supra

1022 2870 1077 2891 pag.
1098 2864 1155 2890 ⁶255,
1173 2866 1225 2885 nota
1245 2862 1266 2884 4.

1085 2901 1094 2913 ⁹
1111 2902 1192 2924 Psalm.
1214 2902 1252 2927 15,
1270 2901 1295 2927 9;
1313 2903 1441 2929 sequuntur
1459 2900 1493 2921 Pe.
1512 2899 1537 2925 t,
1555 2900 1576 2921 9,
1601 2899 1633 2920 10.
1651 2902 1672 2920 et
1694 2898 1732 2925 tl,
1755 2899 1788 2920 ΙΟ.

1085 2940 1104 2953 ²0
1121 2941 1175 2962 Gen.
1195 2941 1221 2966 ⁶2,
1242 2941 1262 2961 2.
1281 2946 1341 2967 seqq
1359 2940 1462 2966 sequitur
1481 2939 1514 2960 ΡΞ,
1534 2937 1575 2964 87,
1597 2938 1631 2959 16.

1086 2979 1102 2991 ¹1
1122 2979 1177 3006 Cap.
1197 2979 1234 3005 ⁶20,
1252 2979 1274 3000 9.
1291 2984 1351 3006 se.q.;
1369 2977 1471 3005 sequitur
1490 2978 1523 2999 ΡΞ.
1546 2976 1584 3003 ll,
1605 2976 1649 2998 l-li.
