2243 3348
24 333 26 346 l

23 354 26 386 l

6 440 18 463 11
24 438 121 459 abdivisio.

17 865 18 868 ¹
31 859 73 882 '¹¹⁰³
99 864 128 886 ro-

17 916 27 923 ⁴:
33 911 43 926 e
54 906 124 930 purita-

44 931 87 948 iem.

4 1876 5 1881 ¹
33 1889 122 1909 noi-tatio.

18 2325 22 2330 .
30 2312 89 2336 Agnes
97 2313 131 2331 suit

16 2337 45 2354 ota
56 2336 126 2360 pulcra.

15 886 46 902 ter
55 888 81 907 pn
95 883 128 901 ici·
153 900 157 904 ,

556 168 597 196 DE
619 168 742 197 SANCTA
763 168 891 197 AGNETE
912 169 1044 198 VlRGlNE
1064 170 1108 198 ET
1128 170 1294 199 MARTYRE.
1316 170 1425 199 SERMO
1448 171 1464 199 l.

138 245 171 274 ad
190 252 329 279 amorem,
348 245 441 274 statim
463 245 653 275 accenduntur
665 247 691 279 ¹3
711 246 759 275 sed
773 246 884 283 quando
899 247 982 275 homo

138 291 348 320 humiditatihus
372 295 401 320 et
430 292 667 328 phantasmatibus
691 295 733 321 est
758 293 887 327 innixus,
915 296 982 322 tunc

137 346 192 367 non
213 341 302 375 potest
323 338 475 367 adhaerere
496 338 566 375 ignis
587 339 697 368 amoris.
713 339 811 368 Divina
831 340 921 369 virtus
940 343 982 368 ta—

138 393 201 415 men
218 385 340 413 *multum
360 387 458 421 potest.
481 384 546 413 Dico
570 388 679 419 autem,
701 386 775 422 quod
796 386 875 415 beata
895 387 983 423 Agnes

138 431 270 468 singula-ri
290 431 372 459 modo
394 431 493 460 amica
513 430 566 460 fuit
586 435 699 468 propter
721 435 854 469 quatuor:
876 433 981 469 primo,

138 481 251 515 propter
268 477 431 515 pudicitiae
448 478 627 515 puritazeim
649 479 778 513 secundo,
794 482 907 516 propter
922 479 983 508 obe<

137 525 262 554 dimitiae
280 524 557 561 promptitudinem;
578 525 672 558 tertio,
694 529 807 562 propter
821 526 983 562 sapientiae

135 571 379 609 perfruitionem,·
400 574 514 608 quarto,
533 574 646 608 propter
664 572 899 608 perseverantiae
918 581 983 610 per-

137 618 300 647 ennitatem.
325 618 388 647 Sine
416 617 475 646 istis
503 617 623 654 perfecta
648 618 769 646 amicitia
789 626 843 646 non
865 619 983 648 hahetur

138 666 171 695 ad
190 667 336 702 Sponsum.
355 665 488 693 Pudicitia
507 664 654 693 amicitiam
677 664 809 699 inchoat,
830 665 984 694 ohedientia

137 715 297 750 promovet,
319 711 452 748 sapientia
472 714 670 745 consummat,
692 711 896 747 perseverantia
917 720 984 740 cou-

137 762 250 792 servat,
273 762 304 788 ut
324 757 468 796 funiculis
489 758 532 786 his
553 757 667 796 difficile
688 761 850 794 rumpatur
864 759 884 786 2.

218 806 323 840 Primo,
344 805 423 839 dico,
446 805 526 833 beata
545 805 633 841 Agnes
658 805 790 841 singulari
822 805 902 834 modo
932 805 985 834 suit

140 853 239 882 amica
260 855 374 889 propter
391 851 554 889 pudicitiae
571 851 751 888 puritatam;
773 851 846 879 unde
867 851 894 879 in
915 851 984 880 Can-

141 900 238 928 ticis³z
260 899 342 928 Sicut
363 898 457 927 lilium
479 898 553 926 inter
574 898 695 934 spinas,
722 898 765 926 sic
792 897 892 926 amica
919 907 984 926 mea

139 946 214 975 iuter
234 945 321 982 silias.
352 961 388 966 —-
416 945 525 982 Spiuae
552 947 617 973 sunt
644 944 782 973 deformes
809 947 836 973 et
863 944 983 981 pungiti—

139 1001 189 1022 vae
209 996 236 1022 et
257 1000 355 1029 parum
377 992 469 1021 valent
491 991 541 1020 nisi
563 991 596 1019 ad
618 990 838 1019 comburendum
858 991 887 1019 in
905 991 983 1027 igne,

139 1040 186 1070 sed
205 1039 302 1069 lilium
323 1042 364 1068 est
385 1039 504 1067 candens
525 1041 553 1067 et
578 1038 723 1074 pulcrum,
753 1037 885 1066 varietate
912 1037 984 1066 colo-

139 1094 202 1116 rum
222 1086 381 1115 distinctum
403 1089 538 1122 quantum
560 1085 592 1113 ad
614 1085 726 1119 folium,
748 1088 789 1113 cst
814 1084 983 1113 odoriferum

139 1136 166 1162 et
185 1133 212 1161 in
235 1133 324 1162 medio
345 1135 386 1161 est
407 1132 594 1160 rubicundum
616 1132 651 1160 ad
666 1132 799 1160 maiorem
814 1132 941 1160 decorem
957 1134 985 1160 et

138 1180 259 1209 odorem.
284 1180 332 1208 Per
354 1179 449 1208 lilium
470 1179 612 1216 integritas
640 1179 787 1215 pudicitiae
815 1179 984 1215 designatur,

139 1235 210 1264 quae
230 1227 348 1256 animam
371 1226 460 1255 reddit
492 1227 617 1263 pulcram
649 1229 676 1254 et
706 1226 779 1254 fama
809 1226 983 1254 odoriferam.

140 1274 288 1311 Virginitas
308 1274 379 1302 enim
402 1282 417 1302 a
439 1277 515 1302 terra
545 1273 649 1301 redolet
680 1280 770 1309 usque
801 1273 827 1301 in
860 1272 984 1306 caelum;

140 1321 210 1350 dum
231 1329 283 1349 rex
304 1323 374 1349 esset
395 1321 426 1349 iu
447 1320 536 1349 cubili
555 1329 622 1354 suo,
645 1320 762 1348 nardus
783 1328 847 1348 mea
868 1320 983 1348 odorem

140 1368 224 1397 (ledit.
241 1368 323 1405 Virgo
337 1367 456 1404 gloriosa
471 1367 628 1404 integritate
642 1367 809 1404 virginitatis
822 1375 889 1395 suae
903 1367 985 1403 Spon-

139 1422 201 1444 sum
222 1415 367 1443 caelestem
387 1414 421 1443 ad
443 1422 471 1443 se
493 1414 591 1448 traxit,
614 1417 645 1442 ut
666 1422 720 1442 non
748 1414 838 1442 solum
860 1414 986 1450 spiritua—

140 1462 210 1496 liter,
232 1461 279 1490 sed
300 1461 481 1498 corporaliter
509 1461 540 1489 ad
571 1461 657 1498 ipsam
678 1460 865 1489 descenderet.
895 1461 925 1489 Et
952 1460 985 1489 de

139 1509 261 1546 qualibet
281 1508 387 1542 anima,
410 1516 481 1545 quae
496 1511 537 1537 est
552 1508 688 1545 temptum
711 1507 840 1544 Spiritus
854 1507 951 1536 sctneti
964 1508 985 1541 4,

139 1563 236 1584 verum
251 1558 302 1589 est,
317 1555 389 1592 quod
405 1555 473 1584 odor
487 1555 631 1584 suavitatis
646 1555 706 1584 eius
726 1554 870 1583 Ecclesiam
886 1554 986 1582 trium*

139 1602 269 1638 phantem
291 1604 318 1631 et
343 1602 504 1630 militantem
526 1604 655 1630 venustat
683 1605 710 1630 et
737 1609 786 1638 per
815 1601 986 1637 complacen—

140 1649 320 1686 tiam,¹quam
342 1649 425 1678 habet
453 1649 481 1678 in
502 1652 593 1677 mente
620 1648 721 1682 divina,
743 1648 829 1677 trahit
849 1648 985 1684 Sponsum

140 1697 282 1725 caelestem
304 1696 338 1725 ad
359 1704 403 1730 se,
425 1699 456 1724 ut
478 1698 534 1724 tota
555 1696 674 1724 Trinitas
694 1695 841 1724 descendat
855 1695 882 1723 in
905 1703 986 1731 spon-

140 1751 195 1772 sam
218 1743 328 1772 Christi.
351 1744 432 1773 Amor
454 1743 505 1772 iste
533 1743 652 1779 Spiritus
679 1742 765 1771 sancti
794 1742 987 1770 informativus

139 1794 180 1819 est
201 1790 341 1819 castitatis.
368 1801 381 1815 <x
396 1790 463 1824 Mel,
485 1790 575 1827 inquit
602 1797 717 1826 sponsa,
746 1791 773 1818 et
797 1790 838 1818 lac
865 1797 902 1817 ex
927 1789 987 1817 eius

139 1845 187 1866 ore
208 1837 326 1873 suscepi,
341 1840 368 1866 et
382 1837 494 1873 sanguis
509 1837 569 1865 eius
583 1836 692 1865 ornavit
712 1844 796 1873 genas
817 1844 892 1865 meas
907 1848 932 1863 n.
949 1852 987 1856 —

140 1884 254 1921 Quando
275 1884 375 1921 cogitat
397 1884 488 1917 homo,
510 1883 584 1920 quod
606 1883 733 1912 Christus
755 1883 856 1920 sparsit
877 1883 988 1920 sangui-

140 1939 203 1961 nem
225 1939 306 1961 suum
329 1940 380 1968 pro
401 1931 480 1960 nobis
501 1934 528 1960 et
549 1930 706 1967 purificavit
735 1939 784 1959 nos
805 1931 840 1959 ab
868 1930 987 1958 immun-

140 1979 218 2013 ditia,
240 1978 378 2015 quomodo
393 1981 483 2015 potest
499 1981 565 2006 tunc
580 1978 663 2006 homo
683 1978 808 2006 inclinari
824 1977 860 2006 ad
876 1977 987 2014 aliquod

140 2026 268 2055 foedum?
290 2025 404 2062 Quando
425 2025 526 2062 cogitat
549 2020 657 2059 anima,
680 2025 753 2062 quod
781 2028 823 2053 est
851 2024 987 2061 temptum

142 2072 271 2109 Spiritus
291 2072 388 2100 sancti
408 2072 493 2106 t'acta,
524 2071 633 2108 quando
656 2071 786 2108 Spiritus
809 2074 920 2100 sanctus
941 2079 988 2099 su-

139 2128 191 2156 per
211 2119 266 2148 mel
293 2119 388 2153 (luicis
402 2119 413 2136 ⁵
442 2118 565 2147 illabitur
594 2118 715 2152 animae,
739 2118 876 2155 quomodo
898 2120 987 2154 potest

142 2170 207 2195 tunc
228 2166 348 2203 cogitare
369 2166 478 2203 aliquod
502 2165 632 2194 foedum?
651 2165 793 2202 Quomodo
808 2164 987 2193 conculcabit

140 2213 315 2250 sanquinem
343 2212 534 2241 Testamenti?

219 2260 300 2289 Beata
320 2261 407 2297 Agnes
428 2268 482 2288 non
511 2259 563 2288 suit
584 2259 662 2296 spina
683 2260 764 2296 plena
791 2259 987 2296 punctionibus

142 2308 169 2335 et
189 2306 347 2335 carnalibus
373 2306 532 2340 desideriis,
554 2306 601 2335 sed
623 2306 675 2334 fuit
695 2306 807 2342 pulcra,
834 2305 987 2338 odorifera,

143 2353 246 2390 Spiritu
268 2356 362 2382 sancto
383 2353 502 2390 repleta;
524 2353 585 2382 ideo
614 2353 666 2381 suit
694 2353 764 2381 sicut
791 2352 884 2380 lilium
913 2352 988 2380 iuter

141 2400 252 2437 spinas.
278 2400 424 2429 Petebatur
450 2400 484 2428 ad
512 2400 728 2428 matrimonium.
752 2399 859 2435 Aliquid
886 2401 943 2431 est,
965 2398 986 2426 si

142 2447 250 2476 resistat
271 2447 333 2484 quis
360 2447 533 2476 fornicationi
562 2450 589 2476 et
617 2447 638 2475 si
668 2455 720 2475 non
744 2446 809 2475 velit
834 2445 988 2474 consentire

143 2494 323 2523 matrimonio.
347 2495 417 2523 Tota
430 2494 538 2531 pulcra
553 2503 596 2528 es,
612 2494 710 2522 amica
732 2502 813 2526 mea,
829 2496 855 2521 et
870 2492 988 2520 macula

142 2550 198 2570 nou
219 2545 259 2569 est
281 2541 311 2569 in
327 2541 381 2569 tess.
397 2558 435 2562 —-
450 2541 606 2570 Secundum
628 2541 743 2577 exponit
763 2540 901 2576 primum3
924 2539 989 2575 quia

204 2729 211 2742 ¹
231 2730 275 2753 Csr.
293 2731 399 2758 Gregor.,
418 2731 440 2753 11.
459 2731 543 2752 Homil.
559 2731 580 2752 in
599 2731 685 2758 Evang.
704 2730 781 2752 homil.
799 2730 835 2752 34.
853 2736 876 2751 11.
898 2730 931 2751 ll.

204 2769 213 2782 ‘²
230 2769 359 2797 Respicitur
378 2770 448 2792 Eccle.
462 2769 483 2798 t,
499 2770 537 2791 ¹2:
556 2769 689 2792 Fuuiculus
707 2769 794 2798 lripIrJJ
812 2768 902 2798 difficile
919 2774 986 2790 mnt-

140 2808 215 2838 pitur.

205 2846 214 2859 ²³
232 2847 286 2875 Cup.
304 2849 329 2875 2,
347 2849 373 2876 23
391 2848 495 2876 sequitur
512 2854 531 2870 e.
550 2849 571 2875 11,
590 2848 597 2869 «l
609 2849 627 2869 1.

205 2885 215 2897 4
232 2886 360 2914 Respicitur
378 2887 392 2908 1.
410 2886 462 2909 Cor.
479 2887 500 2915 6,
523 2887 556 2908 19.
570 2899 602 2903 -
618 2887 722 2914 Sequens
738 2886 801 2907 locus
818 2888 851 2907 est
868 2884 930 2912 apud
946 2885 987 2906 Sn-

142 2924 214 2951 rium,
230 2925 273 2947 loc..
290 2925 328 2947 cit.
344 2925 357 2953 S
374 2926 396 2952 3,
413 2925 453 2947 ubi
470 2925 578 2948 alluditur
594 2926 622 2947 ad
641 2924 705 2948 Cant.
724 2925 744 2951 4,
763 2925 770 2946 rl
783 2925 799 2946 l.

205 2962 214 2976 5
232 2964 298 2986 Eccli.
316 2965 359 2992 24,
377 2965 418 2992 273
437 2965 540 2993 sequitur
559 2964 628 2986 Hebr.
647 2964 687 2990 10,
705 2963 742 2985 29.

1827 174 1882 203 503

1039 247 1090 276 fuit
1109 247 1171 276 siue
1199 248 1334 282 macula,
1355 248 1416 277 ideo
1436 248 1489 278 fuit
1509 249 1616 279 amica.
1638 250 1695 279 Non
1716 250 1768 281 suit
1795 251 1823 280 in
1851 259 1883 280 ea

1039 295 1160 328 macula,
1182 302 1232 323 nec
1257 299 1392 332 quantum
1417 296 1451 324 ad
1477 304 1589 325 sensum
1614 304 1665 326 nec
1684 300 1820 334 quantum
1849 298 1881 327 ad

1038 348 1086 371 cor
1106 348 1156 370 nec
1177 345 1312 378 quantum
1335 341 1371 370 ad
1386 345 1505 371 mentem
1526 350 1577 371 nec
1591 347 1727 380 quantum
1747 344 1781 373 ad
1795 345 1882 382 phan-

1038 390 1127 416 tasma
1146 395 1197 416 nec
1218 391 1352 425 quantum
1374 389 1407 417 ad
1427 389 1611 426 imaginabilia
1630 398 1681 419 nec
1695 394 1830 428 quantum
1849 392 1882 421 ad

1039 434 1179 463 exteriora
1199 434 1284 471 signa.
1307 434 1368 463 Ideo
1382 435 1435 463 fnit
1453 439 1511 465 tota
1527 436 1645 473 pulcra.
1661 437 1712 473 Qui
1735 441 1827 467 castus
1841 442 1881 468 est

1039 480 1066 508 in
1088 488 1186 514 carne,
1208 481 1305 515 corde,
1321 481 1513 518 imaginatione
1527 486 1554 511 et
1572 483 1599 512 in
1612 484 1745 513 exteriori
1767 492 1882 514 conver-

1039 527 1143 556 satione
1164 531 1205 556 est
1226 531 1301 557 totus
1321 528 1448 557 candens.
1470 545 1507 550 —
1525 531 1621 567 Magna
1633 531 1724 560 virtus
1741 535 1782 560 est
1802 532 1882 561 casti-

1040 576 1089 602 tas.
1112 574 1233 610 Sponsus
1254 578 1384 604 aeternus
1404 584 1458 604 non
1473 579 1562 613 potest
1582 585 1676 606 amare
1695 578 1747 607 nisi
1762 579 1880 607 animam

1040 622 1151 648 castam.
1173 620 1230 649 Non
1253 621 1311 650 sine
1331 629 1414 650 causa
1431 622 1549 651 clamant
1563 624 1723 660 Seraphim:
1745 624 1881 659 Sanetus,

1039 670 1178 700 sauctus,
1204 671 1334 695 sanetus.
1362 668 1420 696 Non
1452 669 1570 697 clamant
1599 678 1740 707 mapuus,
1765 671 1882 708 sapiens

1040 715 1088 740 aut
1108 712 1212 740 iusim.
1235 713 1326 749 Quare
1351 713 1504 751 Seraphim
1533 716 1619 752 magis
1647 717 1780 746 clamant:
1809 718 1881 746 Sau-

1040 761 1114 791 cius,
1135 762 1269 792 sauctus,
1291 768 1374 796 quam
1396 761 1439 789 alii
1461 762 1576 798 Angeli?
1603 763 1674 791 Dicit
1702 764 1846 800 Dionysius
1861 765 1881 798 ⁷,

1041 805 1114 842 quod
1134 810 1256 834 sauctus
1277 806 1348 835 idem
1370 810 1411 835 est
1430 808 1504 844 quod
1523 817 1629 845 purus.
1645 810 1696 846 Qui
1718 811 1834 840 intraret
1848 812 1880 840 ad

1041 851 1225 886 intellectum,
1248 860 1302 881 non
1326 853 1406 882 vellet
1420 854 1495 890 plus,
1518 855 1654 891 inquinari
1671 864 1784 892 corpus,
1799 865 1881 893 quam

1041 898 1122 926 vellet
1136 898 1240 927 intrare
1255 899 1392 928 flammam
1415 900 1493 936 ignis.
1511 901 1583 929 Nihil
1602 902 1738 938 prima(‘.>)
1753 904 1882 939 approxi-

1041 944 1159 973 matione
1180 948 1270 981 potest
1295 946 1491 982 approximare
1511 947 1544 975 ad
1565 947 1670 981 Deum,
1692 949 1742 977 nisi
1771 949 1805 977 sit
1833 957 1883 986 pu-

1041 999 1121 1025 rum;
1142 994 1170 1020 et
1190 991 1259 1020 nihil
1280 992 1318 1020 ita
1332 993 1473 1029 coniungit
1487 994 1543 1022 Deo
1563 994 1634 1023 sicut
1648 1002 1725 1023 amor
1740 996 1882 1032 puritatis,

1041 1042 1068 1066 et
1089 1038 1155 1074 quia
1176 1038 1255 1067 beata
1277 1039 1359 1076 Virgo
1380 1048 1488 1069 summe
1513 1040 1563 1069 fuit
1586 1049 1668 1077 pura,
1697 1041 1756 1070 ideo
1785 1043 1884 1079 specia-

1041 1085 1104 1113 liter
1124 1088 1152 1113 et
1165 1085 1342 1122 singulariter
1357 1094 1373 1114 a
1388 1086 1442 1115 Deo
1457 1087 1553 1116 dilecta
1569 1088 1628 1116 fuit.
1653 1089 1683 1116 Et
1702 1089 1796 1123 etiam,
1819 1090 1883 1126 quia

1041 1132 1115 1160 Deus
1137 1135 1177 1160 est
1198 1136 1276 1161 actus
1298 1141 1402 1169 purus,
1423 1133 1483 1162 ideo
1507 1134 1541 1162 de
1568 1135 1640 1163 omni
1661 1136 1829 1172 proprietate
1856 1139 1883 1165 et

1042 1178 1075 1207 de
1097 1179 1218 1215 potentia
1238 1183 1265 1207 et
1285 1180 1319 1208 de
1344 1180 1477 1217 sapientia
1497 1183 1523 1209 et
1548 1181 1581 1209 de
1608 1182 1729 1211 bonitate
1754 1183 1835 1212 habet
1856 1184 1882 1212 in

1042 1233 1151 1254 summa
1172 1226 1349 1259 excellentia.;
1372 1227 1431 1255 ideo
1459 1227 1506 1264 qui
1534 1229 1710 1264 approximat
1727 1230 1783 1258 Deo
1808 1230 1885 1266 puri-

1044 1276 1124 1301 tatem
1147 1273 1280 1301 aemulari
1303 1273 1398 1308 dehet;
1421 1277 1447 1302 et
1468 1274 1534 1311 quia
1548 1275 1691 1311 Seraphim
1712 1276 1885 1305 immediatis-

1042 1320 1110 1348 sime
1131 1320 1187 1348 Deo
1215 1323 1280 1348 sunt
1307 1320 1459 1355 coniuncti,
1481 1321 1541 1350 ideo
1569 1322 1620 1358 ipsi
1643 1322 1753 1351 laudant
1774 1323 1801 1351 in
1829 1323 1884 1352 Deo

1042 1366 1207 1403 puritatem,
1228 1367 1393 1396 clamantes:
1423 1368 1563 1401 Saucius,
1591 1372 1727 1403 astucius,
1755 1373 1883 1398 semotus.

1044 1413 1129 1441 Vellet
1150 1413 1240 1441 anima
1261 1417 1353 1442 sancta
1381 1414 1495 1451 (potius)
1524 1422 1573 1451 per
1600 1419 1710 1444 centum
1731 1424 1817 1444 annos
1842 1424 1884 1445 re-

1042 1460 1114 1488 trahi
1143 1468 1158 1488 a
1185 1460 1315 1489 fruitione
1342 1461 1404 1494 Dei,
1427 1469 1509 1498 quam
1538 1462 1622 1490 semel
1650 1462 1798 1499 inquinari.
1827 1463 1883 1491 Non

1043 1515 1093 1543 pro
1107 1507 1193 1535 nihilo
1214 1507 1330 1535 dicitur:
1346 1508 1459 1536 Lectum
1476 1508 1639 1536 Salomonis
1654 1509 1787 1537 ambiunt
1800 1517 1884 1537 sexa-

1041 1554 1126 1591 yiuta
1146 1553 1237 1591 fortes
1251 1554 1271 1582 ⁸.
1294 1554 1400 1583 Dicitur
1429 1555 1454 1582 in
1482 1555 1562 1583 lsaia:
1593 1555 1664 1590 Quis
1692 1559 1732 1583 est
1759 1556 1810 1583 iste
1834 1556 1885 1593 qui

1044 1600 1118 1628 veuit
1139 1600 1172 1628 (Ie
1197 1600 1294 1634 Edem,
1317 1601 1413 1629 tinctis
1436 1600 1561 1629 vestibus
1586 1601 1619 1629 (le
1647 1601 1763 1629 Basra?
1787 1602 1884 1637 Quare

1043 1647 1169 1675 rubrum
1194 1651 1233 1675 est
1261 1647 1461 1676 vestimentum
1489 1647 1593 1676 titum?
1615 1648 1715 1676 Videns
1742 1648 1883 1681 Christus,

1043 1693 1116 1731 quod
1139 1694 1285 1723 Ecclesiam
1308 1702 1361 1722 non
1382 1695 1471 1731 potuit
1492 1695 1621 1723 mundam
1642 1694 1731 1723 facere
1750 1695 1799 1724 nisi
1823 1703 1884 1723 san-

1043 1741 1126 1778 guine
1147 1749 1197 1770 suo
1218 1741 1356 1778 virgineo,
1378 1741 1448 1770 fudit
1463 1741 1621 1778 sanguinem
1638 1749 1728 1770 suum.
1750 1742 1819 1778 Quia
1840 1750 1884 1770 vo-

1044 1788 1095 1816 luit
1118 1788 1262 1816 Ecclesiam
1284 1788 1428 1822 redimere,
1451 1788 1558 1822 lavare,
1580 1788 1731 1817 refocillare
1752 1789 1884 1825 sanguine

1044 1843 1110 1868 suo;
1132 1842 1257 1863 amemus
1279 1835 1438 1871 sanguinem
1461 1835 1570 1869 Christi,
1586 1835 1617 1863 iu
1631 1844 1687 1871 (Juo
1708 1834 1885 1871 sctuctificati

1043 1890 1164 1915 suiuus‚·
1185 1882 1248 1910 dato
1263 1882 1282 1916 9,
1304 1882 1378 1918 quod
1399 1882 1483 1910 homo
1504 1882 1639 1910 consensit
1660 1882 1687 1910 in
1702 1881 1812 1918 aliquod
1833 1881 1884 1909 im-

1045 1929 1189 1957 mundum.
1205 1945 1242 1949 -—
1258 1929 1307 1957 Sed
1323 1929 1402 1957 beata
1416 1930 1503 1965 Agnes
1517 1932 1590 1957 casta
1604 1929 1662 1957 fuit.
1679 1928 1753 1957 Unde
1774 1928 1838 1956 dicit
1859 1928 1881 1956 ei
1900 1938 1919 1956 s.

1045 1976 1192 2004 Dominus:
1215 1976 1301 2009 Ecce,
1328 1979 1358 2003 tu
1381 1975 1490 2012 pulcra
1517 1983 1561 2009 ee,
1584 1975 1681 2003 [ciuica
1705 1983 1785 2009 mea,
1807 1983 1882 2008 ecce,

1044 2027 1075 2051 tu
1094 2023 1202 2060 pulcra
1223 2031 1260 2055 es,
1283 2023 1309 2051 id
1325 2025 1378 2056 est,
1398 2022 1505 2059 pulcra
1526 2031 1553 2050 es
1579 2022 1604 2050 in
1630 2029 1711 2050 carne
1732 2026 1758 2050 et
1778 2024 1882 2054 mente;

1044 2070 1141 2106 pulcra
1156 2078 1185 2098 es
1200 2078 1297 2103 carne;
1320 2070 1452 2105 pulcrior,
1475 2072 1580 2103 mente;
1602 2069 1800 2105 pulcherrima,
1822 2068 1882 2096 fide.

1123 2117 1247 2146 Secundo
1268 2117 1369 2145 dicitur
1384 2116 1462 2145 beata
1477 2117 1563 2153 Agnes
1578 2116 1675 2144 amica
1696 2119 1807 2152 propter
1823 2115 1884 2143 obe-

1044 2163 1168 2192 dieutiae
1185 2163 1455 2200 promptitudinem.
1478 2163 1553 2191 Unde
1567 2163 1632 2191 dicit
1653 2163 1675 2191 ei
1698 2163 1830 2191 Dominus
1846 2162 1883 2189 ¹⁰:

1045 2210 1153 2247 Surye,
1180 2218 1327 2246 propera,
1356 2210 1455 2237 cuiu'ca
1483 2217 1563 2242 mea,
1584 2208 1716 2245 formosa
1738 2217 1817 2242 mea,
1840 2216 1885 2236 00-

1045 2257 1143 2285 tumba
1170 2265 1250 2290 mea,
1280 2257 1311 2285 iu
1335 2256 1534 2293 forcmiitiibus
1555 2260 1672 2293 petrae,
1703 2256 1732 2283 iu
1757 2264 1881 2284 caverna

1045 2304 1197 2332 maceriae.
1222 2320 1256 2323 —
1279 2303 1349 2339 Quid
1370 2306 1410 2331 est
1431 2311 1551 2339 surpere
1570 2305 1596 2330 et
1618 2302 1682 2338 quid
1702 2302 1884 2338 properare?

1045 2351 1171 2388 Surgyerc
1191 2353 1247 2381 est,
1269 2349 1379 2386 quando
1400 2352 1491 2385 partes
1513 2349 1636 2385 corporis
1657 2352 1721 2377 sunt
1741 2348 1885 2384 appropin-

1045 2400 1161 2433 quantes
1182 2396 1215 2424 ad
1237 2399 1357 2429 terram,
1378 2399 1405 2424 et
1426 2396 1508 2423 homo
1527 2395 1607 2431 erigit
1628 2403 1657 2423 se
1677 2395 1710 2423 ad
1732 2395 1883 2431 superiora.

1045 2444 1119 2477 Dico,
1141 2443 1213 2480 quod
1237 2443 1280 2471 lex
1302 2442 1393 2471 divina
1414 2442 1561 2478 praecipit,
1583 2441 1655 2478 quod
1677 2441 1849 2469 discedamus
1870 2448 1883 2469 a

1046 2490 1196 2519 sceleribus
1226 2492 1253 2518 et
1283 2489 1414 2518 faciamus
1448 2497 1518 2525 quae
1553 2492 1618 2516 sunt
1648 2488 1797 2516 voluntatis
1828 2487 1883 2516 Dei.

1046 2537 1160 2574 Quando
1182 2536 1281 2573 aliquis
1302 2540 1342 2564 est
1368 2536 1393 2563 in
1423 2538 1532 2572 peccato
1561 2535 1684 2569 mortali,
1713 2543 1767 2563 non
1795 2534 1884 2563 obedit

1106 2727 1115 2739 Β
1132 2726 1194 2749 Cant.
1213 2726 1239 2753 1,
1256 2726 1282 2753 7;
1299 2725 1403 2753 sequitur
1421 2724 1469 2746 lsai.
1487 2724 1513 2750 6,
1532 2725 1553 2745 3.

1107 2766 1114 2778 7
1134 2767 1164 2788 De
1181 2765 1254 2787 Divin.
1274 2764 1415 2791 Nominibus,
1433 2771 1452 2785 c.
1469 2764 1506 2785 12:
1529 2771 1539 2782 <t
1551 2763 1661 2785 Sanctitas
1672 2764 1703 2784 est
1718 2761 1746 2783 al)
1759 2762 1822 2784 omni
1840 2768 1885 2784 sce-

1044 2807 1088 2828 lere
1106 2805 1176 2827 libera
1194 2807 1215 2826 ot
1237 2804 1330 2825 omnino
1354 2804 1452 2830 pei-tecta
1476 2805 1497 2824 et
1515 2802 1577 2824 omni
1603 2808 1628 2824 ex
1651 2803 1715 2829 pai-te
1741 2801 1883 2823 immaculata

1043 2845 1131 2872 puritas
1143 2852 1164 2865 n.

1106 2881 1115 2894 ⁸
1133 2882 1195 2904 Cant.
1214 2882 1235 2907 3,
1252 2882 1278 2904 7:
1298 2883 1425 2909 sequuntur
1443 2880 1490 2902 lsai.
1508 2880 1545 2907 63,
1565 2880 1585 2901 «l.
1603 2885 1650 2908 seq.
1669 2882 1690 2901 et
1708 2878 1774 2901 Hebr.
1795 2880 1830 2906 Ἰ10,
1852 2880 1884 2901 to.

1107 2920 1116 2932 '³
1134 2922 1163 2943 lta
1181 2920 1341 2943 substituimus
1359 2925 1400 2947 pro
1418 2918 1486 2941 (lator
1504 2921 1544 2941 est.
1562 2931 1592 2935 -
1610 2919 1717 2946 Sequitur
1734 2918 1797 2940 Cant.
1819 2920 1836 2945 1,
1853 2918 1885 2940 14.

1108 2960 1126 2972 ’“’
1143 2959 1205 2982 Cant.
1224 2960 1245 2986 ⁴2,
1260 2960 1296 2980 Ἰ10.
1318 2959 1350 2980 tt.

1900 540 1948 558 Laus
1960 540 2015 566 easti-

1933 565 1981 581 ῑᾶῑΙΒ.

1902 1657 2015 1677 Notandum.

1933 1939 2002 1961 Agnes.

1916 2124 2007 2146 Secundo,

1896 2149 1973 2174 propter
1986 2148 2029 2166 obe-

1920 2171 2002 2190 dientiae

1907 2195 2017 2218 promptitu-

1923 2218 1992 2237 dinem.
