2243 3348
1 584 88 608 quintum.

6 1800 92 1820 inductio.

3 937 5 946 l

3 947 90 977 *sextum

1 1232 89 1263 'ptimuzm

614 170 771 199 DOMINICA
792 171 831 199 111.
855 170 936 200 POST
958 172 1159 200 EPIPHANIAM.
1181 172 1290 201 SERMO
1312 173 1329 200 l.

103 250 231 287 primo1:
263 248 345 277 Dixit
378 248 470 276 Deus:
494 248 710 285 Congyreqentur
732 256 840 285 aquae,
872 257 947 286 quae

102 296 156 324 sub
178 295 255 324 caelo
268 299 347 328 sunt,
363 295 394 323 in
416 294 509 322 locuni
524 302 631 326 muninz,
647 298 671 321 et
686 298 831 330 appareat
846 295 946 328 arida,

104 343 131 371 in
152 342 243 379 figura
263 341 426 379 pudicitiae,
448 348 519 377 quae
540 348 634 368 omnes
649 340 884 376 concupiscentias
905 349 947 369 se-

103 389 170 427 pelit
185 392 211 418 et
226 388 372 417 concludit.
389 388 416 416 ln
434 387 578 424 Evangelio
592 387 678 421 dixit,
694 387 820 415 Matthaei
837 387 946 423 quinto:

104 437 165 473 Eyo
190 439 287 464 autem
315 434 378 463 dico
406 434 501 467 vohis,
533 434 604 472 quia
635 433 821 471 oninis,'‹]ui
843 434 949 462 viderit

104 483 255 511 mulierem
282 482 323 510 ad
352 481 614 518 concupiscendum
635 489 716 514 eain,
738 480 800 508 iani
822 480 949 509 moeclia-

106 532 152 556 tus
173 531 214 557 cst
232 536 295 556 eain
317 527 349 556 in
370 527 455 556 corde
469 536 538 561 suo,
559 535 608 563 per
623 526 794 563 impudicum
810 526 946 555 allectum.

105 592 144 596 —
172 576 199 603 ln
226 575 360 611 principio
388 575 474 608 dixit,
502 574 614 603 Genesis
641 574 769 610 primo2:
802 573 948 602 Get-minet

106 625 186 650 terra
215 620 333 650 liei-bain
361 620 499 649 virentem
531 625 556 648 et
576 619 728 657 facientem
750 627 845 647 semen
866 623 891 647 et
915 619 949 647 li-

103 677 196 707 9nunz
226 667 404 706 pomiferum
434 667 547 705 faciens
576 666 709 704 fructum
741 667 827 695 iuxta
857 674 948 703 gyenus

105 724 209 750 sturni,
226 716 251 744 in
275 715 363 752 ligura
383 715 522 748 veritatis,
537 722 608 751 quae
622 714 703 743 debet
717 714 809 742 vivere
824 714 850 742 in
867 713 949 742 corde

106 765 132 791 et
154 770 202 791 ore
223 765 250 791 et
270 762 438 791 fructificare
470 761 496 789 in
528 769 619 798 opere.
642 761 669 788 ln
696 761 841 797 Evangelio
862 760 948 793 dixit,

106 810 233 838 Matthaei
256 809 368 846 quinto:
402 809 461 846 Ego
490 812 587 836 autent
618 807 682 836 (lico
709 807 802 840 vobis,
825 816 883 835 non
905 807 950 835 iu-

106 865 177 885 rare
198 857 314 885 omnino
329 859 394 890 etc.;
410 856 447 884 sit
468 858 562 884 auteni
585 863 680 883 serino
701 857 807 883 vester:
830 857 879 888 est,
895 857 950 887 est,-

107 912 181 937 non,
203 912 279 937 non;
300 903 377 942 quod
397 906 494 931 autem
509 901 554 930 liis
569 901 770 930 abundantius
784 905 824 929 cst
839 909 858 929 a
872 901 950 929 nialo

107 954 163 984 est,
187 958 234 988 per
255 950 411 979 falsitatem.
427 949 506 978 —In
522 949 673 986 principio,
688 948 800 977 Genesis
822 948 948 985 primossz

108 997 190 1026 Dixit
211 998 305 1026 Deus:
327 997 418 1025 Fiant
438 996 603 1024 luminaria
625 996 656 1024 in
669 995 854 1032 sirn'zanzento
880 994 952 1023 caeli

107 1048 132 1073 et
158 1044 292 1073 dividant
319 1044 394 1072 diem
426 1052 461 1072 ac
491 1047 618 1076 noctem,
650 1043 676 1070 in
709 1042 799 1079 figura
830 1042 950 1070 caritatis

107 1091 230 1128 geminae
258 1090 451 1127 distinguentis
478 1090 564 1118 bonos
591 1098 607 1118 a
634 1089 721 1117 malis.
746 1089 773 1117 ln
806 1088 951 1125 Evangelio

106 1138 193 1173 dixit,
215 1138 342 1166 Matthaei
363 1137 474 1174 quinto:
499 1138 557 1174 Ego
579 1140 675 1165 autem
698 1136 761 1164 dico
782 1136 878 1164 vobis.-
903 1135 951 1163 Di-

108 1184 185 1222 ligite
206 1185 340 1213 inimicos
363 1188 486 1218 cestros,
517 1183 670 1220 benefacite
691 1182 736 1212 liis
757 1183 809 1221 qui
829 1183 951 1211 oderunt

107 1240 173 1266 vos,
195 1239 245 1269 per
266 1232 437 1260 dilectionem
460 1231 617 1268 perfectam.
641 1247 676 1250 ——
699 1231 726 1258 ln
749 1230 884 1267 principio
911 1230 951 1258 di-

1793 173 1845 201 183

1004 249 1055 283 xit,
1070 249 1181 278 Genesis
1202 250 1292 286 primo
1306 251 1333 278 4:
1356 250 1530 279 Producant
1550 259 1644 288 aquae
1666 250 1764 287 reptile
1785 250 1847 278 scni-

1004 305 1069 324 mae
1088 296 1209 325 viventis
1240 300 1264 325 et
1294 297 1408 325 volatile
1438 301 1675 334 superterram,
1701 297 1727 325 in
1756 296 1847 333 figura

1005 343 1164 379 patientiae,
1186 352 1257 380 quae
1279 344 1351 373 inter
1372 344 1475 373 fluctus
1489 344 1583 373 vivere-
1598 344 1661 373 facit
1676 346 1703 372 et
1717 344 1846 372 omnibus

1005 389 1179 425 passionibus
1201 389 1376 426 superfertur
1398 393 1424 418 et
1446 390 1526 418 volat.
1550 390 1577 418 ln
1600 389 1745 426 Evangelio
1766 389 1846 423 dixit,

1006 435 1132 463 Matthaei
1155 436 1266 472 quinto:
1291 437 1349 473 Egyo
1378 440 1475 465 autent
1497 436 1560 465 dico
1581 436 1676 470 vobis,
1697 445 1755 465 non
1776 437 1848 464 resi-

1005 485 1078 509 stere
1098 482 1193 515 mah),-
1215 482 1264 510 sed
1284 482 1311 511 si
1331 483 1397 520 quis
1419 487 1443 511 te
1461 483 1639 520 percusserit
1653 484 1683 511 in
1698 484 1847 511 dexteram

1005 528 1159 556 inaaeillanz
1181 532 1274 563 tuani,
1292 529 1399 566 praebe
1415 522 1463 558 ’illi‘
1483 534 1507 558 et
1529 530 1660 558 alteram.

1085 574 1111 601 ln
1134 574 1224 603 Verbo
1245 575 1329 612 igitur
1351 584 1401 604 sno
1430 576 1500 604 bono
1531 576 1594 605 fecit
1623 577 1695 605 Deus
1721 577 1809 605 lucem
1832 584 1988 625 arrogrieiaies

1006 621 1140 657 prinCIpio
1161 624 1188 650 et
1208 630 1257 658 per
1279 622 1349 651 idem
1371 623 1442 651 dixit
1465 624 1580 651 verbum
1601 624 1769 652 obedientiae
1784 624 1847 652 illu-

1006 667 1135 696 minantis
1156 668 1183 696 in
1206 669 1358 705 Evangelio.
1382 670 1408 697 ln
1442 670 1532 698 Verbo
1560 678 1610 698 suo
1631 670 1759 698 iucundo
1786 670 1848 699 fecit

1007 713 1212 743 firmamentum
1234 715 1260 743 in
1291 716 1380 744 medio
1409 724 1544 753 aquarum
1567 720 1593 745 et
1614 725 1663 753 per
1685 717 1755 745 idem
1777 717 1848 745 dixit

1006 761 1122 789 verbum
1145 761 1320 797 benignitatis
1342 763 1537 791 conservantis.
1561 764 1588 791 ln
1610 764 1694 792 verbo
1716 772 1766 792 suo
1783 764 1847 792 ‘rino

1007 808 1182 844 congregavit
1203 816 1290 845 aquas
1311 809 1338 836 in
1359 809 1449 837 locum
1472 818 1560 838 unum
1582 813 1608 838 et
1629 818 1678 846 per
1693 810 1763 838 idem
1778 811 1849 839 dixit

1008 854 1124 882 verbum
1146 854 1293 890 pudicitiae
1315 856 1514 892 congregantis.
1537 857 1564 884 ln
1587 857 1677 885 Verbo
1698 864 1748 885 suo
1768 857 1849 885 saln-

1008 900 1093 938 tifero
1115 900 1179 929 fecit
1200 901 1347 930 luminaria
1361 902 1387 930 in
1404 902 1577 931 firmamento
1592 903 1657 931 caeli
1674 906 1700 931 et
1715 911 1763 939 per
1779 903 1848 931 idem

1007 947 1078 975 dixit
1099 948 1215 976 verbum
1237 948 1358 976 caritatis
1385 949 1579 977 universaliter
1599 949 1799 986 distinguentis.
1822 950 1849 977 ln

1007 994 1098 1023 Verbo
1119 1002 1170 1023 suo
1191 999 1306 1023 aeterno
1335 995 1468 1031 produxit
1494 996 1590 1032 reptile
1621 996 1727 1025 animae
1758 997 1850 1025 viven-

1007 1041 1042 1070 tis
1064 1044 1091 1070 et
1111 1041 1220 1070 volatile
1242 1044 1268 1070 et
1290 1050 1339 1078 per
1360 1042 1431 1070 idem
1459 1042 1530 1070 dixit
1558 1042 1673 1071 verbum
1705 1043 1850 1079 patientiae

1008 1088 1214 1125 superferentis.
1230 1104 1268 1108 ——
1285 1089 1490 1126 Quodcumque
1504 1097 1570 1126 ergo
1584 1089 1693 1117 dictant
1711 1093 1751 1118 est
1765 1090 1803 1118 sic
1824 1090 1851 1117 in

1008 1143 1040 1164 eo
1068 1139 1094 1164 et
1122 1143 1171 1172 per
1200 1143 1280 1168 euni,
1303 1135 1455 1164 secundum
1481 1136 1625 1164 consilium
1658 1137 1777 1173 Virginis
1805 1136 1850 1174 as-

1008 1182 1102 1220 feetn,
1124 1181 1217 1220 afficta
1241 1185 1267 1210 et.
1288 1181 1386 1219 effectu
1412 1186 1453 1210 cst
1480 1183 1657 1220 implendum.
1685 1187 1709 1212 el
1741 1183 1852 1220 felcien-

1008 1230 1087 1258 (lirin.

709 1353 866 1382 DOMlNlCA
889 1353 928 1381 lll.
952 1352 1033 1381 POST
1057 1353 1256 1381 EPIPHANIAM.

457 1469 547 1497 Sentio
570 1468 577 1495 l
589 1468 609 1495 5.

189 1564 276 1597 Ecce,
300 1563 430 1600 leprosus
451 1563 566 1591 venie-ns
587 1561 733 1591 culorabat
747 1570 823 1595 euni,
839 1561 953 1590 dicens.-

110 1611 240 1645 Dontinc,
255 1610 283 1638 si
295 1611 350 1644 vis,
362 1613 443 1647 potes
457 1619 502 1638 nze
515 1610 670 1644 mundare,
686 1609 812 1638 Matthaei
828 1609 952 1637 octavoss.

188 1657 345 1686 Prothema.
366 1656 495 1685 Parvuli
521 1656 668 1694 petierunt
694 1664 818 1693 panem,
841 1659 867 1684 et
896 1664 954 1684 non

109 1709 174 1735 erat
194 1705 246 1744 qui
265 1704 417 1742 frangeret
438 1704 487 1732 eis.

187 1753 272 1781 Homo
293 1751 458 1780 miserabilis
480 1759 515 1779 ex
538 1751 580 1779 sui
612 1751 831 1788 transgressione
852 1751 954 1787 prima-

109 1799 150 1828 ria
175 1798 278 1835 triplex
310 1798 411 1835 iugiter
441 1798 567 1834 deplorat
598 1797 819 1832 incommodum,
851 1797 954 1826 scilicet

109 1845 264 1874 debilitatis
285 1848 312 1874 et
332 1844 517 1884 impotentiae
538 1845 565 1873 in
587 1845 702 1879 effectu,
725 1848 752 1873 et
773 1845 825 1873 hoc
846 1852 895 1881 per
910 1853 953 1873 re-

109 1900 217 1922 cessum
239 1900 254 1921 a
276 1900 384 1921 summa
405 1892 559 1926 maiestate;
581 1892 760 1920 necessitatis
774 1894 801 1920 et
822 1892 953 1929 indiyen-

110 1940 167 1968 tiae
187 1940 215 1968 in
236 1939 376 1976 profectu,
398 1942 425 1968 et
446 1939 498 1968 hoc
520 1947 569 1976 per
591 1947 730 1968 recessum
753 1947 768 1967 a
783 1947 891 1967 summa
905 1939 953 1967 bo-

109 1987 210 2021 nitate;
233 1986 415 2015 crudelitatis
436 1989 464 2015 et
484 1986 614 2014 ditritiae
629 1986 656 2014 in
671 1986 780 2020 affectu,
796 1989 822 2014 et
837 1986 888 2014 hoc
904 1994 953 2022 per

111 2041 250 2062 recessum
272 2041 288 2061 a
309 2041 418 2061 summa
439 2033 555 2069 pietate;
577 2036 604 2061 et
625 2032 726 2061 idcirco
748 2033 774 2060 in
798 2033 889 2061 verbis
911 2040 953 2061 se-

111 2079 201 2109 cundo
232 2080 291 2108 loco
322 2080 433 2116 positis,
455 2087 526 2116 quae
547 2080 574 2108 in
596 2080 770 2108 Threnorum
794 2082 893 2116 quarto
915 2080 953 2108 le-

111 2126 212 2155 remiae
235 2127 376 2164 leguntur,
398 2127 501 2163 triplex
523 2129 702 2163 praenotatur
733 2126 952 2161 incommodum,

111 2173 214 2202 scilicet
234 2173 418 2210 impotentiae
443 2176 470 2202 et
500 2173 655 2202 debilitatis
686 2173 712 2201 in
744 2173 860 2206 el'sectu,
890 2181 952 2201 cum

112 2219 279 2257 praemittit:
301 2220 442 2254 Parvuli,
464 2220 567 2248 scilicet
594 2220 698 2248 debiles
725 2223 752 2248 et
774 2220 952 2256 impotente&

111 2267 287 2304 indigentiae
301 2270 328 2296 et
342 2267 519 2295 necessitatis
534 2267 560 2295 in
576 2267 715 2304 profectu,
731 2275 794 2295 cum
810 2267 953 2304 sequitur:

107 2314 253 2350 petierunt
270 2323 398 2351 panenz‚·
419 2314 508 2342 omnis
533 2314 606 2342 enim
638 2313 734 2350 petitio
754 2314 954 2350 praesupponit

110 2361 299 2389 necessitatem
329 2364 355 2389 et
382 2361 559 2397 indigentiam
583 2361 609 2389 in
631 2364 755 2397 petente;
777 2360 907 2389 duritiae
928 2364 954 2389 et

110 2407 294 2435 crudelitatis
321 2407 349 2435 in
380 2407 496 2443 affectu,
528 2415 590 2436 cum
620 2407 815 2444 subiungitur:
841 2410 866 2435 er
896 2415 954 2435 non

111 2457 176 2481 erat
197 2453 248 2491 qui
267 2452 419 2491 franqeret
440 2453 488 2482 eis.
521 2453 574 2482 Nos
606 2453 703 2490 igitur,
725 2453 848 2482 volentes
870 2461 954 2490 quae-

112 2499 173 2528 dam
195 2500 274 2528 utilia
295 2500 497 2537 congregationi
520 2500 658 2537 praesenti
680 2508 851 2537 proponere,
873 2499 955 2528 debe-

1012 1476 1074 1496 mus
1096 1468 1186 1504 primo
1206 1471 1312 1497 mentes
1333 1472 1440 1496 nostras
1472 1468 1504 1496 ad
1528 1468 1684 1497 misericors
1705 1472 1731 1497 et
1752 1469 1851 1497 fontale

1010 1514 1176 1551 principium
1200 1514 1320 1551 rogando
1335 1514 1466 1551 dirigere,
1483 1518 1513 1542 ut
1527 1515 1561 1543 ab
1576 1514 1673 1552 effectu
1695 1518 1789 1543 nostro
1803 1523 1852 1543 au—

1010 1560 1079 1589 ferat
1094 1560 1264 1589 debilitatem
1287 1564 1313 1589 et
1335 1561 1542 1597 impotentiam,
1559 1561 1648 1597 ipsum
1664 1561 1851 1595 fortilicando3

1010 1616 1025 1636 a
1054 1607 1189 1645 prosectu
1220 1608 1327 1636 auferat
1361 1609 1554 1636 necessitatem
1586 1612 1612 1636 et
1643 1608 1851 1645 nuliyentiani,

1010 1655 1101 1691 ipsum
1123 1655 1329 1691 amplisicando;
1352 1655 1386 1683 ab
1408 1654 1510 1692 affectu
1531 1655 1638 1683 auferat
1652 1655 1851 1683 crzulelitatenz

1010 1705 1037 1731 et
1058 1702 1220 1736 duritiam,
1253 1702 1344 1738 ipsum
1376 1702 1566 1735 rectificando3
1588 1704 1620 1730 ut
1641 1702 1678 1730 sic
1700 1702 1726 1730 in
1753 1702 1851 1731 esi'ectu

1009 1748 1180 1787 fortificati,
1203 1749 1231 1777 in
1258 1749 1385 1786 prosectu
1416 1749 1548 1782 dilatati,
1571 1749 1597 1776 in
1626 1749 1725 1777 affectu
1746 1748 1851 1785 rectifi-

1010 1797 1085 1830 cati,
1108 1796 1245 1833 possimus
1267 1796 1358 1833 aliqua
1380 1795 1486 1829 dicere,
1508 1803 1578 1831 quae
1600 1798 1664 1824 sunt
1685 1795 1718 1823 ad
1743 1795 1851 1824 laudem

1010 1846 1037 1871 et
1058 1843 1172 1880 gloriam
1201 1842 1243 1871 sui
1275 1842 1409 1871 benedicti
1442 1842 1559 1870 nominis
1580 1844 1607 1870 et
1627 1841 1780 1870 animarum
1803 1849 1852 1870 no-

1011 1894 1133 1919 strarum
1156 1890 1376 1918 consolationem.
1397 1890 1488 1917 Amen.

1091 1938 1177 1971 Ecce,
1200 1937 1331 1974 leprosus
1352 1937 1466 1965 veniens
1487 1941 1537 1965 etc.

1093 1985 1192 2020 «Quia
1213 1984 1351 2020 quaelibet
1372 1984 1472 2012 Christi
1494 1984 1564 2012 actio
1579 1986 1673 2011 nostra
1693 1986 1734 2012 est
1749 1983 1851 2012 instru-

1010 2032 1063 2061 ctio
1078 2044 1105 2066 »,
1127 2032 1198 2060 sicut
1219 2031 1285 2059 dicit
1305 2031 1401 2059 beatus
1423 2030 1591 2067 Augustinus
1603 2031 1628 2064 7;
1645 2030 1704 2059 ideo
1719 2030 1851 2058 hodierna

1012 2079 1119 2107 curatio
1141 2078 1289 2107 exterioris
1310 2078 1401 2114 leprae
1433 2077 1603 2114 corporalem
1634 2077 1850 2114 pulcritudinem

1010 2125 1196 2159 deformamus,
1219 2132 1289 2161 quae
1305 2128 1345 2153 est
1360 2124 1521 2161 significatio
1537 2124 1628 2160 leprae
1643 2124 1782 2152 interioris
1797 2124 1850 2160 spi-

1010 2173 1137 2201 ritualem
1170 2171 1383 2209 pulcritudinem
1416 2171 1602 2207 deturpantis,
1624 2174 1665 2199 est
1695 2174 1789 2199 nostra
1811 2171 1851 2199 in-

1011 2220 1127 2248 structio
1139 2219 1158 2246 ⁸.
1182 2219 1256 2247 Unde
1278 2218 1311 2246 ad
1344 2221 1465 2246 nostram
1487 2218 1695 2246 instructionem
1718 2218 1744 2246 in
1766 2218 1851 2246 verbo

1011 2267 1151 2303 proposito
1179 2266 1231 2294 sub
1264 2265 1362 2302 leprosi
1393 2265 1555 2301 metaphora
1583 2273 1598 2293 a
1618 2265 1673 2293 Deo
1695 2265 1782 2293 curati
1805 2265 1852 2293 de-

1011 2313 1142 2342 scribitur
1174 2312 1292 2341 conditio
1323 2312 1473 2349 peccatoris
1508 2315 1642 2348 quantum
1677 2311 1711 2340 ad
1741 2315 1851 2340 statum

1007 2363 1192 2397 perpetratae
1227 2358 1469 2396 trcuisffl'essionis
1503 2358 1620 2386 animam
1656 2358 1850 2391 deformantis3

1011 2408 1145 2443 quantum
1178 2405 1210 2433 ad
1243 2409 1339 2432 (letzim
1376 2404 1482 2433 debitae
1517 2404 1702 2432 subiectionis
1732 2404 1851 2432 animam

1011 2452 1194 2489 disponentis,
1216 2455 1243 2480 et
1264 2454 1399 2488 quantum
1421 2451 1453 2479 ad
1475 2450 1609 2489 affectunt
1630 2451 1763 2479 d'1scretae
1785 2460 1853 2479 ora-

1013 2499 1098 2527 tionis
1120 2499 1176 2527 sire
1208 2497 1413 2535 supplicationis
1445 2497 1563 2525 animam
1591 2497 1730 2526 elevantis.
1762 2497 1852 2526 Primo

174 2649 182 2662 ¹
201 2650 266 2672 Vers.
283 2651 310 2679 9;
328 2650 431 2679 sequitur
449 2651 524 2673 Matth.
542 2650 563 2677 5,
581 2651 620 2673 28.

174 2687 183 2701 ²
201 2689 267 2711 Vers.
286 2690 328 2718 ll;
345 2689 448 2718 sequitur
466 2690 542 2711 Matth.
561 2689 582 2717 5,
600 2689 638 2711 32.
655 2690 691 2711 37.

175 2727 183 2740 ὃ
201 2728 267 2750 Vers.
286 2728 327 2755 ⁴43
344 2728 448 2756 sequitur
465 2729 541 2750 Malth.
560 2728 581 2756 5,
599 2728 635 2750 44.

174 2767 183 2779 ⁴
202 2767 267 2789 Vers.
287 2767 329 2794 20;
346 2767 451 2795 sequitur
468 2768 543 2789 Manli.
562 2767 582 2795 5,
600 2768 637 2789 39.

176 2806 185 2818 ⁵
202 2806 304 2828 lIahetnr
321 2806 342 2828 in
360 2807 469 2828 vaticana
487 2809 508 2828 et
526 2807 547 2828 in
566 2807 634 2829 codd.
651 2806 667 2829 C
678 2807 743 2829 DEF
760 2811 782 2830 et
798 2807 820 2829 in
841 2807 892 2829 cod.
912 2808 954 2829 Tu-

114 2845 170 2867 dert.
188 2852 211 2867 n.
229 2845 280 2867 104.
299 2845 336 2867 sol.
353 2845 383 2867 92
400 2852 430 2872 v.,
448 2845 487 2873 qui
501 2845 600 2867 eundem
613 2851 743 2868 sermonem
756 2847 825 2868 refert
837 2846 889 2868 hinc
902 2846 955 2868 inde

113 2884 284 2911 abbreriandm
301 2884 341 2906 sed
360 2884 381 2905 in
400 2884 473 2912 prima
491 2887 556 2912 parte
581 2884 654 2912 aliqua
677 2884 792 2907 addendo.
818 2884 899 2913 Quoad
925 2884 956 2906 <li-

113 2923 225 2945 visionem
251 2923 381 2950 generalem
408 2926 494 2945 tantum
521 2923 618 2945 liabetur
640 2923 708 2945 etiam
735 2923 757 2945 in
785 2924 835 2946 cod.
861 2923 955 2945 'rudera

113 2969 135 2984 n.
159 2962 210 2984 143.
236 2963 272 2984 sol.
290 2962 318 2984 30
337 2968 354 2984 r.
373 2962 470 2984 Schema
488 2962 591 2984 eiusdem
613 2962 668 2984 infra
690 2963 790 2990 positum
814 2962 911 2985 liabetur
934 2963 955 2984 in

1011 2651 1028 2671 A.
1042 2650 1078 2671 tol.
1096 2649 1135 2670 100
1149 2655 1170 2670 v.
1184 2651 1204 2670 et
1217 2648 1238 2670 ln
1253 2648 1331 2670 codice
1344 2646 1526 2675 Carolopolitano
1539 2653 1607 2675 supra
1621 2653 1674 2675 pag.
1690 2648 1739 2675 181,
1752 2650 1804 2669 nota
1817 2648 1853 2669 10.

1012 2689 1079 2711 citato
1092 2688 1127 2709 sol.
1140 2687 1177 2709 73.
1279 2686 1289 2699 θ
1307 2686 1372 2708 Vers.
1384 2687 1405 2708 2.
1417 2698 1448 2702 —
1460 2687 1580 2708 Prothema
1593 2685 1690 2708 habetur
1701 2687 1784 2708 Thren.
1799 2686 1819 2713 t,
1832 2686 1853 2708 4.

1074 2726 1082 2739 ⁷
1100 2727 1145 2749 Csr.
1162 2726 1224 2749 Libr.
1241 2726 1269 2748 de
1295 2732 1349 2748 vera
1376 2726 1505 2753 Religione,
1529 2732 1547 2748 c.
1569 2726 1601 2748 16.
1625 2733 1647 2748 n.
1667 2726 1709 2748 32:
1732 2726 1789 2748 Tota
1807 2726 1853 2748 rita

1012 2767 1061 2789 eius
1079 2767 1100 2788 in
1119 2759 1207 2788 terris...
1225 2765 1344 2793 disciplina
1363 2771 1454 2787 morum
1473 2765 1521 2787 t'uit.
1539 2766 1563 2787 Et
1580 2772 1649 2787 serm.
1674 2765 1711 2788 75.
1730 2765 1794 2793 (alias
1817 2766 1853 2787 22⁷.

1012 2807 1041 2828 (le
1060 2805 1169 2833 Diversis)
1188 2811 1208 2827 c.
1226 2806 1246 2827 Ξ.
1265 2811 1286 2826 11.
1304 2806 1330 2826 2:
1347 2805 1369 2826 ln
1387 2804 1503 2831 omnibus,
1521 2811 1580 2833 qnae
1598 2804 1649 2827 fecit
1675 2804 1797 2832 Dominus,
1816 2804 1854 2826 ad-

1012 2847 1090 2867 monet
1107 2850 1157 2871 nos,
1174 2844 1374 2873 quemadmodum
1392 2844 1429 2866 liic
1446 2844 1562 2866 vivamus.

1074 2882 1082 2895 Β
1102 2884 1209 2906 Vaticana
1227 2886 1249 2905 et
1266 2883 1357 2905 codices
1375 2883 1451 2905 minus
1469 2889 1570 2911 congrue
1588 2886 1639 2911 post
1654 2882 1810 2912 deformantes
1827 2883 1855 2905 le-

1013 2926 1083 2950 gunt:
1100 2924 1133 2945 est
1151 2922 1274 2945 lusti-actio
1292 2923 1313 2945 et
1329 2921 1469 2952 si'ynillcutio
1488 2921 1567 2951 leprae
1585 2921 1704 2945 interioris
1716 2925 1758 2944 etc.
1771 2922 1827 2944 Cod.
1840 2922 1854 2943 F

1014 2966 1088 2984 tamen
1106 2962 1188 2984 omittit
1205 2963 1226 2984 cl
1242 2961 1390 2991 siqnificutio.

1864 614 1892 627 vei
1911 607 1916 625 i
1929 607 1983 630 quinv

1901 635 1944 653 que.

1868 1985 1941 2004 Sermo.

1870 2311 1946 2331 Divisio.
