2243 3348
267 533 345 552 Divisio.

275 1276 321 1295 Pars
334 1276 347 1294 l.

235 1369 348 1388 Subdivisio.

234 1649 302 1670 Primo,
317 1653 348 1672 pe-

222 1672 298 1691 tendum
312 1672 349 1690 sin-

222 1696 297 1714 ceriter.

247 2255 338 2277 Secundo,

239 2278 347 2302 prudenter.

362 261 418 290 312

361 339 406 367 dat
428 346 478 367 sua
501 337 618 374 pretiosa
639 335 709 363 dona
730 333 842 370 gratiae,
857 330 908 359 nisi
924 329 1068 365 diligenter
1083 335 1112 355 se
1126 334 1205 363 prae-

362 387 454 421 pa1·et;
477 383 537 411 ideo
558 381 690 410 Dominus
711 381 804 407 noster
827 377 901 405 lesus
928 374 1055 403 Christus
1082 372 1116 400 ad
1138 372 1205 405 hoc,

362 434 394 459 111
415 429 541 466 discipuli
563 428 604 457 sui
627 426 713 455 idonei
730 426 821 453 essent
835 423 868 451 ad
885 420 1071 458 recipiendum
1088 418 1206 446 influen-

363 478 427 506 tiam
449 475 591 505 diffusivae
613 472 756 504 bonitatis,
778 471 804 498 in
827 468 912 497 verbo
940 465 1080 503 proposito
1108 472 1154 493 eos
1179 466 1206 492 et

363 524 390 552 in
412 523 450 551 eis
471 521 621 558 quemlibet
642 521 767 546 nostrum
790 515 895 552 primo,
918 513 1022 542 inducit
1046 511 1080 540 ad
1108 518 1207 539 conve-

364 570 482 598 nientem
515 565 721 603 congruentiam
754 562 865 590 debitae
896 558 1140 597 praepa-rationis
1170 564 1205 585 ex

363 619 441 653 parte
463 613 565 645 nostri:
588 610 723 643 secundo,
744 608 843 637 asserit
865 606 1005 635 liberalem
1036 603 1205 633 affluentiam

362 668 507 698 supernae
527 657 693 696 diffusionis
708 663 743 684 ex
760 658 837 691 parte
858 653 921 687 Dei;
937 652 1032 685 terti0,
1051 650 1139 687 aperit
1154 649 1207 678 uti-

363 709 416 737 lem
439 706 586 735 efficaciam
609 703 763 740 completae
781 699 969 738 perfectionis
990 707 1026 727 ex
1042 701 1120 735 parte
1134 696 1207 725 doni.

364 755 453 783 Primo
475 751 672 782 conuenientia
693 749 803 778 debitae
821 745 1065 784 praeparationis
1079 752 1115 773 ex
1131 746 1208 780 parte

362 800 448 829 nostri
470 802 591 832 notatur,
613 805 676 826 cum
697 796 815 825 dicitur:
839 793 934 822 Petite.
957 792 1036 821 Nulla
1057 791 1129 820 enim
1153 797 1208 819 me-

364 848 414 876 lior
443 845 616 883 praeparatio
647 843 679 872 ad
709 840 909 879 impetrandam
939 839 1059 867 divinam
1092 837 1207 874 gratiam

364 902 447 931 quam
469 892 564 929 petitio
585 891 699 919 devotae
719 888 859 917 orationis.
882 885 1007 915 Secundo
1029 887 1140 913 notatur
1162 882 1209 921 af-

363 939 485 977 fluentia
516 945 662 974 supernae
692 934 860 973 diffusionis
891 941 926 961 ex
958 935 1036 969 parte
1060 930 1122 964 Dei,
1144 938 1208 959 cum

365 986 509 1016 subditur:
531 988 555 1013 et
577 982 739 1020 accipietis,-
761 981 838 1018 quasi
860 980 975 1008 diceret:
999 981 1089 1006 tantae
1110 977 1209 1005 libera-

364 1033 447 1062 litatis
469 1035 496 1061 et
517 1030 669 1060 diffusionis
690 1032 731 1058 est
751 1028 842 1056 divina
864 1026 983 1059 bonitas,
1006 1028 1037 1053 ut
1058 1025 1084 1052 in
1109 1023 1208 1052 nobis1

365 1081 399 1110 sit
420 1079 552 1116 accipere.
574 1077 666 1106 Tertio
687 1079 798 1105 notatur
820 1074 950 1112 efficacia
970 1071 1125 1109 completae
1142 1079 1210 1107 per-

365 1126 498 1164 fectionis
520 1133 555 1153 ex
578 1127 655 1160 parte
676 1123 755 1156 doni,
777 1129 840 1150 cum
869 1120 1057 1149 subinfertur:
1083 1121 1116 1146 ut
1134 1125 1210 1155 qau—

368 1174 452 1202 dium
472 1175 601 1200 vest-rum
622 1170 660 1198 sit
677 1169 805 1206 plenum.

446 1219 462 1247 Ι.
485 1218 555 1246 Dicit
576 1225 656 1253 ergo:
682 1216 782 1249 Petite,
804 1214 850 1243 ubi
874 1221 923 1242 nos
944 1212 1049 1241 inducit
1063 1211 1096 1240 ad
1111 1218 1210 1240 conve-

365 1266 484 1294 nientem
507 1263 715 1301 congruentiam
737 1262 843 1290 debitae
865 1259 1049 1296 dispositionis
1071 1266 1107 1287 ex
1132 1260 1210 1294 parte

366 1312 462 1342 nostri.
486 1312 531 1340 Ille
552 1311 624 1340 enim
646 1309 737 1338 debite
758 1316 786 1337 se
807 1308 927 1344 disponit
945 1306 979 1335 ad
1000 1305 1120 1334 divinam
1148 1313 1210 1342 gra·
1237 1328 1238 1332 ,

366 1360 449 1393 tiam,
471 1361 605 1395 quantum
627 1360 668 1385 est
689 1356 722 1385 de
737 1363 779 1387 se,
795 1355 842 1391 qui
862 1354 929 1391 petit
951 1353 1039 1390 primo
1060 1351 1212 1380 sinceriter
1238 1383 1239 1396 Ξ

1238 1397 1239 1402 ’
1268 1400 1329 1431 nat,
1352 1397 1417 1425 dum
1441 1400 1531 1425 tamen
1555 1404 1608 1424 non
1631 1398 1742 1432 petatur
1773 1395 1846 1432 quod
1878 1395 1914 1424 sit
1944 1395 2114 1424 contrarium

366 1414 429 1434 cuin
450 1404 614 1433 rectitudine
635 1402 816 1431 conscientiae
838 1401 863 1428 in
885 1399 1046 1428 declinando
1068 1398 1211 1432 111313;50-

366 1451 465 1485 cundo,
485 1451 645 1488 prudenter
666 1456 729 1477 cum
751 1448 915 1476 discretione
937 1446 1100 1483 prudentiae
1121 1445 1147 1473 in
1164 1445 1211 1473 eli-

365 1499 453 1536 gendo
476 1498 560 1531 bona:
583 1496 672 1529 tertio,
693 1494 872 1532 fiducialiter
886 1501 949 1522 cum
966 1492 1132 1522 certitudine
1147 1500 1211 1520 con-

366 1545 493 1574 fidentiae
516 1544 540 1572 in
563 1542 748 1579 exspectando
769 1541 872 1569 futura.

444 1591 534 1619 Primo
558 1589 643 1627 petite
673 1589 824 1616 sinceriter
855 1595 919 1616 cum
952 1586 1116 1615 rectitudine
1148 1594 1211 1614 con·
1239 1585 1240 1596 ³

365 1638 492 1667 scientiae
514 1637 539 1665 in
561 1635 721 1665 declinando
744 1635 829 1668 mala;
862 1634 936 1663 unde
967 1634 1073 1671 primae
1106 1632 1212 1661 loannis
1239 1654 1241 1671 ,7

365 1685 485 1714 tertio2:
510 1683 683 1716 Carissimi,
704 1682 732 1710 si
752 1690 802 1710 cor
822 1685 957 1710 nostrum
978 1689 1036 1709 non
1060 1678 1212 1717 reprelien—

365 1732 439 1761 derit
459 1740 528 1764 nos,
549 1730 693 1767 fiduciam
714 1728 854 1757 habemus
875 1728 915 1757 ad
937 1728 1048 1760 Deum;
1069 1726 1213 1764 quidquid

361 1778 548 1816 petierimus,
570 1777 747 1813 accipiemus
769 1775 805 1804 ab
830 1784 878 1808 eo,·
900 1774 1039 1813 quoniam
1067 1773 1212 1802 mandata

365 1826 427 1854 eius¹
448 1824 646 1857 custodiinus‘,
667 1826 694 1851 et
707 1831 740 1851 ea
755 1830 830 1860 quae
844 1825 913 1850 sunt
923 1821 1036 1858 placita
1052 1829 1151 1849 coram
1167 1828 1212 1853 eo,

364 1872 502 1910 facimus.
527 1872 602 1900 Sicut
623 1870 697 1899 enim
718 1870 771 1903 sol,
786 1877 849 1898 cum
865 1872 906 1898 est
920 1869 968 1897 aer
983 1868 1148 1904 depuratus,
1164 1875 1214 1904 per

367 1918 561 1948 resolutionem
584 1917 700 1946 nubium
723 1916 823 1945 emittit
844 1923 910 1944 51105
941 1915 1032 1943 radios
1053 1918 1080 1943 et
1107 1914 1214 1943 clarita-

365 1970 420 1995 tem
441 1965 483 1994 sui
506 1965 619 1993 luminis
651 1972 700 2001 per
721 1964 786 1992 a'era
817 1962 946 1991 diffundit
977 1962 1212 1998 circumquaque3

366 2013 403 2041 sic
425 2013 513 2045 Deus,
535 2011 578 2040 sol
598 2011 745 2044 iustitiae,
768 2010 793 2038 in
816 2018 863 2038 cor
886 2009 1021 2037 mundum
1043 2012 1069 2037 et
1091 2011 1213 2041 rectum,

366 2060 393 2087 in
414 2067 469 2096 quo
491 2066 544 2087 non
566 2062 607 2087 est
629 2064 771 2086 remorsus
786 2056 978 2089 conscientiae,
992 2054 1112 2083 infundit
1125 2055 1213 2083 abun-

365 2106 462 2135 danter
476 2106 546 2134 dona
561 2112 627 2134 suae
642 2104 754 2141 gratiae.
770 2104 827 2131 Non
843 2105 884 2131 est
899 2102 971 2131 enim
987 2102 1165 2135 conveniens,
1181 2104 1213 2129 ut

367 2154 481 2182 caeleste
503 2160 596 2181 aroma
617 2151 721 2189 gratiae
743 2152 862 2187 ponatur
877 2150 904 2178 in
920 2149 1020 2178 foetido
1034 2157 1098 2178 vase
1113 2149 1211 2177 cordis.

445 2199 569 2228 Secundo
586 2199 671 2236 pelice
689 2198 851 2235 prudenter
872 2205 935 2225 cum
960 2196 1124 2225 discretione
1145 2204 1213 2233 pru-

367 2246 473 2275 dentiae
495 2246 522 2274 in
543 2245 667 2282 eligendo
688 2245 767 2273 hona.
790 2244 865 2273 Unde
888 2243 960 2272 tertii
983 2243 1086 2280 Regum
1109 2242 1212 2271 1011103

367 2293 400 2321 de
421 2293 564 2321 Salomone
584 2292 702 2321 dicitur:
726 2291 803 2327 Quia
829 2290 987 2328 postulasti
1013 2289 1134 2318 verbum
1162 2288 1214 2317 lioc

367 2343 391 2368 et
412 2348 469 2368 non
487 2339 584 2376 petisti
615 2338 666 2367 tibi
697 2338 757 2367 dies
788 2337 894 2366 multos
925 2345 976 2365 nec
1008 2336 1129 2364 divitias
1160 2339 1214 2364 aut

368 2387 485 2414 animas
506 2386 694 2414 inimicorum
726 2389 862 2418 tuorum,
894 2384 944 2413 sed
973 2383 1131 2421 postulasti
1163 2383 1217 2411 tibi

367 2433 542 2470 sapientiam
565 2433 605 2461 ad
626 2432 849 2461 discernendum
871 2431 1034 2465 iudicium,
1056 2439 1132 2464 ecce,
1157 2429 1215 2467 feci

369 2480 420 2508 tibi
439 2480 599 2507 secundum
619 2487 764 2507 sermones
796 2483 878 2511 tuos;
909 2479 989 2515 quasi
1020 2478 1092 2506 dicat
1123 2478 1212 2506 Deus:

371 2527 447 2562 Quia
468 2535 525 2554 non
545 2527 640 2563 petisti
660 2526 870 2555 diuturnitatem
892 2526 980 2559 vitae,
1005 2528 1037 2554 ut
1064 2524 1214 2554 elevareris

370 2573 397 2601 in
419 2573 593 2609 superbiam,
615 2580 665 2601 nec
686 2572 863 2609 cupiditatem
893 2572 1041 2608 pecuniae,
1063 2575 1095 2600 ut
1122 2570 1213 2607 depri-

371 2619 485 2648 mereris
506 2627 556 2656 per
576 2619 731 2652 avaritiam,
753 2626 803 2647 nec
824 2618 990 2654 impietatem
1014 2618 1161 2651 vindictae,
1183 2619 1214 2645 ut

370 2665 569 2702 pervertereris
584 2673 632 2702 per
644 2665 786 2699 invidiam;
801 2665 850 2693 sed
861 2665 1019 2702 postulasti
1033 2665 1085 2693 tibi
1097 2664 1213 2701 sapien-

372 2712 443 2740 tiam
465 2712 504 2740 ad
525 2712 746 2740 discernendum
768 2715 795 2740 et
813 2712 968 2748 eligendum
991 2712 1094 2740 bonum
1110 2711 1213 2748 gratiae

371 2767 386 2787 a
408 2759 479 2787 malo
501 2759 612 2795 culpae:
635 2758 694 2787 ideo
716 2759 873 2795 petitionem
897 2761 971 2787 tuam
1000 2758 1107 2787 effectui
1138 2766 1214 2786 man-

435 2923 442 2935 ¹
460 2924 545 2952 Supple
562 2923 712 2947 desiderium.

434 2961 443 2974 ²
461 2963 526 2985 Yers.
543 2963 581 2984 21.
600 2969 659 2991 seq.;
677 2963 728 2985 dein
746 2964 867 2991 respicitur
886 2964 978 2986 Malaca.
997 2964 1022 2990 4,
1041 2965 1062 2986 2.

435 3000 443 3012 ³
462 3001 524 3022 Vers.
546 3002 579 3023 11.
596 3008 658 3030 seq.;
675 3002 778 3030 sequitur
797 3003 856 3025 Esth.
875 3003 897 3029 7,
915 3003 936 3024 Ξ.
954 3009 1001 3031 seq,
1020 3006 1041 3025 et
1053 3006 1132 3030 postea
1145 3003 1215 3030 respi-

517 3040 529 3047 ,-

373 3040 430 3062 citur
447 3040 500 3067 Sap.
522 3048 539 3067 i,
557 3041 578 3062 S.

1026 249 1198 279 SERMONES
1219 248 1262 276 DE
1284 245 1448 275 TEMPORE.

1261 323 1357 360 cipavi.
1381 322 1418 350 De
1440 322 1492 349 boc
1514 320 1639 349 similiter
1661 322 1750 356 potest
1778 319 1879 356 exponi
1911 319 1977 348 illud
2009 319 2106 348 Esther

1262 369 1393 406 septimo:
1410 369 1490 404 Quae
1504 371 1545 395 est
1563 366 1662 403 petitio
1678 369 1740 400 tua,
1758 364 1869 400 Esther,
1885 370 1916 394 ut
1930 366 2015 394 detur
2030 366 2082 394 tibi
2093 365 2106 393 f>

1262 421 1287 445 ct
1308 415 1379 453 quid
1401 415 1443 443 vis
1463 414 1530 451 lieri
1551 413 1623 442 tibi?
1648 413 1742 441 Etiam
1763 412 1791 441 si
1810 412 1967 441 dimidiam
1991 416 2107 450 partem

1263 462 1348 499 reyni
1362 461 1419 489 mei
1429 460 1559 497 petieris,
1575 458 1752 497 impetrabis.
1769 459 1801 487 Et
1814 459 1867 487 ait:
1884 458 1917 487 Si
1930 459 2027 487 inveni
2039 467 2108 496 yra-

1264 509 1337 536 tiam
1358 507 1389 535 in
1411 506 1502 535 oculis
1524 505 1599 540 tuis,
1622 513 1637 534 o
1659 514 1728 539 rex,
1750 509 1774 533 ct
1795 505 1823 533 si
1843 505 1895 534 tibi
1905 505 2014 542 placet,
2029 506 2107 534 dona

1262 553 1337 583 milii
1357 553 1491 582 animam
1513 560 1624 586 meam,
1644 560 1700 589 pro
1722 560 1781 590 qua
1802 560 1890 589 royo,
1916 556 1942 580 et
1965 552 2109 589 populum

1263 609 1371 635 meum,
1392 608 1446 637 pro
1468 608 1524 637 quo
1545 599 1670 627 obsecro.
1692 599 1717 627 Si
1740 606 1806 635 ergo
1821 599 1872 627 ista
1886 599 1994 635 sapiens
2009 599 2109 627 mulier

1263 647 1435 685 praeposuit
1455 647 1571 675 salutem
1594 646 1718 683 corporis
1739 645 1780 675 sui
1803 649 1830 674 et
1852 646 2045 682 proximorum
2065 654 2109 674 rc-

1263 695 1331 732 9nis
1351 698 1377 722 et
1397 693 1523 726 sedibus,
1545 693 1633 721 multo
1656 693 1754 721 fortius
1776 701 1825 721 nos
1845 692 1979 721 debemus
1994 700 2110 729 praepo-

1266 749 1331 770 nere
1351 741 1468 769 salutem
1483 740 1590 768 animae
1604 740 1733 768 omnibus
1748 739 1832 768 rebus
1849 739 1974 773 terrenis,
1990 746 2022 767 eo
2036 738 2110 776 quod

1264 788 1331 825 plus
1352 791 1393 815 est
1407 788 1511 815 anima
1526 794 1608 823 quam
1632 794 1747 823 corpus,
1763 793 1812 814 nec
1824 786 1942 822 prodest
1957 785 2110 822 quidquam

1265 833 1392 868 homini,
1414 834 1442 862 si
1462 834 1633 862 universum
1655 833 1800 862 muudum
1825 832 1970 866 lucretur,
1993 832 2111 860 animae

1265 889 1332 909 vero
1353 889 1426 909 suae
1446 880 1650 909 detrimentum
1673 879 1770 908 mortis
1788 879 1936 916 patiatur,
1956 879 2021 916 quia
2036 879 2112 907 011113

1266 927 1454 957 commutatio
1473 931 1563 964 potest
1584 927 1655 955 dari
1672 935 1728 963 pro
1750 927 1854 955 anima
1865 927 1885 954 4.

1345 975 1437 1003 Tertio
1462 974 1547 1011 petite
1577 974 1756 1010 fiducialiter
1777 981 1840 1002 cum
1862 973 2028 1002 certitudine
2048 980 2112 1002 con-

1267 1022 1394 1051 fidentiae
1416 1022 1442 1050 in
1465 1021 1651 1058 exspectando
1665 1021 1777 1054 futura3
1799 1020 1872 1049 unde
1887 1020 1992 1057 primae
2008 1020 2113 1049 loannis

1266 1069 1363 1106 quinto
1375 1069 1401 1097 ⁵:
1418 1069 1496 1097 Haec
1510 1072 1550 1096 est
1563 1068 1685 1104 fiducia,
1701 1076 1789 1106 quam
1805 1066 1944 1096 habemus
1958 1066 1999 1095 ad
2009 1067 2112 1101 Deum,

1266 1116 1347 1154 quia,
1362 1116 1563 1154 quodcumque
1579 1114 1748 1152 petierimus
1762 1114 1922 1143 secuudum
1937 1113 2113 1142 volunta-tem

1266 1163 1339 1197 eius,
1361 1163 1446 1191 audit
1467 1171 1539 1195 nos;
1560 1166 1585 1190 et
1605 1162 1725 1196 scimus,
1747 1161 1818 1199 quia
1840 1161 1925 1190 audit
1945 1169 2015 1195 nos,
2030 1160 2113 1198 quid-

1266 1209 1337 1248 quid
1355 1209 1535 1246 pcticrimus,
1557 1208 1672 1245 Quando
1693 1208 1765 1237 enim
1788 1208 1952 1236 naturaliter
1967 1208 2049 1236 bomo
2063 1206 2113 1235 dif-

1267 1256 1354 1285 fidens
1375 1256 1408 1285 de
1430 1264 1479 1284 sua
1502 1256 1636 1293 potentia,
1659 1255 1828 1284 confidenter
1849 1254 1971 1283 recurrit
1991 1254 2023 1282 ad
2045 1253 2114 1282 divi—

1267 1311 1329 1332 nam
1351 1303 1536 1337 clementiam‚
1559 1302 1649 1331 statim
1672 1302 1829 1331 misericors
1850 1302 1924 1330 Deus
1945 1309 2027 1330 aures
2048 1308 2115 1330 51130

1267 1350 1376 1387 pietatis
1397 1350 1430 1379 ad
1452 1350 1658 1378 exaudiendum
1680 1349 1740 1378 01115
1761 1357 1857 1385 preces
1875 1349 2023 1377 clementer
2038 1348 2115 1377 incli-

1268 1444 1348 1473 saluti
1372 1451 1438 1472 suae
1461 1444 1502 1472 vel
1524 1443 1655 1479 proximi,
1677 1442 1742 1479 quia
1762 1442 1824 1471 talis
1845 1442 1940 1479 petitio
1958 1441 2116 1479 displiceret

1268 1491 1356 1520 oculis
1376 1491 1484 1519 divinae
1506 1490 1671 1524 maiestatis,
1693 1497 1743 1519 nec
1768 1490 1913 1518 inclinaret
1940 1488 2113 1518 dulcedinem

1270 1538 1392 1575 pietatis,
1414 1538 1498 1566 immo
1529 1537 1652 1565 irritaret
1684 1537 1875 1566 rectitudinem
1907 1536 2061 1573 aequitatis.
2086 1535 2116 1563 Et

1269 1588 1383 1622 propter
1399 1585 1450 1613 1100
1465 1584 1566 1613 dicitur
1587 1584 1673 1613 lacobi
1695 1588 1811 1621 quarto:
1829 1583 1929 1611 Petitis
1950 1586 1974 1611 et
1994 1591 2052 1611 non
2067 1590 2115 1611 ac-

1269 1631 1375 1669 cipitis,
1387 1640 1418 1659 eo
1429 1631 1506 1669 quod
1521 1630 1595 1659 male
1607 1631 1713 1667 petatis
1721 1641 1731 1664 ;
1746 1630 1819 1667 quod
1835 1630 1874 1664 fit,
1886 1629 1997 1666 quando
2011 1629 2115 1666 petitur

1269 1679 1386 1716 aliquid,
1409 1678 1482 1715 quod
1506 1678 1541 1707 sit
1561 1678 1730 1707 contrarium
1754 1677 1834 1706 saluti
1857 1677 1964 1706 animae
1985 1684 2052 1705 suae
2073 1676 2116 1705 vel

1270 1727 1407 1763 proximi;
1429 1726 1503 1763 quod
1518 1726 1643 1762 displicet
1659 1726 1726 1759 Deo,
1743 1725 1814 1753 sicut
1829 1724 1909 1753 alicui
1926 1724 1982 1761 regi
2005 1724 2052 1761 qui
2069 1731 2114 1760 pe—

1272 1776 1356 1807 teret,
1378 1777 1411 1802 ut
1431 1773 1534 1802 faceret
1548 1773 1598 1802 sibi
1614 1772 1784 1809 vituperium
1802 1771 1844 1801 vel
1859 1771 2049 1808 opprobrium.
2065 1770 2116 1799 Sed

1270 1821 1335 1858 quia
1350 1821 1415 1849 vitia
1430 1820 1482 1849 sub
1496 1820 1586 1856 specie
1602 1819 1713 1848 virtutis
1734 1819 1881 1856 aliquando
1896 1818 2069 1852 deferuntur,
2090 1820 2117 1846 et

1270 1867 1323 1896 sub
1338 1867 1456 1904 quadam
1472 1866 1654 1900 simulatione,
1666 1874 1737 1903 quae
1754 1869 1841 1894 mater
1856 1867 1897 1894 est
1911 1865 2045 1899 falsitatis,
2060 1864 2117 1893 ani-

1271 1922 1333 1942 mus
1344 1914 1511 1947 concitatur;
1524 1913 1584 1942 ideo
1597 1913 1676 1941 multi
1690 1913 1715 1941 in
1730 1921 1779 1941 sua
1791 1912 1921 1949 petitione
1931 1911 2116 1948 decipiuntur.

1350 1961 1377 1989 11.
1400 1961 1547 1997 Sequitur:
1569 1964 1594 1988 et
1615 1960 1780 1997 accipietis,
1802 1959 1849 1988 ubi
1872 1958 1993 1988 secundo
2020 1958 2118 1987 asserit

1271 2008 1411 2037 liberalem
1440 2007 1624 2044 affluentiam
1654 2014 1800 2043 supernae
1831 2004 2006 2044 diffltsionis.
2038 2005 2118 2033 iuxta

1271 2055 1407 2091 triplicem
1438 2054 1510 2083 enim
1542 2053 1747 2090 dispositionem
1781 2053 1947 2089 praedictam
1980 2051 2119 2089 accipietis

1271 2101 1373 2138 triplex
1395 2101 1499 2129 donum
1520 2100 1555 2129 ab
1576 2100 1718 2129 affluentia
1732 2100 1840 2128 divinae
1857 2099 2035 2128 liberalitatis.
2051 2099 2117 2127 Nam

1270 2148 1360 2185 primo
1382 2151 1506 2185 petentes
1526 2147 1678 2176 sinceriter
1699 2154 1762 2176 cum
1786 2146 1950 2175 rectitudine
1978 2145 2118 2174 conscien-

1271 2195 1324 2224 tiae
1346 2195 1372 2223 in
1394 2194 1555 2223 declinando
1587 2194 1690 2222 malum
1721 2194 1856 2230 accipient
1886 2193 2049 2222 claritatem
2070 2200 2120 2221 sa-

1268 2242 1395 2279 pientiae
1415 2241 1559 2278 dirigentis
1580 2241 1699 2270 animam
1721 2244 1857 2278 quantum
1879 2240 1912 2269 ad
1941 2239 2118 2274 rationalem3

1271 2289 1400 2323 secundo,
1423 2292 1546 2326 petentes
1564 2289 1726 2325 prudenter
1740 2296 1803 2317 cum
1818 2287 1983 2316 discretione
1998 2286 2119 2324 pruden-

1273 2336 1324 2364 tiae
1346 2335 1372 2364 in
1395 2335 1519 2372 eligendo
1540 2336 1643 2364 bonum
1666 2335 1800 2372 accipient
1818 2334 2028 2372 pretiositatem
2047 2341 2120 2371 yra-

1272 2383 1328 2411 tiae
1348 2382 1460 2411 ditantis
1481 2382 1600 2410 animam
1632 2385 1766 2419 quantum
1796 2382 1829 2410 ad
1861 2380 2118 2418 concupiscibilem;

1272 2429 1362 2463 tertio,
1384 2432 1508 2465 petentes
1528 2428 1708 2465 fiducialiter
1722 2436 1785 2457 cum
1801 2428 1966 2457 certitudine
1981 2426 2119 2456 confiden—

1273 2476 1324 2504 tiae
1345 2476 1372 2504 in
1394 2475 1580 2512 exspectando
1602 2475 1697 2504 futura
1715 2475 1850 2512 accipient
1864 2474 2036 2503 soliditatem
2053 2481 2119 2502 con-

1270 2523 1398 2551 stantiae
1418 2522 1575 2551 roborantis
1596 2523 1716 2551 animam
1738 2526 1873 2559 quantum
1895 2521 1928 2550 ad
1944 2520 2118 2554 irascibilem,

1272 2573 1303 2599 ut
1324 2570 1362 2598 sic
1383 2578 1432 2606 per
1456 2570 1506 2598 ista
1528 2569 1581 2598 tria
1601 2569 1672 2598 dona
1693 2569 1884 2606 configuretur
1905 2568 1996 2597 anima
2020 2575 2118 2596 secun-

1271 2617 1337 2646 dum
1359 2625 1454 2645 omnes
1475 2625 1539 2645 suas
1560 2616 1696 2653 potentias
1718 2616 1755 2644 illi
1778 2616 1872 2644 beatae
1893 2614 2028 2643 Trinitati.

1350 2664 1442 2692 Primo
1463 2664 1610 2701 accipietis
1631 2663 1794 2692 claritatem
1818 2662 1980 2699 sapientiae
2000 2661 2119 2698 dirigen-

1272 2710 1306 2739 tis
1327 2710 1445 2738 animam
1464 2713 1600 2747 quantum
1622 2710 1655 2738 ad
1677 2710 1854 2743 rationalem;
1870 2708 1943 2738 unde
1959 2707 2119 2736 Proverbio-

1272 2766 1334 2786 rum
1357 2758 1492 2786 octavossz
1515 2757 1643 2794 Accipite
1672 2756 1859 2793 disciplinam
1886 2764 1981 2784 meam
2009 2758 2033 2783 et
2060 2762 2119 2782 non

1336 2924 1345 2936 ⁴
1363 2925 1438 2946 Mattb.
1461 2924 1497 2950 16,
1516 2925 1552 2946 26.

1336 2962 1345 2975 5
1364 2963 1428 2985 Vers.
1450 2963 1484 2985 14.
1501 2969 1561 2992 seq.;
1579 2963 1683 2991 sequitur
1702 2963 1743 2984 lac.
1762 2962 1786 2988 i,
1805 2963 1826 2984 3.

1336 3001 1345 3014 ὅ
1364 3003 1429 3024 Vers.
1453 3003 1486 3024 10.
1504 3008 1554 3031 seq.
1572 3015 1601 3018 —v
1619 3003 1752 3031 Sequuntur
1770 3007 1838 3024 serm.
1857 3001 1878 3023 in
1897 3000 1970 3023 Nativ.
1983 3001 2042 3023 loan.
2056 3000 2119 3027 Bapt.

1273 3048 1295 3064 0.
1313 3042 1334 3064 3.
1353 3045 1374 3064 et
1392 3042 1490 3070 Seneca,
1508 3042 1612 3069 Excerpt.
1630 3042 1643 3064 1.
1661 3041 1690 3064 de
1707 3043 1850 3070 paupertate.

2129 977 2198 999 Tertio.
2209 977 2224 996 fi«

2152 1001 2223 1020 cialiter

2135 1960 2180 1979 Pars
2191 1959 2214 1979 11.

2134 2053 2209 2078 Triplex
2220 2053 2232 2072 d

2169 2082 2219 2096 num.

2134 2100 2235 2120 subdivisit

2155 2665 2224 2686 Primo,
2236 2663 2243 2682 ι’

2137 2689 2221 2708 claritate
2232 2692 2243 2705 s:

2137 2712 2225 2737 pientiae.
