2243 3348
234 765 332 789 Quartum.

253 1604 299 1622 Pars
312 1604 326 1622 1.

199 1651 328 1670 Consideratio

229 1674 296 1698 prima.

235 1837 327 1856 Secunda.

258 2024 327 2044 Tertia.

252 2259 328 2282 Quarta.

351 166 387 194 56

351 243 512 277 ostendens,
534 243 643 272 nullum
664 243 764 271 debere
785 242 928 276 dubitare,
956 249 1019 270 eum
1047 249 1107 270 esse
1135 240 1195 269 uni-

352 290 486 318 versalem
508 289 603 318 mundi
637 290 830 326 Reparatorem
861 292 976 325 propter
997 291 1102 324 septem
1134 287 1195 321 illa,

351 344 422 374 quae
443 337 592 366 exercebat
613 336 639 364 in
662 336 781 370 mundo,
800 336 930 373 quoniam
945 338 1058 364 venerat
1073 334 1099 363 in
1116 342 1196 363 mun-

350 383 416 412 dum
438 386 465 412 et
487 384 595 412 vivebat
616 386 642 412 et
663 383 761 419 agebat
782 383 808 411 in
831 382 934 411 mundo
962 385 993 411 nt
1024 389 1196 413 caecorum,

350 430 377 459 id
398 434 439 459 est
460 430 662 467 ignorantium,
684 429 825 462 clamas,-
839 429 1029 462 claudorum‚
1045 428 1071 457 id
1086 431 1127 457 est
1141 427 1196 465 spi-

349 476 488 505 ritualiter
509 476 654 510 debilium,
669 476 819 508 soliditas‚·
836 475 1033 513 leprosorum,
1049 475 1076 503 id
1090 477 1132 503 est
1146 474 1196 502 im-

349 522 532 555 mundorum,
554 522 714 555 sanctitas‚·
734 522 914 556 sia-dorum,
936 522 963 551 id
983 525 1024 551 est
1038 521 1196 550 inobedien-

349 569 432 602 tium,
455 569 498 597 lex
519 572 545 597 et
565 569 692 601 veritas;
712 572 899 597 mortuorum
921 569 949 597 in
964 568 1082 605 peccatis
1098 568 1157 596 vica
1171 571 1197 596 et

350 615 575 648 immortalitas:
587 624 757 652 pauperum
772 615 819 644 Dei
834 615 998 649 saturitas;
1010 624 1196 652 perseveran—

350 662 422 690 tium
443 665 470 690 et
491 670 544 690 non
566 670 582 690 a
603 662 656 690 fide
677 662 833 691 cadentium
855 661 987 699 felicitas.

427 709 564 745 Quartum
585 712 627 738 est
647 709 733 745 ipsius
754 708 844 737 dilecti
867 709 1060 738 Praecursoris
1081 712 1195 746 propter

349 755 561 792 suspicationem
584 755 731 784 turbarum
754 755 835 784 tacita
862 764 912 792 per
940 755 1080 784 Christum
1110 764 1195 784 exeu-

348 802 423 830 satio
445 806 472 831 et
492 802 617 831 miranda
638 802 760 831 eiusdem
782 802 815 831 de
837 803 1001 831 constantia
1023 803 1134 837 mentis,
1150 803 1195 831 iu-

347 849 429 877 stitia
450 849 634 883 austeritatis,
656 849 717 878 vita
739 849 890 878 sanctitatis
911 852 938 878 et
959 849 1095 878 doctrina
1126 849 1195 878 veri-

348 895 411 924 tatis
432 895 641 924 commendatio.

683 998 774 1026 Sanno
796 998 828 1026 lx
842 999 860 1025 ¹.

418 1090 495 1120 Item,
516 1098 596 1116 sermo
614 1090 702 1116 fratris
721 1091 912 1116 Bonaventurae
931 1091 1012 1116 editus
1034 1092 1151 1123 Lugduni
1168 1093 1193 1116 in

347 1133 417 1159 domo
437 1133 653 1163 Praedicatorum,
674 1134 804 1165 praesente
823 1135 892 1159 curia
910 1134 1023 1160 Romana
1042 1134 1140 1159 ibidem.

426 1223 552 1260 Liynum
572 1223 647 1251 vitae
668 1224 846 1252 desiderium
873 1224 1002 1257 veniens,
1032 1224 1193 1253 Proverbio—

347 1277 409 1298 rum
432 1269 538 1298 decimo
560 1269 641 1298 tertio
654 1269 672 1297 ².

426 1316 597 1345 Describitur
618 1317 645 1345 in
671 1317 762 1345 verbis
794 1317 837 1345 his
867 1317 1002 1346 adventus
1032 1317 1133 1346 Christi
1165 1318 1192 1345 in

346 1370 457 1391 earnem
478 1362 633 1399 tripliciter,
655 1363 758 1391 seilicet
779 1366 810 1391 ut
831 1363 1038 1392 universaliter
1057 1367 1192 1400 peropta-

346 1413 409 1443 tus,
425 1409 477 1438 ibi:
493 1409 688 1443 desiderium;
703 1412 735 1438 ut
747 1409 941 1446 sinyulariter
953 1411 1191 1447 praeoptanda&

345 1456 400 1484 ihi:
423 1456 536 1493 lignum
559 1456 650 1489 vitae;
672 1459 702 1484 ut
714 1456 950 1493 praesentialiter
964 1455 1122 1490 exhibitus,
1139 1457 1191 1485 ibi:

345 1503 467 1531 veniens.

424 1550 440 1577 1.
464 1549 542 1578 Circa
563 1550 684 1586 primum
716 1553 796 1583 nota,
828 1550 902 1587 quod
934 1550 1084 1579 adventum
1117 1551 1192 1579 hune

345 1596 431 1625 sancti
455 1596 546 1625 Patres
566 1596 794 1625 desideraverunt
815 1604 851 1625 ex
873 1596 1048 1633 quadruplici
1070 1597 1192 1626 conside-

345 1643 467 1677 ratione,
489 1643 593 1672 seilicet
613 1651 649 1672 ex
671 1643 889 1672 consideratione
910 1644 1038 1673 miseriae
1053 1644 1192 1683 iniquita-

345 1690 398 1724 tis,
421 1698 492 1727 quae
513 1693 555 1718 est
576 1690 700 1726 pronitas
721 1690 754 1718 ad
776 1690 896 1724 malum,
918 1694 945 1719 et
966 1691 1012 1719 tali
1042 1691 1122 1720 modo
1146 1691 1193 1720 de-

345 1736 482 1765 siderabat
496 1736 581 1764 David
591 1759 598 1770 ‚
614 1737 645 1764 in
661 1736 865 1774 iniquitatibus
880 1741 1033 1774 conceptus
1044 1738 1072 1765 ³:
1090 1738 1193 1774 Quem-

345 1783 504 1812 admodum
526 1783 672 1812 desiderat
692 1792 796 1812 eervus
827 1784 867 1813 ad
897 1783 990 1821 fontes
1022 1793 1191 1823 aquarum,

346 1830 387 1858 ita
409 1830 554 1858 desiderat
575 1830 679 1858 anima
700 1839 765 1859 mea
786 1831 826 1859 ad
849 1835 889 1865 le,
905 1832 991 1860 Deus.
1007 1849 1045 1852 —
1067 1832 1191 1861 Miseriae

344 1876 544 1913 infirmitatis,
566 1885 638 1913 quae
658 1880 699 1906 est
719 1877 867 1906 difficultas
887 1878 921 1906 ad
941 1878 1061 1912 bonum,
1083 1882 1110 1907 et
1141 1879 1192 1908 hoc

345 1923 426 1952 modo
446 1923 619 1952 desiderabat
651 1924 733 1952 lob4:
757 1924 830 1959 Quis
850 1923 924 1953 milii
944 1925 1057 1954 tribuat
1077 1926 1192 1954 audito-

346 1979 423 2004 rem,
455 1974 487 1998 ut
516 1970 692 1999 desiderium
720 1979 817 2000 meum
844 1972 950 2000 audiat
983 1972 1192 2009 Omnipotens?

347 2033 383 2037 —
404 2017 528 2045 Miseriae
549 2017 714 2051 caecitatis,
736 2026 808 2054 quae
829 2021 871 2047 est
902 2019 1055 2055 ineptitudo
1085 2019 1119 2047 ad
1147 2027 1192 2048 eo-

345 2064 532 2101 gnoscendum
548 2072 655 2098 verum,
671 2067 698 2093 et
712 2065 765 2093 hoe
779 2065 859 2094 modo
874 2065 1047 2095 desiderabat
1058 2066 1156 2095 Tobias
1167 2067 1191 2095 ⁵:

347 2111 438 2147 Quale
457 2111 604 2148 yaztdium
625 2110 699 2140 milzz·
720 2112 791 2145 erit,
820 2112 872 2150 qui
902 2112 934 2140 in
962 2113 1085 2141 tenebris
1111 2114 1192 2142 sedeo

345 2161 371 2186 et
391 2157 487 2186 lumen
508 2158 581 2186 caeli
600 2167 659 2186 non
679 2158 782 2187 video?
803 2162 830 2187 et
851 2159 925 2188 tertii
945 2160 1049 2196 Regum
1071 2160 1191 2189 decimo:

351 2204 494 2232 Universa
515 2208 596 2233 terra
616 2205 801 2233 desiderabat
820 2205 935 2234 vultum
957 2206 1138 2240 Salomonis,
1160 2211 1193 2235 ut

346 2251 463 2279 audiret
483 2251 660 2288 sapientiam
680 2252 743 2280 eius
764 2255 815 2280 etc.
838 2269 874 2273 —
896 2252 1020 2281 Miseriae
1039 2253 1193 2290 eaptivita—

346 2298 399 2332 tis,
421 2306 493 2335 quae
513 2301 555 2327 est
570 2298 796 2335 impedimentum
811 2299 845 2327 ad
860 2302 1004 2328 aeternum
1020 2307 1151 2337 regnum,
1166 2303 1194 2329 et

407 2484 414 2499 ¹
432 2485 462 2506 Ex
479 2486 497 2507 A
516 2485 552 2507 fol.
570 2485 598 2506 33
617 2491 640 2506 v.

406 2521 415 2534 ²
432 2523 497 2545 Vers.
516 2523 553 2545 12.

405 2561 414 2574 ³
432 2562 512 2584 Psalm.
531 2562 573 2590 50,
590 2562 618 2589 7³
635 2562 739 2590 sequitur
757 2562 792 2584 Ps.
810 2562 851 2591 41,
870 2563 890 2584 2.

404 2601 414 2613 ⁴³
431 2600 486 2629 Cap.
504 2601 528 2623 31
540 2619 545 2629 ,
563 2601 598 2623 35.

404 2639 413 2652 ⁶
430 2640 485 2668 Cap.
504 2640 530 2667 5,
549 2641 590 2667 423
608 2641 711 2669 sequitur
729 2641 762 2663 111.
779 2641 836 2668 Reg.
858 2641 895 2669 10,
914 2641 951 2663 24.

405 2678 414 2692 ³
431 2680 496 2702 Vers.
516 2680 552 2702 11.

405 2717 413 2730 ⁷
431 2719 495 2741 Vers.
513 2719 539 2746 93
557 2719 661 2747 sequitur
678 2719 714 2741 lV.
732 2719 797 2741 Esdr.
815 2720 841 2746 2,
863 2720 895 2741 12.

404 2756 413 2769 ⁸
431 2758 497 2780 Vers.
514 2757 550 2780 40,

989 163 1161 192 SERMONES
1183 163 1226 191 DE
1248 163 1412 192 TEMPORE.

1253 241 1305 270 boc
1327 241 1407 269 modo
1429 241 1480 269 fuit
1500 241 1667 269 desiderium
1691 241 1716 269 in
1748 241 1872 276 Daniele3
1906 242 2025 270 Danielis
2051 242 2097 271 de-

1252 288 1361 316 eimossz
1385 287 1505 321 Daniel,
1526 288 1574 316 vir
1595 288 1825 322 desideriorum,
1848 288 1970 326 intelliye
1994 288 2096 323 verba,

1252 343 1327 372 quae
1348 342 1398 371 eqo
1420 334 1521 372 loquor
1543 334 1583 362 ad
1605 338 1645 368 te,
1667 338 1692 362 et
1712 338 1759 362 sta
1779 334 1811 363 in
1830 335 1930 372 yradu
1951 338 2007 363 tuo.
2025 335 2099 364 Desi-

1252 381 1366 410 derabat
1387 381 1475 414 enim,
1497 384 1528 409 ut
1549 381 1677 409 Christus
1699 381 1805 410 veniret
1830 381 1901 410 sicut
1929 381 2098 418 iustificat-tio

1253 431 1348 457 contra
1371 427 1509 456 miseriam
1533 427 1700 464 iniquitatis,
1722 428 1794 457 sieut
1814 428 2014 456 corroboratio
2035 436 2098 457 eon-

1253 477 1295 503 tra
1317 474 1455 503 miseriam
1479 474 1661 508 infirmitatis,
1694 475 1765 503 sicut
1796 474 1973 503 illuminatio
2004 478 2099 504 eontra

1253 521 1391 550 miseriam
1413 521 1551 549 caecitatis
1572 524 1599 549 et
1617 521 1689 549 sieut
1703 520 1834 550 liberatio
1850 524 1946 550 contra
1960 521 2098 550 miseriam

1253 567 1425 604 captivitatis.
1943 559 1949 562 ’

1332 615 1359 642 ll.
1382 615 1436 643 Nec
1457 617 1564 651 poterat
1591 614 1719 643 Christus
1747 614 1842 643 venire
1874 614 1972 643 melius
2003 617 2099 643 contra
2117 609 2212 645 P³¹¹³¹¹·l

1253 662 1302 690 has
1323 662 1463 695 miserias,
1485 669 1568 699 quam
1590 661 1664 697 quod
1680 661 1786 690 veniret
1800 661 1871 690 sieut
1887 661 2000 699 liynum
2013 662 2098 691 vitae.
2209 649 2214 663 ⁸

1252 709 1277 737 Si
1300 712 1393 737 autem
1415 708 1589 737 attendamus
1611 708 1716 745 lignum
1737 708 1809 737 vitae
1832 708 2005 743 huiusmodi,
2028 708 2100 737 scili-

1252 757 1295 783 cet
1316 754 1416 783 Christi
1439 757 1552 791 propter
1574 762 1624 783 nos
1645 754 1778 782 incarnati
1807 754 1966 791 oriyinem,
1996 754 2099 783 inveni·
2128 753 2214 801 ¹¹ss53ssss

1253 809 1329 835 mus,
1351 801 1425 838 quod
1446 804 1488 829 est
1516 801 1620 837 lignum
1654 800 1729 829 vitae
1757 800 1957 837 purissimae,·
1989 800 2100 830 Genesis
2201 804 2217 848 ’ᾇ

1252 848 1372 877 seeundo
1384 848 1408 876 ⁷:
1427 848 1573 876 Produxit
1588 847 1731 876 Dominus
1749 848 1824 876 Deus
1838 847 1872 876 de
1886 846 1974 876 ltumo
1985 847 2098 885 liynum
2213 849 2217 894 {¹

1251 895 1327 923 vitae
1348 895 1379 922 in
1399 894 1493 923 medio
1519 894 1677 931 paradisi,·
1704 894 1796 930 quarti
1830 894 1930 923 Esdrae
1961 894 2097 923 secundo:

1251 942 1377 978 Liynum
1398 941 1474 969 vitae
1495 942 1549 969 erit
1570 941 1628 969 illis
1650 941 1680 968 in
1702 941 1789 969 odore
1810 941 1968 978 unquenti,
1990 944 2015 969 et
2039 949 2098 969 non
2215 973 2216 976 Ἰ

2118 983 2216 1006 Secundus?

1251 987 1427 1016 laborabunt
1447 996 1537 1025 neque
1556 986 1775 1025 fatigabuntur.
1798 1004 1837 1008 —
1858 987 2096 1024 Dispositionem,

1251 1035 1421 1069 invenimus,
1443 1035 1517 1071 quod
1536 1038 1578 1063 est
1593 1035 1697 1071 lignum
1713 1034 1789 1063 vitae
1802 1033 2036 1071 pulcherrimae,-
2052 1035 2099 1063 Le-

1252 1082 1323 1110 vitici
1347 1081 1478 1118 vigesimo
1506 1081 1625 1110 tertioss:
1659 1081 1784 1110 Sumetis
1815 1081 1895 1109 vobis
1926 1081 1971 1110 die
2001 1081 2098 1118 primo

1249 1127 1368 1165 fruetus
1390 1128 1508 1157 arboris
1526 1125 1745 1165 pulcherrimae
1766 1128 1956 1166 spatulasque
1981 1128 2098 1165 palma-

1250 1184 1320 1204 rum
1341 1180 1366 1203 et
1387 1184 1487 1204 ramos
1509 1175 1581 1212 liyni
1608 1175 1769 1203 densarum
1800 1174 1956 1212 frondium
1987 1178 2038 1203 eto.
2062 1191 2098 1195 —

1250 1223 1411 1256 Fructum,
1434 1222 1606 1256 invenimus,
1629 1222 1701 1258 quod
1724 1225 1765 1250 est
1784 1222 1888 1259 lignum
1903 1222 1980 1250 vitae
1993 1221 2098 1259 plenis·
2115 1219 2194 1239 T0¹¹¹¹¹⁸·
2218 1235 2220 1254 ς

1249 1269 1358 1302 simae;
1380 1269 1555 1306 Apoealypsis
1576 1269 1712 1297 uhimo⁹÷
1738 1270 1780 1297 Ea:
1801 1272 1927 1306 utraque
1946 1272 2031 1306 parte
2043 1268 2099 1305 flu-
2219 1265 2220 1272 ¹

1249 1316 1339 1344 minis
1360 1316 1474 1353 llyrium
1492 1316 1578 1349 vitae,
1594 1314 1718 1353 afferens
1732 1315 1851 1352 fruetus
1866 1315 2032 1350 duodecim,
2045 1324 2098 1352 per

1249 1372 1359 1391 menses
1380 1363 1511 1400 sinyulos
1539 1362 1661 1390 recidens
1693 1361 1828 1399 fructum
1859 1370 1948 1390 suum
1969 1366 1994 1390 et
2025 1361 2099 1400 folia

1250 1410 1324 1447 lieni
1344 1410 1384 1438 ad
1404 1410 1561 1438 sanitatem
1580 1409 1719 1446 yentium.
1743 1426 1780 1430 —
1802 1409 1914 1443 Situm,
1930 1409 2098 1443 invenimus,
2115 1407 2201 1431 Quartus.

1249 1456 1323 1493 quod
1345 1460 1386 1485 est
1408 1456 1512 1492 lignum
1535 1456 1611 1484 vitae
1633 1456 1890 1493 promptissimae:
1918 1456 2030 1485 Genesis
2057 1463 2099 1484 se—

1249 1503 1340 1532 eundo
1353 1504 1391 1531 ¹0:
1413 1503 1539 1540 Liynum
1561 1503 1648 1531 etiam
1670 1502 1746 1531 vitae
1768 1502 1798 1530 in
1826 1503 1919 1531 medio
1941 1503 2080 1540 paradisi
2085 1513 2096 1536 ‚-

1249 1550 1427 1579 Canticorum
1449 1550 1586 1579 secundo:
1610 1550 1691 1578 Sicut
1713 1549 1809 1578 malus
1825 1549 1899 1578 inter
1914 1549 1996 1587 liqna
2009 1549 2100 1578 silva—

1249 1606 1335 1631 rum,
1357 1597 1400 1626 sie
1422 1597 1543 1626 dilectus
1564 1605 1645 1625 meus
1667 1597 1742 1625 inter
1763 1596 1848 1633 lilios.

1329 1644 1368 1672 111.
1391 1644 1466 1672 Istud
1487 1651 1554 1672 vero
1575 1643 1680 1680 lignum
1703 1643 1773 1671 vitae
1792 1643 1919 1672 Christus
1933 1642 1985 1672 fuit
1999 1642 2098 1680 plenus
2115 1640 2202 1660 ¹²²‘⁸¹¹¹·

1246 1690 1448 1728 pulcritudine
1466 1690 1525 1718 viae
1536 1690 1557 1705 ¹¹
1567 1700 1577 1723 ,·
1597 1690 1809 1718 Proverbiorum
1829 1690 1924 1718 tertio:
1950 1690 2017 1718 Viae
2034 1689 2097 1718 eius
2113 1687 2224 1735 pggssggffl

1250 1738 1314 1766 viae
1332 1737 1472 1774 pulcrae,
1495 1741 1519 1765 et
1541 1745 1638 1765 omnes
1658 1736 1776 1765 semitae
1791 1736 1871 1765 illius
1881 1736 2034 1774 pacificae.
2050 1736 2097 1766 Li-
2113 1740 2147 1754 ”0
2159 1734 2222 1754 ‘mm‘

1248 1793 1341 1822 quum
1352 1785 1428 1813 vitae
1438 1788 1479 1813 est
1490 1783 1535 1812 liis
1546 1784 1598 1822 qui
1610 1783 1854 1820 apprehenderint
1865 1792 1937 1812 eam.
1950 1800 1988 1805 —
2000 1784 2099 1813 Plenus

1249 1832 1418 1869 dignatione
1438 1831 1613 1864 clementiae;
1644 1830 1771 1859 Matthaei
1800 1831 1932 1867 vigesimo
1954 1831 2043 1867 primo
2055 1831 2095 1859 1²:

1256 1879 1335 1907 Venit
1349 1878 1401 1907 tibi
1414 1882 1594 1907 mansuetus.
1614 1895 1650 1898 —
1665 1877 1764 1906 Plenus
1780 1877 1976 1906 illustratione
1990 1878 2099 1914 sapien-

1250 1926 1318 1959 tiae;
1335 1925 1440 1954 loannis
1453 1925 1616 1953 duodecimo
1626 1925 1660 1952 ¹²⁴¹:
1675 1925 1734 1962 Eyo
1750 1924 1801 1952 lua:
1816 1924 1848 1953 in
1862 1925 2008 1953 mundum
2022 1924 2098 1958 veni,

1249 1976 1282 2000 ut
1302 1972 1412 2005 omnis,
1434 1972 1486 2009 qui
1506 1971 1596 1999 credit
1618 1971 1649 1999 in
1670 1980 1730 2005 me,
1753 1971 1784 1999 in
1806 1970 1928 1999 tenebris
1949 1979 2008 1999 non
2033 1979 2098 1999 ma-

1248 2024 1323 2047 neat.
1347 2035 1383 2039 —
1407 2019 1506 2047 Plenus
1527 2018 1664 2055 reliqione
1685 2018 1742 2047 sive
1764 2018 1932 2055 perfectione
1946 2018 2033 2052 vitae;
2049 2018 2099 2047 Lu-

1249 2074 1296 2095 cae
1317 2066 1480 2094 duodecimo
1491 2064 1530 2093 ¹4:
1554 2065 1651 2102 lenem
1678 2065 1744 2093 voeni
1763 2065 1875 2093 mittere
1906 2065 1937 2093 in
1969 2068 2097 2098 terram;

1249 2113 1376 2141 Matthaei
1399 2112 1511 2149 quinto:
1528 2111 1592 2140 Non
1610 2112 1676 2140 veni
1698 2112 1807 2140 solvere
1831 2112 1946 2149 Legem,
1971 2111 2022 2140 sed
2045 2111 2097 2140 ad-

1249 2160 1375 2197 implere.
1402 2176 1440 2180 —
1462 2160 1560 2188 Plenus
1588 2159 1822 2188 remuneratione
1849 2159 1968 2196 gloriae;
1996 2158 2097 2195 Apoca-

1250 2207 1334 2244 lypsis
1349 2207 1480 2243 vigesimo
1501 2206 1622 2235 secundo
1634 2206 1673 2234 ¹⁵:
1697 2207 1779 2240 Ecce,
1802 2206 1884 2234 venio
1899 2206 1968 2240 cito,
1983 2209 2008 2234 el
2022 2214 2098 2234 mer-

1250 2262 1294 2282 ces
1308 2262 1373 2282 mea
1392 2261 1505 2281 mecum
1524 2256 1576 2287 est,
1605 2253 1724 2281 reddere
1750 2253 1908 2291 unicuique
1934 2253 2095 2281 seeundum

1249 2308 1339 2337 opera
1360 2308 1425 2328 sua.

1308 2484 1318 2497 ⁹
1335 2485 1401 2507 Vei-s.
1420 2486 1441 2507 2.

1308 2523 1327 2536 ¹⁰
1346 2525 1410 2547 Vers.
1427 2525 1454 2551 9,
1472 2524 1576 2553 sequitur
1593 2524 1655 2547 Cani.
1675 2525 1702 2551 2,
1720 2524 1741 2546 3.

1309 2562 1325 2576 ¹¹
1344 2563 1421 2586 Verba
1436 2562 1521 2592 plenus
1535 2562 1698 2592 pulcritudine
1714 2562 1766 2586 viae
1777 2563 1860 2585 desunt
1877 2563 1899 2585 in
1916 2562 2003 2585 codice.
2015 2574 2046 2579 —
2058 2563 2094 2585 Se-

1244 2602 1322 2631 quitur
1340 2602 1405 2624 Prov.
1424 2602 1450 2628 3,
1472 2601 1506 2624 17.
1523 2608 1571 2630 seq.

1308 2639 1326 2653 ¹²
1346 2641 1409 2663 Vere.
1428 2640 1454 2667 5;
1472 2642 1514 2663 csr.
1533 2641 1601 2663 Zach.
1620 2641 1646 2668 9,
1665 2641 1686 2662 9.

1307 2679 1326 2692 ¹³
1344 2681 1410 2703 Vers.
1430 2680 1466 2702 46.

1307 2718 1326 2731 ¹⁴
1344 2719 1409 2741 Vers.
1429 2719 1469 2746 49,
1488 2719 1592 2748 sequitur
1609 2720 1685 2742 Matth.
1703 2720 1725 2747 5,
1746 2720 1779 2741 17.

1308 2757 1327 2770 ¹⁵
1346 2758 1410 2780 Vers.
1426 2759 1462 2780 1¹2.
