2243 3348
222 304 342 328 metaphorae

261 330 306 346 tres.

265 397 342 414 Divisio.

225 953 271 971 Pars
284 953 297 970 l.
311 952 349 970 illa-

226 977 253 994 ria
267 978 295 994 est
308 976 349 993 l'ons

228 1000 300 1018 ratione
313 998 349 1016 ori-

238 1022 337 1045 ginationis

239 1046 336 1064 bonorum.

233 1069 343 1092 Explicalio.

230 1138 278 1157 Fons
287 1137 355 1156 dicitnr

230 1161 254 1180 de
268 1161 306 1180 Deo
320 1161 353 1179 l’a-

274 1187 308 1203 tre.

248 1745 300 1765 item,
315 1743 337 1761 de

234 1767 307 1785 Chi-isto
321 1767 354 1785 du-

252 1791 333 1814 pliciter.

241 2209 354 2228 Notandum.

257 2487 308 2507 ltern.
323 2487 346 2505 de

247 2511 269 2529 B.
283 2511 359 2533 Virgine

245 2533 362 2557 quadruplici

273 2557 334 2575 modo.

359 172 413 200 696

358 249 403 278 hic
424 251 455 277 ut
474 247 561 284 plena
581 244 691 282 qratia.
725 243 755 271 Et
776 241 942 270 describitur
974 239 1052 268 nobis
1079 239 1123 267 hic
1149 238 1201 266 sub

359 295 519 331 metaphora
540 292 629 329 fontis
651 294 677 319 et
697 289 792 326 flavii,
806 288 876 316 solis
897 291 924 315 et
945 286 1027 319 lacis,
1050 286 1076 313 in
1099 284 1201 322 quibus

360 341 487 370 laudatur
508 348 524 367 a
545 337 714 375 plenitudine
735 335 859 364 omnium
880 334 1034 365 bonorum;
1056 335 1083 360 et
1102 339 1201 367 propo-

358 388 434 416 nitur
463 385 540 414 uobis
571 384 623 412 sub
652 382 813 418 metaphora
840 379 930 417 fomis
962 379 1067 407 ratione
1098 377 1202 414 gratiae

359 436 491 469 acceptae
511 432 538 459 in
560 438 610 459 sua
637 429 757 465 origine;
781 427 833 456 sub
855 426 1016 462 metaphora
1036 424 1135 461 flacii,
1158 432 1201 452 ra-

361 481 433 509 tione
454 478 557 515 gratiae
578 475 786 513 superadditae
807 474 833 502 in
860 472 1038 509 conceptione
1059 471 1116 499 Filii
1138 470 1202 503 Dei;

360 527 412 555 sub
433 525 594 561 metaphora
614 523 683 551 solis
711 525 737 551 et
758 521 848 554 laem,
872 520 976 548 ratione
1006 518 1110 555 gratiae
1138 526 1203 545 corn-

360 575 524 601 sztmmatae
552 571 578 598 in
606 570 666 598 eius
697 567 902 605 glorificatione.
931 566 1052 594 Primum
1082 567 1203 597 notatur,

361 625 424 646 cum
445 617 527 646 dicit:
551 617 627 644 Fons
654 622 785 651 paruas;
810 612 962 642 secundum
991 615 1112 644 notatur,
1140 618 1203 638 cum

361 664 441 692 dicit:
464 663 551 691 crevit
573 663 603 690 iii
624 661 748 697 flavium
763 659 947 691 piammon,-
962 662 988 686 et
1004 658 1125 690 tertium,
1141 664 1204 685 cum

361 711 440 739 dicit:
463 714 488 738 et
509 710 539 738 iit
561 709 652 737 lacem
673 707 815 745 solemque
829 713 985 734 conversas
1006 708 1054 732 est.
1070 720 1107 724 -
1123 703 1205 732 Hodie

362 760 403 786 est
423 756 481 785 dies
502 753 744 784 consummationis
765 753 868 789 gloriae
896 751 971 784 eius;
993 750 1040 779 sed
1061 758 1114 778 non
1145 757 1205 786 pos-

363 811 460 832 sumus
481 803 550 831 bene
572 801 645 838 loqui
666 801 700 829 de
721 800 780 829 eius
795 798 1039 831 consummatione,
1054 797 1104 825 nisi
1129 804 1205 833 prae—

363 850 504 878 mittamus
525 848 632 877 initium
654 850 681 876 et
702 850 873 875 crementum
896 844 989 881 ipsius.

443 896 460 924 l.
482 894 655 931 intelligatis,
677 893 750 930 quod
770 892 848 921 beata
863 892 945 928 Virgo
959 891 1060 919 dicitur
1075 889 1141 927 fons
1164 897 1206 917 ra-

365 943 438 971 tione
459 940 666 979 ortymattom's
687 940 831 968 bonorum.
855 938 905 966 Ista
934 937 1078 974 originatio
1106 936 1207 973 princi-

365 990 462 1027 paliter
491 992 530 1017 est
559 996 574 1016 a
598 988 668 1021 Deo,
696 986 793 1015 deinde
818 993 867 1022 per
891 984 1056 1018 Christum,
1078 987 1105 1012 et
1128 983 1208 1011 tertio

367 1036 502 1065 redundat
530 1036 555 1063 in
579 1035 684 1063 beatam
714 1033 876 1070 Virqiiiem,
899 1035 925 1060 et
946 1031 1006 1059 ideo
1028 1031 1086 1067 ipsa
1106 1030 1207 1058 dicitur

366 1083 450 1121 fons,
465 1086 492 1111 et
512 1085 612 1118 quarto
627 1080 754 1109 convenit
768 1078 882 1107 cuilibet
894 1086 1052 1115 personae,
1075 1085 1145 1114 quae
1160 1077 1209 1105 ha—

368 1130 413 1158 bet
433 1129 605 1157 diffusionem
627 1127 743 1156 alicuius
770 1126 840 1154 boni.
863 1142 899 1146 ——
922 1125 1011 1153 Primo
1038 1124 1114 1158 dico,
1135 1123 1209 1160 quod

367 1183 465 1204 nomen
480 1174 570 1212 fontis
592 1173 722 1210 competit
739 1173 793 1201 Deo
808 1172 896 1200 Patri
902 1182 912 1205 ;
927 1171 1049 1200 Psalmus
1065 1172 1089 1198 ¹:
1107 1170 1209 1205 Quem-

368 1222 526 1251 admodum
542 1221 686 1249 desiderat
707 1228 810 1248 cervas
824 1220 864 1247 ad
878 1218 970 1255 fontes
988 1225 1152 1254 aqttaram,
1168 1216 1210 1244 ita

367 1269 513 1298 desiderat
544 1268 647 1296 anima
674 1275 738 1295 mea
766 1266 806 1295 ad
827 1270 868 1299 tc,
893 1266 975 1293 Deus.
1003 1264 1099 1293 Sitioit
1127 1264 1158 1292 ia
1186 1267 1210 1291 te

368 1316 471 1344 anima
493 1323 556 1343 mea
577 1317 628 1343 etc.
650 1314 688 1342 Ab
710 1314 760 1342 isto
775 1313 847 1341 fonte
862 1312 1035 1348 originantur
1050 1310 1210 1343 industriae,

368 1362 472 1399 gratiae
492 1365 519 1390 et
540 1367 732 1397 quaecumque
746 1360 798 1387 alia
812 1359 959 1391 habemus,
982 1361 1113 1394 tanquam
1127 1365 1143 1384 a
1157 1356 1212 1384 fon-

369 1408 414 1437 tali
437 1407 585 1444 principi03
602 1406 673 1434 unde
689 1406 715 1433 in
731 1405 864 1433 Canonica
880 1404 982 1433 iacobi:
1007 1403 1094 1432 Omne
1109 1403 1212 1431 datam

369 1455 508 1492 optimum
531 1458 555 1482 et
577 1462 657 1481 omne
671 1453 779 1481 donam
799 1450 959 1489 perfectum
981 1451 1137 1479 desursum
1158 1453 1211 1483 cst,

369 1502 537 1530 descendens
558 1509 577 1528 a
602 1501 689 1528 Patre
717 1499 879 1531 tammum,-
906 1498 1055 1534 Propheta:
1079 1497 1168 1533 Apud
1190 1500 1213 1524 te

369 1552 409 1576 est
428 1547 494 1584 fons
517 1547 597 1575 ottae.
621 1547 666 1574 l-lic
688 1549 729 1574 est
750 1546 824 1579 fons,
846 1545 879 1573 ad
901 1552 983 1581 quem
1004 1544 1067 1572 boni
1085 1547 1212 1577 currunt,

369 1598 395 1623 et
417 1594 478 1622 mali
501 1601 564 1622 eum
586 1595 781 1626 contemnunt3
804 1591 876 1620 unde
892 1591 1056 1620 Ieremias2:
1072 1591 1114 1619 Me
1136 1590 1213 1618 dere-

369 1641 526 1679 liquerant,
548 1639 653 1677 fontem
675 1647 770 1677 aquae
790 1639 876 1672 vitae,
895 1641 919 1666 el
939 1638 1076 1675 foderant
1097 1637 1154 1665 sibi
1174 1637 1214 1665 ci-

369 1692 493 1721 sternas,
505 1687 646 1715 cisternas
661 1686 832 1722 dissipatas,
845 1694 919 1723 qaae
933 1685 1076 1713 continere
1090 1693 1148 1713 iton
1165 1693 1213 1713 oa-

371 1735 425 1763 lent
440 1743 543 1772 aquas.
559 1750 597 1754 —
612 1734 680 1762 Fons
695 1733 745 1762 iste
767 1741 830 1761 suas
851 1732 1034 1760 derivationes
1049 1735 1075 1760 et
1096 1731 1212 1759 influen-

371 1782 421 1810 tias
439 1781 622 1809 communicat
643 1788 692 1816 per
715 1779 860 1807 Dominum
876 1783 1002 1807 nostrum
1020 1778 1114 1806 lesam
1132 1777 1214 1806 Chri-

370 1833 462 1861 stum,
478 1831 503 1856 et
518 1827 578 1855 ideo
597 1827 723 1855 Christus
737 1826 838 1855 dicitur
854 1826 913 1854 sons
927 1825 1081 1854 scaturiens
1095 1826 1121 1853 in
1137 1825 1215 1853 caelo

371 1878 397 1903 et
419 1874 446 1902 in
468 1878 556 1902 terra.
579 1873 698 1902 scaturit
717 1873 743 1900 in
765 1872 856 1905 caelo,
879 1872 906 1899 in
928 1875 1063 1908 quantum
1085 1874 1126 1900 est
1149 1871 1214 1900 Ver-

371 1921 436 1957 bum
458 1920 628 1953 increatum;
650 1918 723 1947 unde
745 1919 770 1946 in
789 1918 988 1946 Ecclesiastico:
1006 1918 1083 1945 Fons
1103 1917 1215 1953 sapien-

372 1967 444 2000 tiae,
467 1965 587 1994 Verbam
605 1965 656 1993 Dei
676 1965 706 1993 in
727 1965 862 1997 excels&
883 1964 930 1993 sed
951 1964 1067 1993 scaturit
1082 1964 1108 1992 in
1125 1969 1215 1997 terra,

371 2013 398 2040 in
414 2016 548 2049 quantum
564 2015 605 2040 est
620 2012 742 2040 Verbum
757 2011 945 2045 incarnatum;
967 2011 1040 2039 unde
1056 2011 1081 2038 in
1102 2011 1214 2039 Ioanne:

374 2060 431 2095 Qaz'
451 2059 551 2087 biberit
571 2067 605 2086 ea:
627 2066 724 2095 aqua,
745 2066 834 2095 qaam
849 2066 898 2094 eqo
913 2058 987 2086 dabo
1008 2058 1050 2091 ei,
1065 2066 1123 2085 iton
1141 2057 1216 2085 sitiet

372 2106 403 2134 in
423 2110 591 2138 aetermtm,·
612 2105 661 2133 sed
676 2113 765 2142 ctqtta,
788 2113 876 2142 qaam
898 2112 947 2141 (³90
969 2103 1043 2132 dabo
1058 2104 1100 2137 ei,
1121 2103 1167 2140 fiel
1185 2104 1216 2132 <tn

372 2161 403 2181 eo
424 2152 491 2189 fons
512 2160 607 2190 aquae
627 2151 758 2179 salientis
773 2152 803 2179 in
825 2151 917 2179 vitam
939 2155 1097 2179 aeternam.
1113 2151 1217 2179 Natura

373 2199 455 2228 fontis
476 2203 526 2232 est,
542 2198 614 2235 quod
630 2199 657 2226 in
673 2198 848 2226 scaturiendo
863 2201 970 2226 tantum
984 2198 1114 2231 ascendit,
1129 2206 1217 2234 quan-

374 2250 432 2274 tum
454 2245 608 2279 descendit;
630 2245 667 2273 sic
690 2245 750 2273 fons
778 2245 837 2278 iste,
859 2248 995 2281 quantum
1023 2244 1162 2272 descendit
1190 2243 1217 2272 in

374 2297 486 2321 uterum
509 2292 626 2329 Virginis
647 2299 757 2320 carnem
787 2291 938 2328 accipiens,
962 2294 1067 2319 tantum
1096 2290 1217 2319 ascendit

375 2340 402 2367 in
423 2339 511 2376 gloria
532 2346 615 2375 super
637 2339 736 2366 choros
758 2338 932 2374 Angelorum.
959 2338 1010 2366 lste
1031 2340 1072 2366 est
1093 2337 1162 2370 fons,
1184 2337 1217 2365 ad

376 2394 458 2422 quem
478 2386 578 2414 debent
599 2393 714 2413 currere
741 2385 904 2418 Christiani,
926 2387 958 2413 ut
978 2384 1108 2424 hauriant
1132 2391 1218 2420 aquas

376 2433 494 2469 gratiae;
516 2433 589 2461 unde
611 2433 691 2461 lsaias
706 2432 731 2460 3:
755 2432 906 2460 Ham-tetis
930 2439 1025 2469 aquas
1050 2431 1081 2459 in
1107 2430 1218 2466 paralio

378 2479 411 2507 de
425 2479 554 2515 fontibus
570 2479 741 2508 Saloatoris.
756 2495 794 2499 ——
809 2479 918 2507 Tertius
933 2478 1002 2511 fons
1017 2478 1043 2506 in
1060 2485 1141 2514 quem
1157 2476 1218 2505 red-

380 2525 492 2553 undavit
513 2525 634 2553 Verbum
652 2525 702 2553 Dei
721 2525 752 2553 iit
773 2524 907 2557 περίεις,
929 2527 970 2552 est
991 2524 1074 2560 Virgo
1091 2523 1218 2560 gloriosa,

379 2571 412 2599 de
433 2580 487 2607 quo
501 2572 616 2599 dicitur:
633 2572 710 2599 Fons
730 2580 843 2608 parvas
858 2571 947 2599 crevit
967 2570 998 2598 in
1018 2569 1142 2606 flavium
1159 2577 1219 2597 ma-

379 2618 492 2645 ximam
507 2620 556 2646 etc.
573 2618 652 2645 Beata
665 2618 747 2654 Virgo
763 2621 938 2654 comparatur
954 2616 1018 2645 fonti
1032 2624 1137 2652 parvo,
1153 2615 1219 2644 fonti

378 2664 484 2697 vivido,
506 2664 572 2692 fonti
593 2665 708 2701 signato
729 2668 756 2692 et
780 2664 845 2692 fonti
868 2663 1014 2701 largifluo.
1030 2663 1106 2691 Fonti
1126 2671 1220 2699 paruo

943 161 1116 191 SERMONES
1138 160 1179 189 DE
1201 160 1229 188 B.
1252 158 1383 188 VlRGlNE
1404 157 1511 186 lllAnlA.

1257 238 1435 272 comparatur
1448 236 1560 271 propter
1576 232 1750 261 humilitatis
1763 232 2002 269 praeroyativam
2013 242 2022 265 ,·
2034 231 2099 260 sonti

1257 283 1364 315 vivido,
1380 284 1493 318 propter
1514 279 1756 316 sanctificationis
1771 278 2013 315 indeficientiam;
2034 278 2100 307 sonti

1257 329 1387 366 signato,
1409 330 1521 364 propter
1542 326 1703 363 padicitiae
1717 325 1979 362 incorruptionem,
1994 328 2020 353 et
2035 325 2100 353 fonti

1259 374 1413 412 laryiflito,
1437 376 1549 410 propter
1571 372 1792 401 misericordiae
1814 372 2022 400 liberalitatem.

1339 421 1438 454 Primo,
1453 420 1522 454 dico,
1537 422 1715 456 comparatur
1728 419 1795 447 fonti
1812 427 1907 456 parvo
1922 421 2035 455 propter
2050 417 2102 447 lta-

1259 467 1392 496 militatis
1411 466 1661 503 pracroyatiuam.
1685 466 1712 493 ln
1728 465 1831 494 visione
1846 465 2016 494 Mardochaei
2036 472 2103 493 scri-

1259 515 1348 543 bitur:
1377 515 1453 542 Fons
1479 521 1594 550 parvas
1615 512 1704 541 crevit
1724 512 1755 540 in
1775 512 1898 549 flaviam
1929 512 2102 540 mammam.

1259 561 1380 590 Parvitas
1401 560 1483 588 fontis
1504 560 1584 588 istius
1604 567 1659 587 non
1680 559 1844 587 diminuitur
1865 559 1916 587 nisi
1945 559 2033 587 solum
2055 566 2104 587 ex-

1261 608 1356 641 terius,
1372 607 1437 644 quia
1458 606 1574 634 interius
1587 609 1721 642 augetur3
1738 605 1908 642 parvilicatio
1923 605 1965 634 sui
1980 606 2106 642 pervenit

1261 662 1350 691 usque
1370 654 1403 682 ad
1419 653 1623 689 conceptionem
1641 652 1696 681 Dei.
1712 652 1851 681 Sententia
1866 653 1919 681 lata
1933 655 1989 681 est:
2007 652 2064 688 Qtti
2077 661 2106 681 se

1262 700 1461 729 humiliaverit
1488 699 1666 728 exaltabitur
1680 700 1700 727 4.
1723 699 1831 735 Quanto
1849 699 1912 736 quis
1939 707 1968 728 se
1989 699 2105 732 exaltat,

1262 747 1389 784 provehit
1410 750 1436 775 et
1462 746 1625 783 magnificat,
1648 749 1723 774 tanto
1741 745 1841 779 deficit,
1863 746 2052 782 corrumpitur
2080 749 2107 774 et

1263 794 1435 827 humiliatur,
1457 796 1489 821 ut
1511 795 1584 829 pettet
1604 792 1638 821 de
1667 792 1790 826 lucifero,
1812 792 1858 829 qui
1878 800 1907 821 se
1928 793 2060 821 exaltavit
2080 795 2107 821 et

1263 841 1301 869 sic
1322 840 1372 869 sibi
1397 840 1466 868 viam
1489 839 1671 868 damnationis
1686 842 1813 868 aeternae
1834 839 1951 875 aperuit.
1974 839 2004 867 Et
2018 839 2108 868 Domi-

1264 896 1316 916 nus
1331 890 1423 916 noster
1440 887 1513 915 lesus
1528 886 1654 915 Christus
1669 894 1698 915 se
1713 886 1883 914 humiliando
1898 894 1947 914 nos
1963 886 2107 920 exaltavit,

1263 938 1290 963 et
1311 934 1369 970 ipse
1390 934 1415 962 in
1432 933 1577 970 Evangelio
1598 933 1678 961 dicit:
1696 932 1753 968 Qtti
1767 932 1967 961 humiliaverit
1985 942 2014 961 se
2034 933 2108 961 sicut

1261 980 1409 1018 parvulas
1437 981 1503 1014 istc,
1527 979 1572 1008 liic
1603 984 1643 1008 est
1664 980 1761 1008 maior
1782 980 1814 1008 in
1841 988 1929 1017 regno
1951 979 2107 1008 caelorum.

1266 1028 1295 1056 Et
1317 1036 1366 1065 ego
1387 1028 1479 1063 (dico),
1498 1027 1572 1063 quod
1587 1027 1633 1063 qui
1650 1035 1678 1055 se
1695 1027 1882 1055 l‘iumiliaverit
1902 1027 1974 1055 sicut
1995 1027 2110 1063 parvula

1265 1075 1324 1108 ista,
1347 1074 1391 1103 hic
1413 1074 1499 1102 maior
1527 1074 1580 1102 erit
1602 1074 1628 1101 in
1651 1082 1735 1110 regno
1759 1073 1820 1107 Dei;
1843 1081 1914 1110 quae
1942 1073 2005 1102 licet
2025 1074 2109 1102 Mater

1266 1121 1312 1150 Dei
1334 1123 1415 1154 esset,
1431 1121 1546 1157 parvula
1561 1124 1650 1148 tamen
1667 1120 1693 1148 in
1709 1121 1796 1149 oculis
1817 1120 1875 1149 suis
1888 1128 1948 1149 esse
1963 1121 2057 1149 voluit.
2073 1136 2109 1141 ——

1266 1168 1369 1201 Videte,
1393 1168 1435 1196 hic
1451 1167 1544 1203 incipit
1561 1167 1692 1203 professio
1707 1167 1856 1195 christiana
1871 1171 1898 1196 et
1912 1167 2018 1201 divina;
2038 1167 2110 1196 unde

1266 1213 1421 1251 Apostolus
1440 1214 1472 1242 ad
1501 1214 1657 1242 Corinthios
1672 1214 1697 1241 ⁵:
1735 1214 1826 1242 Videte
1848 1214 2035 1246 ,vocationem
2068 1222 2111 1242 ue-

1266 1265 1370 1293 stram,
1385 1260 1510 1298 fratres,
1526 1261 1597 1297 qaia
1618 1269 1676 1288 iton
1690 1260 1776 1288 malli
1788 1260 1931 1297 sapientes
1951 1261 2111 1289 secandum

1268 1316 1396 1341 carnem,
1412 1316 1470 1336 non
1491 1307 1575 1335 ninlti
1595 1310 1729 1343 potentes,
1744 1316 1802 1335 nou
1823 1307 1908 1335 malti
1928 1307 2048 1340 nobiles,
2063 1307 2113 1335 sed

1268 1363 1342 1393 qaae
1362 1354 1452 1382 stulta
1472 1358 1540 1382 suat
1561 1354 1667 1382 mandi
1686 1354 1766 1390 eleyil
1790 1354 1875 1388 Deus,
1897 1357 1930 1382 ‘at
1949 1353 2112 1391 confundat

1267 1402 1427 1438 sapieiztes,·
1448 1405 1473 1429 et
1496 1400 1617 1437 infirma
1638 1401 1744 1429 mandi
1770 1401 1851 1438 eleyit
1875 1401 1966 1435 Deus,
1989 1404 2021 1429 at
2047 1409 2112 1429 cort-

1268 1448 1377 1485 fandat
1397 1447 1508 1485 scitia,-
1530 1451 1555 1476 ct
1577 1447 1716 1485 iynobilia
1744 1452 1768 1476 et
1789 1448 2013 1485 contemptibilia
2033 1448 2114 1485 clepit

1272 1496 1347 1524 Deus
1368 1500 1392 1523 ct
1413 1503 1447 1523 ea
1468 1503 1542 1532 quac
1562 1503 1621 1523 noa
1642 1498 1726 1529 sunt,
1759 1499 1791 1523 itt
1811 1503 1845 1523 ea
1873 1503 1947 1533 qaae
1971 1498 2039 1523 sunl
2067 1495 2113 1523 de-

1268 1546 1401 1571 strueret.
1425 1542 1508 1570 Habet
1529 1549 1595 1578 ergo
1616 1542 1689 1570 Deus
1710 1545 1851 1578 aspectum
1872 1541 1905 1570 ad
1924 1542 2047 1570 humilia.
2063 1541 2114 1570 Sed

1269 1589 1303 1617 de
1318 1589 1412 1617 multis
1428 1591 1515 1625 potest
1529 1588 1597 1616 dici:
1614 1588 1705 1625 Rttpti
1718 1592 1786 1617 sant
1801 1587 1893 1626 fomes
1908 1588 2017 1626 abyssi,
2033 1588 2059 1617 id
2074 1591 2115 1617 est

1269 1636 1403 1672 abyssalia
1425 1636 1515 1664 corda.
1537 1636 1593 1664 Non
1616 1640 1657 1664 est
1678 1643 1763 1672 parva
1784 1636 1844 1664 laus
1863 1635 1955 1665 dicere
1975 1636 2009 1665 de
2036 1635 2115 1665 beata

1271 1683 1396 1719 Virgine,
1418 1682 1491 1719 quod
1513 1682 1548 1710 sit
1562 1681 1629 1719 fons
1648 1690 1779 1718 paruas,
1805 1691 1921 1719 parvas
1943 1682 2115 1719 reputatione

1270 1729 1322 1762 sui,
1337 1729 1402 1765 quia
1424 1728 1559 1757 laudabile
1580 1732 1620 1757 est
1641 1728 1733 1757 dicere
1747 1729 1781 1757 de
1801 1729 1909 1765 aliquo:
1933 1729 1984 1758 Iste
1998 1733 2039 1758 est
2058 1737 2115 1757 ma-

1271 1784 1357 1812 gnus;
1380 1778 1470 1804 tamen
1492 1775 1657 1804 laudabilius
1678 1778 1719 1803 est
1733 1775 1839 1804 dicere:
1864 1776 1914 1804 lste
1928 1779 1970 1804 est
1991 1784 2115 1813 magnus,

1271 1823 1317 1851 sed
1339 1823 1380 1850 sui
1404 1822 1575 1858 reputatione
1590 1825 1631 1850 est
1653 1830 1770 1858 parvus,
1792 1823 1857 1859 quia
1875 1831 1930 1851 non
1945 1826 1986 1851 est
2001 1830 2116 1860 magnus

1270 1869 1380 1897 anirnus
1401 1868 1477 1904 (nisi)
1500 1876 1597 1905 magna
1617 1868 1778 1905 despiciens.

1350 1916 1475 1944 Secundo
1506 1918 1683 1951 comparatur
1708 1915 1786 1944 beata
1808 1916 1891 1953 Virgo
1922 1916 1987 1945 fonti
2019 1917 2116 1945 vivido

1273 1966 1386 1999 propter
1407 1970 1473 1991 suae
1487 1961 1729 1998 sanctificationis
1744 1962 1986 1999 iiiclesicieiztiam;
2001 1963 2074 1992 unde
2089 1963 2115 1991 in

1273 2010 1390 2038 Canticis
1404 2009 1430 2037 6;
1453 2010 1531 2037 Fons
1545 2008 1715 2043 stortorttm,
1735 2013 1841 2046 pateas
1856 2018 2006 2048 aquarum
2020 2011 2117 2039 viven-

1273 2057 1356 2089 tium,
1378 2064 1452 2094 qaae
1472 2055 1570 2092 fluant
1590 2056 1698 2092 impeta
1725 2057 1759 2085 de
1780 2056 1898 2085 Libano.
1921 2057 2048 2086 Vividum
2076 2061 2117 2086 est

1273 2103 1346 2139 quod
1378 2103 1404 2130 in
1436 2110 1464 2131 se
1496 2102 1578 2130 habet
1606 2103 1772 2139 principium
1795 2111 1861 2132 suae
1886 2103 2116 2137 conservationis;

1273 2150 1346 2178 unde
1367 2149 1468 2177 dicitur
1488 2149 1549 2177 fons
1570 2149 1662 2184 vivus,
1678 2150 1725 2186 qui
1751 2150 1778 2178 in
1799 2158 1828 2179 se
1844 2150 1940 2185 hahet,
1962 2151 2035 2179 unde
2053 2158 2117 2179 con-

1274 2196 1350 2224 tinue
1371 2196 1447 2224 fluat.
1471 2196 1513 2224 Sic
1535 2196 1613 2224 beata
1642 2196 1724 2233 Virgo
1746 2197 1843 2225 habuit
1864 2197 1890 2225 in
1913 2205 1942 2225 se
1966 2197 2117 2226 sanctifica-

1274 2243 1375 2271 tionem
1398 2242 1596 2271 indeficientem
1620 2246 1732 2279 propter
1753 2244 1986 2272 continuationem
2005 2244 2064 2273 eius
2084 2244 2117 2272 ad

1275 2289 1407 2325 originem
1430 2292 1457 2317 et
1475 2289 1647 2318 devotionem
1671 2290 1730 2318 eius
1759 2289 1930 2319 indefessam.
1954 2290 2116 2327 Exemplum

1275 2335 1496 2364 sanctificationis
1516 2336 1551 2364 ab
1573 2336 1631 2372 ipsa
1652 2336 1781 2365 continue
1803 2337 1880 2370 ssuit,
1899 2337 1964 2373 quia
1989 2337 2118 2365 continue

1276 2382 1376 2410 haurit.
1389 2382 1503 2418 Quando
1524 2382 1583 2410 fons
1604 2382 1703 2411 desinit
1718 2383 1861 2417 scaturire,
1877 2387 1943 2412 tunc
1957 2383 2056 2412 amittit
2070 2391 2118 2412 no—

1275 2429 1406 2457 bilitatem
1429 2429 1518 2458 sontis.
1545 2429 1698 2458 Refundant
1727 2430 1811 2466 igitur
1843 2430 1966 2473 homipes
1995 2433 2022 2459 et
2049 2431 2118 2459 acci-

1275 2475 1365 2511 piant,
1387 2476 1452 2512 quia
1480 2476 1555 2504 stulti
1578 2480 1642 2504 sunt
1663 2477 1710 2513 qui
1732 2477 1830 2505 nolunt
1858 2477 1981 2513 accipere
2012 2479 2039 2505 et
2059 2477 2119 2505 aliis

1276 2523 1488 2555 communicare,
1510 2523 1556 2559 qui
1578 2523 1688 2551 dicunt:
1711 2523 1852 2559 Quomodo
1879 2523 1949 2552 dabo
1970 2523 2043 2560 quod
2065 2531 2117 2552 non

1276 2569 1384 2598 habeo?
1410 2569 1516 2605 peiores
1541 2573 1606 2598 sunt
1634 2570 1681 2606 qui
1710 2570 1784 2606 quod
1811 2574 1977 2606 acceperunt
2005 2570 2120 2599 fundere

1277 2619 1420 2649 recusant,
1442 2619 1474 2644 ut
1494 2616 1584 2649 avari;
1613 2617 1660 2645 sed
1682 2617 1794 2653 superbi
1823 2620 1888 2646 sunt
1915 2617 1962 2654 qui
1991 2617 2058 2645 nihil
2087 2617 2119 2646 de

1278 2662 1332 2690 Deo
1347 2662 1468 2690 sentiunt
1489 2665 1516 2690 et
1537 2662 1603 2691 alios
1624 2663 1722 2691 docere
1737 2663 1840 2692 volunt.
1856 2664 2001 2700 Nunquam
2024 2663 2120 2692 habuit

445 2828 451 2839 ¹
471 2829 551 2850 Psalm.
570 2828 605 2856 41,
624 2829 643 2850 2.
662 2834 722 2856 seq.;
740 2831 868 2856 sequuntur
886 2829 927 2851 lac.
950 2830 966 2855 l,
988 2829 1021 2850 17.
1038 2832 1060 2851 et
1078 2829 1112 2851 ΡΞ.
1129 2829 1166 2856 35,
1188 2829 1221 2850 10.

445 2865 453 2878 ²
471 2866 525 2894 Cap.
548 2869 573 2894 2,
600 2867 637 2893 ¹33
663 2871 791 2895 sequuntur
814 2868 879 2889 Eccli.
908 2868 927 2892 Ι,
954 2868 974 2890 5.
1001 2871 1022 2890 et
1048 2869 1108 2890 loan.
1134 2867 1159 2894 t,
1186 2868 1220 2890 13.

382 2911 430 2933 seq.

445 2943 453 2955 ³
471 2943 525 2971 Cap.
547 2945 579 2971 12,
598 2945 618 2966 3.

1339 2827 1348 2840 ⁴
1366 2828 1442 2850 Matlh.
1460 2828 1497 2854 23,
1519 2828 1555 2854 ¹23
1574 2828 1657 2850 deinde
1677 2828 1797 2856 respicitur
1820 2828 1868 2850 lsai.
1890 2828 1928 2855 14,
1949 2829 1982 2850 13.
2006 2828 2044 2856 (de
2066 2827 2121 2849 loci-

1278 2867 1347 2896 tero);
1365 2866 1468 2895 sequitur
1486 2867 1561 2889 Matth.
1583 2868 1616 2895 18,
1635 2867 1655 2889 t.

1341 2904 1350 2917 ⁵
1369 2906 1437 2933 Epist.
1456 2906 1469 2927 l.
1486 2912 1506 2927 c.
1527 2907 1545 2934 Ι,
1563 2906 1600 2928 26.
1617 2912 1694 2934 θείης
1712 2906 1817 2935 sequitur
1834 2906 1890 2928 Gen.
1907 2906 1928 2932 7,
1951 2906 1983 2927 11.

1332 2942 1351 2961 »0
1368 2944 1423 2971 Cap,
1441 2944 1461 2970 4,
1484 2944 1516 2966 15.

2219 307 2233 370 l

2228 374 2233 420 Ι,

2118 424 2144 442 De
2156 423 2215 442 Maria
2228 426 2235 450 [v

2083 465 2087 468 .
2121 447 2170 466 tonte
2183 452 2237 477 party

2229 481 2234 499 l

2230 504 2240 566 l.

2237 570 2240 581 l

2127 1169 2211 1188 illonitio.

2152 1917 2204 1939 item,
2217 1918 2242 1935 ut¹

2129 1941 2180 1959 sonte
2192 1940 2241 1959 vivia
