2243 3348
53 405 104 426 item,
117 403 136 422 iu

45 427 137 447 Christum

36 451 147 471 crucifixum.

46 1199 98 1220 item,
111 1199 130 1217 in

40 1222 132 1241 Christum

0 1251 1 1255 ¹
33 1246 139 1265 exaltatum.

8 2458 14 2483 *l
25 2464 146 2483 introductio.

804 181 835 208 ΙΝ
856 180 1076 209 PENTECOSTE.
1099 181 1208 210 SERMO
1231 182 1270 210 IX.

164 256 251 294 fluvii
269 257 376 295 dioryat²
408 260 433 285 et
460 258 535 285 sieut
563 258 765 295 aquaeductus
796 258 874 286 exibi
893 258 927 286 de
957 266 1009 294 pa—

165 303 275 332 radiso.

244 350 270 378 ln
293 350 434 379 Christum
456 353 548 379 autem
574 350 751 387 crueisz'oeum
783 350 897 379 credere
927 351 1009 379 debe-

165 405 228 425 mus
249 405 312 425 oum
334 397 546 434 compassione,
569 400 600 425 ut
620 405 706 434 aquas
727 397 850 426 viventes
872 398 1009 434 possimus

164 444 301 477 invenire,
317 444 467 472 secundum
484 444 556 481 quod
572 444 732 481 designatur
747 444 858 473 Genesis
878 445 1008 481 vigesimo

164 494 243 519 sexto
256 492 277 516 ¹:
302 491 450 519 Foderunt
464 491 494 518 in
517 494 642 519 torrente
662 494 688 519 et
707 495 878 528 repererunt
897 500 1007 530 aquam

163 536 269 565 vibam.
293 537 342 565 Per
364 540 516 565 torrentem
540 537 622 565 istum
649 537 809 574 designatur
831 538 909 566 nobis
930 546 1008 574 aspe-

163 583 230 611 ritas
251 582 403 611 dominicae
432 583 580 619 passionis,
604 583 631 612 111
662 592 718 620 quo
749 584 882 613 debemus
909 583 1008 622 fodere

164 636 212 665 per
234 628 324 665 iugem
349 628 568 663 meditationem,
591 633 621 657 ut
643 638 752 668 aquam
776 630 912 666 possimus
933 630 1008 659 inve-

162 675 237 709 nire;
252 674 413 711 fossorium
435 678 527 704 autem
542 679 583 704 est
598 676 656 712 ipsa
671 684 742 704 crux
758 676 902 709 dominica,
924 684 1007 712 quam

163 729 247 750 manu
267 721 401 750 debemus
422 725 449 750 et
470 722 497 750 in
527 723 651 751 humeris
680 722 862 751 circumferre
884 727 910 751 et
931 723 1008 751 duri-

162 768 227 796 tiam
248 768 339 797 cordis
360 769 445 797 nostri
479 773 590 806 tangere
618 773 644 798 et
665 769 790 803 allidere,
812 770 832 797 si
862 770 1007 805 volumus,

162 816 236 853 quod
257 816 319 844 inde
340 816 454 845 effluant
475 824 578 853 aquae3
601 817 752 845 secundum
781 817 855 853 quod
883 817 1008 854 designa-

162 866 220 891 tum
253 867 294 891 est
322 863 507 891 Numerorum
534 863 681 900 vigesimo,
713 863 760 891 ubi
792 864 909 892 dicitur:
935 864 1006 892 Cum

162 909 295 938 elevasset
316 910 426 948 Moyses
447 919 587 944 manum,
608 911 774 947 percutiens
795 911 882 948 'et'rqa
905 911 948 940 bis
968 911 1007 939 si-

162 956 256 990 licem,
279 965 411 994 cyre-§sae
441 961 511 985 sunt
541 966 637 995 aquae
667 957 863 995 largissimae.
887 959 911 986 Si
934 959 1006 987 enim

161 1011 209 1032 cor
229 1004 331 1032 durum
354 1012 416 1032 cum
440 1004 490 1032 bac
513 1004 590 1041 virga
622 1005 713 1033 crucis
741 1005 930 1042 percutiatur,
953 1014 1006 1034 non

161 1054 203 1079 est
223 1050 356 1084 dubium,
378 1051 445 1087 quin
468 1059 503 1080 ex
526 1052 584 1088 ipso
616 1052 704 1080 ssuant
736 1052 851 1080 flumina
874 1053 1007 1089 lacryma-

161 1106 238 1132 rum,
261 1101 287 1126 et
308 1099 335 1126 in
358 1098 416 1135 ipso
437 1098 555 1127 influant
576 1099 742 1127 charismata
764 1100 926 1136 gratiarum.

240 1146 266 1173 ln
289 1145 429 1174 Christum
452 1146 614 1174 eaeattatum
645 1146 758 1175 credere
787 1146 920 1175 debemus
942 1155 1005 1175 cum

158 1191 303 1220 >desiderio
324 1196 348 1220 et
369 1193 587 1229 exspectatione,
605 1193 741 1221 imitantes
764 1193 936 1229 Proplietam,
959 1193 1006 1230 qui

160 1239 194 1268 de
214 1247 243 1268 se
265 1240 323 1276 ipso
344 1239 488 1268 1110011312.-
506 1240 757 1276 Quemadmodum
780 1241 926 1269 desiderat
946 1249 1007 1269 cer-

159 1294 215 1314 vus
236 1286 275 1314 ad
295 1285 389 1323 fontes
410 1295 575 1325 aquarum,
591 1287 633 1315 ita
647 1287 793 1315 desiderat
818 1288 920 1316 anima
942 1296 1007 1316 mea

160 1333 200 1361 ad
215 1337 248 1367 te,
266 1334 350 1361 Deus.
373 1334 408 1362 Ad
433 1334 481 1362 lias
495 1342 582 1371 aquas
599 1334 748 1363 invitamur
765 1335 847 1363 isaiae
869 1335 1007 1372 quinqua-

160 1380 263 1417 gesimo
289 1381 401 1417 quinto:
433 1381 537 1409 On'tnes
558 1381 701 1415 sitientes,
725 1382 813 1410 venite
834 1382 873 1410 ad
902 1390 1005 1420 aquas.

166 1427 272 1460 Venite,
296 1428 421 1464 inquam,
437 1436 499 1456 cum
515 1428 650 1456 desiderio
672 1432 698 1456 et
719 1428 779 1462 siti,
801 1429 866 1465 quia
887 1437 940 1457 non
965 1437 1007 1457 re-

160 1474 296 1510 pellemini
319 1482 335 1502 a
365 1473 475 1502 Christo
508 1474 638 1507 Domino,
661 1475 707 1511 qui
737 1475 802 1503 dicit
833 1475 866 1503 de
888 1483 916 1503 se
948 1475 1007 1511 ipso

161 1520 267 1549 loannis
288 1523 384 1549 sexto:
410 1521 481 1548 Eum
504 1522 557 1559 qui
572 1521 648 1549 venit
670 1522 709 1549 ad
731 1530 790 1555 me,
812 1530 870 1549 11011
891 1522 1005 1550 eliciam

160 1567 261 1604 fora&
284 1568 330 1596 sed
354 1568 444 1604 potius
476 1569 619 1597 credentes
651 1569 739 1597 reficit
767 1572 793 1597 et
826 1572 901 1606 potat
922 1577 1006 1606 aqua,

160 1623 232 1652 quae
253 1615 373 1651 perfecte
393 1615 511 1643 animam
528 1616 620 1649 satiat,
636 1616 788 1644 secundum
812 1616 877 1644 illud
902 1616 1007 1644 loannis
1034 1632 1036 1642 1

160 1665 260 1698 quarto
275 1661 300 1689 ³:
327 1662 443 1696 Omnis,
466 1662 518 1700 qui
538 1662 640 1690 biberit
670 1671 704 1690 eac
735 1671 815 1700 aqua
841 1662 910 1696 liae,
932 1663 1007 1691 sitiet

159 1709 282 1742 iterum;
304 1709 356 1747 qui
372 1714 469 1738 autem
486 1709 587 1738 biberit
601 1719 635 1738 ec
650 1718 747 1747 aqua,
763 1718 850 1748 quttm
868 1719 917 1747 eyo
932 1709 1006 1738 dabo

160 1756 199 1790 ci,
221 1765 279 1784 non
299 1756 377 1785 sitiet
397 1757 428 1785 ‘in
450 1760 610 1785 aeternum.
641 1757 696 1786 Sed
724 1766 819 1795 aqua,
842 1765 932 1795 quam
957 1766 1006 1794 eqo

161 1802 236 1831 dabo
258 1803 299 1837 ei,
321 1803 368 1839 fiet
389 1804 420 1832 in
441 1812 472 1832 eo
493 1803 560 1841 fons
582 1812 677 1841 aquae
698 1803 830 1832 salientis
856 1804 887 1832 in
915 1803 1007 1832 vitam

161 1853 309 1878 aeternam
319 1861 329 1883 ,·
351 1851 376 1878 in
399 1859 455 1887 qua
476 1851 586 1887 quidem
609 1851 668 1879 vita
690 1854 811 1879 aeterna
832 1854 897 1879 sunt
919 1858 1007 1887 aquae

160 1897 254 1930 vivae,
276 1897 427 1926 secundum
450 1898 517 1926 illud
539 1898 714 1935 Apocalypsis
736 1898 868 1934 septimo:
888 1899 1006 1935 Agnus,

160 1943 212 1981 qui
231 1943 262 1972 in
282 1944 376 1972 medio
398 1943 497 1972 tltroni
516 1949 572 1978 est,
594 1949 670 1981 regyet
693 1945 756 1973 illos
777 1948 800 1973 et
822 1945 939 1973 deducet
961 1953 1007 1973 eos

160 1991 201 2019 ad
227 1991 303 2019 vitae
333 1990 426 2027 fontes
448 2000 606 2029 aquarum.
630 1992 665 2020 Ad
699 2000 768 2029 quos
796 2000 845 2020 nos
873 1992 1007 2028 perducat

160 2038 205 2066 ille
220 2039 312 2074 Agnus
334 2038 541 2072 immaculatus,
564 2039 697 2067 Dominus
720 2040 793 2067 lesus
814 2039 956 2072 Christus,
980 2039 1005 2066 iu
1034 2051 1035 2056 ¹

159 2092 242 2121 quem
265 2085 418 2119 credimus,
441 2093 585 2122 speramus
616 2090 642 2114 et
671 2087 860 2123 suspiramus,
890 2086 936 2122 qui
966 2089 1007 2114 est

160 2131 321 2160 benedictus
344 2132 369 2160 in
392 2132 509 2161 saecula.
532 2134 624 2161 Amen.

496 2227 587 2255 Sentio
610 2227 641 2254 lx
653 2230 672 2255 ⁴.

242 2319 280 2347 De
301 2319 408 2348 excelso
430 2320 509 2348 misit
532 2321 626 2357 iyncm
642 2321 672 2349 111
688 2321 802 2349 ossibus
818 2321 887 2349 mets
902 2324 927 2348 et
941 2329 1007 2348 eru-

162 2366 234 2394 dibit
255 2367 320 2394 me⁵
342 2370 393 2395 etc.

241 2413 362 2442 Verbum
384 2414 456 2442 istud
479 2414 610 2443 scribitur
629 2415 805 2444 Tlireuorum
821 2415 911 2451 primo
926 2418 953 2443 et
967 2418 1008 2443 est

161 2460 278 2488 verbum
302 2460 435 2489 Ecclesiae
458 2462 603 2490 recolentis
626 2462 789 2490 beneficium
822 2462 871 2490 sibi
896 2461 1008 2498 praesti-

161 2511 220 2535 tum
243 2507 269 2535 in
292 2508 464 2537 solemnitate
487 2509 666 2537 pentecostes,
694 2509 761 2537 Haec
783 2512 875 2537 autem
897 2509 1007 2536 donatio

161 2554 245 2582 sancti
268 2555 387 2591 Spiritus
408 2555 479 2583 sacta
500 2559 541 2584 est
563 2556 710 2592 Apostoli&
734 2556 867 2584 Ecclesiae
882 2555 1007 2584 fundato-

163 2601 241 2630 ribus
262 2605 289 2630 et
321 2603 466 2639 magistris.
490 2603 662 2632 Describitur
694 2607 786 2632 autem
809 2603 883 2631 istud
905 2602 1007 2631 benefi-

162 2648 234 2676 cium
252 2649 276 2676 in
294 2649 378 2677 verbo
402 2650 551 2686 praemisso
573 2651 724 2679 secundum
748 2650 882 2687 triplicem
898 2658 1007 2687 compa-

1852 189 1904 218 341

1067 258 1209 287 rationem.
1233 259 1323 287 Primo
1344 260 1417 288 enim
1438 260 1605 290 describitur
1626 270 1661 291 ex
1694 267 1772 300 parte
1793 265 1909 294 diuinae

1065 304 1284 341 munificentiae
1316 305 1485 342 ίαν-01011113,
1508 315 1570 336 cum
1603 309 1720 337 dicitur:
1743 311 1783 338 De
1803 312 1909 340 excelso

1065 350 1146 378 misit
1177 351 1289 387 igynem,
1321 352 1425 380 scilicet
1457 353 1589 382 Dominus
1619 355 1756 384 excelsus.
1786 357 1910 386 Secundo

1066 404 1146 430 vero,
1162 405 1197 425 ex
1215 401 1292 433 parte
1315 398 1457 426 Ecclesiae
1471 400 1671 436 suscipientis,
1686 409 1749 430 cum
1765 403 1909 432 subditur:

1065 443 1096 471 in
1118 443 1232 472 ossibus
1263 445 1342 473 meis.
1375 445 1449 474 Ossa
1480 446 1612 475 dicuntur
1634 448 1765 484 Apostoli,
1795 450 1841 486 qui
1874 451 1911 478 ita

1065 493 1176 527 portant
1199 491 1362 525 Ecclesiam,
1378 492 1450 520 sicut
1470 500 1532 521 ossa
1553 495 1677 530 corporis
1692 495 1831 524 fabricam.
1848 497 1911 525 Ter-

1065 537 1102 566 tio
1125 546 1205 571 vero,
1228 545 1263 566 ex
1286 541 1364 575 parte
1394 538 1464 575 sinis
1489 542 1737 575 consummantis,
1759 551 1822 571 cum
1845 544 1911 572 sub-

1064 584 1205 621 iungitur:
1227 588 1253 613 et
1273 585 1403 614 erudivit
1423 595 1475 614 mc.
1492 586 1544 615 lste
1559 587 1630 615 enim
1653 587 1783 617 fructus⁰
1805 590 1857 618 fuit
1878 591 1909 618 il-

1065 631 1119 660 lius
1141 632 1286 660 missionis.

1145 679 1214 707 Dicit
1235 687 1316 716 ergo:
1342 680 1379 708 De
1400 680 1508 708 excelso
1530 681 1610 709 misit
1630 681 1726 718 ‘iyncm
1740 685 1791 710 etc.
1811 683 1909 711 Notan—

1064 725 1147 759 dum,
1170 726 1243 762 quod
1266 729 1307 754 est
1328 726 1413 763 ignis,
1436 735 1518 763 quem
1542 727 1674 756 Dominus
1703 728 1786 756 mittit
1809 729 1843 757 cle
1861 728 1910 757 '‘eat--

1064 772 1153 806 celso,
1176 776 1202 800 et
1224 773 1274 801 iste
1304 776 1345 801 est
1366 773 1436 810 ignis
1456 773 1590 810 9ratiac;
1612 778 1638 803 et
1660 778 1701 803 est
1722 775 1805 811 ignis,
1827 784 1909 812 quem

1064 819 1199 855 permittit
1221 819 1349 848 succendi
1372 820 1409 848 ab
1431 820 1506 854 imo,
1529 823 1556 849 et
1578 821 1628 849 iste
1643 825 1684 850 est
1706 821 1776 858 ignis
1791 822 1910 859 eulpae;

1064 869 1091 894 et
1111 869 1153 894 est
1174 866 1260 903 ignis,
1282 875 1364 903 quem
1388 867 1511 896 immittit
1532 868 1625 896 medio
1645 869 1747 902 modo,
1763 873 1790 897 et
1805 869 1854 898 iste
1869 874 1910 898 est

1064 913 1134 949 ignis
1153 921 1270 950 poenae.
1294 914 1332 942 De
1360 914 1421 950 igne
1441 915 1575 951 gyratiae,
1597 923 1679 952 quem
1706 915 1789 944 mittit
1810 916 1843 944 de
1865 924 1911 944 ex-

1064 960 1151 994 celso,
1174 959 1275 988 dicitur
1297 961 1386 989 Lucae
1417 961 1618 990 duodecimo⁷:
1642 962 1739 999 Jynem
1765 963 1831 991 veni
1849 963 1923 999 mit-¹

1065 1011 1121 1035 tere
1142 1007 1173 1035 in
1195 1012 1322 1041 terram,
1344 1011 1369 1036 ct
1390 1009 1461 1046 quid
1481 1008 1557 1042 volo,
1579 1009 1638 1037 nisi
1659 1013 1691 1037 ut
1712 1010 1910 1038 accendatur?

1064 1071 1102 1074 —
1116 1054 1154 1082 De
1176 1054 1238 1091 igne
1259 1054 1378 1091 culpae,
1395 1055 1441 1092 qui
1464 1055 1641 1084 succenditur
1662 1056 1697 1085 ab
1718 1057 1788 1090 imo,
1810 1057 1911 1086 dicitur

1064 1101 1147 1129 Isaiae
1168 1101 1397 1138 quinquagesimo
1419 1106 1534 1139 quarto:
1571 1104 1628 1140 Eoo
1659 1103 1759 1132 creavi
1787 1103 1910 1140 fabrum

1063 1148 1230 1185 sufflantem
1253 1149 1283 1177 in
1298 1149 1364 1186 iyne
1384 1158 1501 1186 prunas
1515 1153 1566 1178 etc.
1583 1150 1678 1178 Faber
1693 1154 1784 1179 autem
1806 1151 1855 1180 iste
1870 1154 1911 1180 est

1063 1195 1205 1229 diabolus,
1227 1196 1273 1232 qui
1296 1195 1389 1225 sufflat
1410 1196 1442 1224 ad
1458 1196 1661 1225 accendendum
1685 1198 1774 1234 ignem
1798 1198 1909 1234 peccati.

1065 1257 1101 1262 —
1120 1242 1157 1270 De
1173 1242 1234 1278 igne
1250 1251 1376 1279 poenae,
1392 1243 1624 1279 quemDominus
1647 1244 1756 1281 infligit,
1779 1244 1910 1273 scribitur

1064 1288 1090 1316 in
1114 1288 1234 1317 Psalmo:
1259 1289 1404 1324 Quoniam
1424 1289 1558 1326 probasti
1577 1299 1647 1324 nos,
1665 1291 1757 1324 Deus,
1773 1291 1838 1328 iyne
1858 1299 1910 1319 'nos

1064 1335 1250 1363 examinasti.

1143 1383 1160 1410 1.
1184 1383 1274 1411 Primo
1296 1383 1380 1420 igitur
1403 1383 1550 1412 videndum
1572 1388 1614 1413 est
1635 1384 1668 1413 de
1690 1385 1751 1422 igne
1775 1386 1909 1422 9ratiae,

1064 1438 1146 1466 quem
1165 1430 1252 1458 mutu
1270 1430 1412 1458 Dominus
1433 1431 1466 1459 de
1487 1431 1604 1459 excelso.
1627 1431 1720 1460 Gratia
1741 1432 1813 1460 enim
1836 1435 1910 1460 recte

1064 1476 1166 1505 dicitur
1188 1476 1279 1513 191118,
1302 1477 1322 1505 si
1347 1477 1528 1513 proprietates
1548 1477 1635 1514 ipsius
1648 1478 1719 1515 ignis
1739 1478 1911 1507 consideren-

1064 1525 1119 1550 tur.
1136 1522 1206 1559 lgnis
1222 1530 1340 1559 namque
1357 1523 1534 1552 luciditatem
1558 1524 1640 1553 babet
1655 1525 1681 1553 in
1700 1529 1823 1561 aspectu,
1839 1525 1909 1553 cali-

1064 1569 1181 1597 ditatem
1199 1570 1224 1597 in
1240 1572 1313 1603 actu,
1326 1569 1372 1598 sed
1388 1570 1547 1607 a9ilitatem
1564 1571 1589 1599 in
1606 1574 1691 1600 motu.
1705 1572 1754 1600 Per
1767 1572 1841 1600 hunc
1857 1580 1911 1600 mo-

1064 1616 1129 1644 dum
1148 1617 1236 1653 gratia
1250 1616 1324 1645 lucet
1342 1625 1391 1653 per
1406 1618 1604 1654 cognitionem,
1626 1619 1697 1647 calet
1718 1627 1767 1655 per
1789 1619 1910 1647 dilectio-

1065 1671 1141 1697 nem,
1161 1664 1303 1692 succendit
1324 1668 1351 1692 et
1372 1668 1464 1693 mouet
1485 1673 1534 1701 per
1556 1665 1738 1694 devotionem.
1762 1683 1797 1686 —
1821 1666 1910 1694 Primo

1064 1709 1149 1746 igitur
1170 1710 1259 1746 gratia
1281 1710 1354 1739 lucet
1374 1714 1401 1739 et
1422 1711 1474 1739 hoc
1489 1719 1538 1748 per
1554 1712 1745 1749 cognitionem,
1762 1720 1810 1749 per
1826 1720 1909 1749 quam

1064 1756 1137 1785 Deus
1158 1757 1252 1785 oculos
1274 1757 1411 1786 illuminat
1432 1761 1459 1786 et
1480 1759 1568 1795 aperit
1590 1759 1684 1787 viam8
1700 1759 1731 1788 ad
1748 1759 1910 1796 pervenien-

1063 1804 1129 1832 dum
1162 1804 1189 1832 in
1221 1804 1354 1841 patriam,
1377 1808 1403 1833 et
1426 1805 1477 1833 hoc
1510 1805 1579 1834 bene
1611 1806 1795 1843 significatum
1817 1810 1858 1835 est
1883 1806 1910 1835 in

1065 1850 1157 1879 Exodo
1169 1851 1189 1884 ⁹,
1212 1851 1258 1879 ubi
1281 1851 1383 1880 dicitur
1405 1852 1438 1881 de
1459 1852 1523 1881 filiis
1542 1853 1640 1881 lsrael:
1662 1853 1803 1881 Dominus
1823 1862 1910 1890 prae-

1063 1898 1177 1926 cedebat
1199 1907 1245 1927 eos
1267 1900 1306 1927 ad
1328 1900 1532 1928 ostendendam
1556 1901 1636 1928 viam
1656 1909 1708 1937 per
1730 1901 1805 1929 diem
1820 1901 1850 1929 in
1866 1909 1911 1929 co-

1063 1945 1166 1973 lumna
1188 1945 1276 1973 nubis
1290 1949 1314 1974 et
1334 1951 1512 1983 pernoctem
1535 1947 1564 1975 in
1590 1947 1726 1975 columna
1752 1947 1837 1984 iynis.
1861 1948 1910 1976 Per

1063 1996 1173 2020 noctem
1205 1993 1377 2029 significatur
1405 1996 1494 2022 status
1527 1995 1679 2030 praesentis
1711 1995 1853 2029 miseriae,
1883 1995 1909 2023 in

1063 2047 1119 2075 quo
1140 2039 1274 2067 Dominus
1295 2039 1389 2076 dirigit
1410 2043 1437 2069 et
1458 2040 1596 2069 illuminat
1618 2032 1671 2077 per
1688 2040 1790 2069 donum
1820 2045 1847 2069 et
1869 2041 1910 2069 lu-

1064 2094 1124 2114 men
1147 2087 1259 2123 gratiae.

1142 2134 1267 2162 Secundo
1289 2135 1377 2171 gratia
1399 2135 1470 2163 calet
1492 2143 1541 2172 per
1556 2136 1744 2170 dilectionem,
1761 2144 1810 2172 per
1825 2144 1907 2173 quam

1063 2180 1138 2208 Deus
1160 2180 1311 2209 inflammat
1333 2181 1416 2210 corda
1437 2186 1546 2216 nostra,
1569 2183 1721 2211 secundum
1754 2183 1820 2211 illud
1843 2183 1911 2211 Can-

1064 2227 1181 2255 ticorum
1205 2227 1301 2255 ultimo
1315 2228 1351 2268 ¹⁰}
1374 2229 1472 2257 Fortis
1487 2233 1526 2257 est
1542 2234 1574 2257 ut
1595 2238 1674 2258 mors
1689 2230 1814 2263 dilectio,
1830 2230 1910 2258 dura

1063 2274 1138 2302 sicut
1160 2273 1297 2310 infernus
1322 2276 1499 2309 aemulatio;
1528 2276 1679 2313 lampades
1706 2277 1768 2305 eius
1797 2277 1910 2314 lampa-

1063 2321 1112 2349 des
1144 2321 1221 2357 iynis
1249 2326 1335 2360 atque
1355 2322 1557 2358 [lautitiarum.
1588 2326 1690 2361 Aquae
1718 2324 1826 2352 multae
1853 2332 1911 2351 non

1063 2371 1221 2404 potuerunt
1242 2369 1425 2406 exstinquere
1447 2370 1609 2398 caritatem.
1626 2371 1706 2399 Recte
1727 2371 1836 2399 dilectio
1852 2379 1910 2407 gra-

1064 2415 1117 2443 tiae
1139 2415 1240 2444 dicitur
1268 2416 1385 2453 lampas
1406 2417 1485 2454 tynis
1506 2421 1529 2445 et
1549 2417 1704 2453 flammae,
1727 2417 1837 2454 quando
1863 2425 1910 2446 cor

1064 2462 1215 2491 inflammat
1239 2463 1355 2492 interius
1377 2472 1425 2500 per
1447 2464 1613 2493 desiderium
1645 2468 1672 2493 et
1703 2465 1830 2493 exterius
1862 2472 1910 2501 per

1065 2510 1242 2546 exemplum;
1265 2513 1291 2538 et
1313 2510 1382 2539 bene
1414 2511 1572 2548 subiungit.-
1601 2514 1702 2549 Aquae
1724 2512 1832 2540 multae
1852 2520 1911 2539 non

1063 2560 1221 2592 potueruut
1242 2558 1426 2595 eoestinyuerc
1440 2558 1610 2592 caritatem,
1626 2559 1723 2592 immo,
1739 2559 1812 2595 quod
1829 2559 1911 2586 mira-

1065 2602 1118 2631 bile
1140 2606 1193 2636 est,
1209 2611 1296 2640 aquae
1313 2604 1497 2632 tribulationis
1512 2604 1680 2638 accendunt;
1697 2605 1849 2641 Sapientiae
1864 2605 1910 2633 de-

1065 2650 1137 2679 cimo
1159 2653 1238 2678 sexto
1254 2667 1291 2670 ——
1305 2651 1378 2688 quod
1394 2651 1519 2680 mirabile
1541 2655 1600 2680 erat
1615 2662 1667 2679 —:
1684 2652 1718 2679 In
1734 2660 1824 2689 aqum
1840 2659 1910 2688 quae

226 2782 232 2794 ¹
253 2783 317 2805 Vers.
340 2784 377 2810 to;
395 2784 498 2812 sequitur
515 2785 582 2806 Num.
601 2785 640 2812 120,
663 2786 696 2806 ll⁴

226 2821 234 2833 ²
252 2822 334 2844 Psalm.
352 2822 392 2850 sil,
411 2823 435 2849 2;
453 2827 581 2851 sequuntur
600 2824 648 2845 lsai.
666 2824 702 2851 55,
725 2826 742 2846 1.
760 2828 780 2847 et
800 2826 858 2847 loun.
877 2825 902 2849 6.
921 2825 957 2846 ΓΠ.

226 2860 234 2873 ³
254 2861 317 2882 Vors.
341 2861 373 2882 13.
390 2867 451 2889 ses1.;
469 2862 572 2890 sequitur
590 2865 661 2890 Apoc.
679 2864 700 2887 7,
723 2864 756 2885 17.

225 2899 234 2911 ⁴
252 2900 281 2921 lix
300 2900 380 2922 iisdem
399 2900 475 2926 codd,
492 2901 539 2922 scil.
558 2901 685 2923 Monacensi
705 2902 742 2923 t‘ol.
755 2903 799 2923 ‘223
818 2909 834 2923 r.
848 2906 867 2924 ot
882 2902 1007 2924 'sudet-tino

164 2940 200 2961 l'ol.
219 2939 258 2961 1171
281 2945 298 2960 r.
317 2938 360 2961 Csr.
379 2946 448 2967 supra
468 2946 520 2967 pag.
539 2940 597 2967 339,
615 2944 665 2962 nota
685 2941 705 2962 8.

226 2977 235 2990 ὖ
253 2978 338 3000 Tltren.
360 2979 377 3005 l,
400 2979 432 3000 13.

1127 2785 1136 2797 ⁶
1154 2785 1209 2807 (Tod.
1228 2786 1369 2807 Tudertinus
1387 2786 1440 2813 legit
1457 2785 1511 2815 finis
1531 2791 1571 2813 pro
1589 2785 1690 2814 fructus.

1129 2823 1136 2835 ⁷
1156 2824 1219 2846 Vers.
1240 2824 1280 2849 stO;
1299 2827 1427 2852 sequuntur
1446 2824 1493 2846 lsai.
1512 2824 1548 2851 52¹4,
1571 2824 1604 2845 16.
1621 2827 1643 2845 et
1661 2824 1695 2846 Ρε.
1713 2824 1749 2849 63,
1772 2824 1804 2845 10.

1128 2862 1136 2874 a
1154 2862 1208 2885 Coit,
1228 2863 1368 2885 Tudertinus
1380 2869 1422 2890 pro
1435 2862 1555 2885 illuminat
1567 2864 1588 2885 et
1600 2862 1675 2891 aperit
1688 2862 1748 2885 eiam
1769 2863 1822 2890 legit
1834 2861 1911 2891 aperit

1065 2903 1085 2924 el
1104 2901 1224 2924 illuminat
1242 2901 1265 2923 in
1284 2901 1329 2924 ria.
1718 2900 1727 2913 ‘¹
1745 2901 1799 2929 Cap.
1823 2902 1855 2929 13,
1874 2902 1911 2923 21.

1129 2940 1147 2952 ¹⁰
1165 2940 1219 2968 Cap.
1239 2942 1264 2967 S,
1282 2942 1302 2962 ss.
1321 2947 1379 2969 seq.;
1399 2941 1502 2969 sequitur
1521 2941 1574 2968 Sap.
1596 2941 1634 2966 16,
1656 2941 1693 2963 te:
1713 2942 1733 2963 lu
1757 2947 1817 2969 aqua
1840 2948 1910 2969 supra

1065 2980 1173 3002 virtutem
1192 2980 1263 3007 ignis,
1282 2974 1444 3002 exardescebat
1462 2983 1504 3002 etc.

1930 273 2035 293 Declaratto

1934 298 1953 314 et
1965 296 2032 315 divisio

1936 319 2031 338 thematis.

1926 689 1995 708 Divisio
2009 695 2047 708 ser-

1950 713 2017 731 monis.

1928 736 1976 759 Ignis
1988 737 2045 754 sumi·

1924 761 1954 777 tur
1968 759 2046 783 triplici-

1968 785 2003 801 ter.

1932 1389 1978 1408 Pars
1990 1390 2003 1408 1.
2018 1389 2043 1407 De

1926 1413 1969 1436 igne
1979 1414 2049 1436 gratiae

1931 1439 1950 1455 et
1963 1437 2003 1455 eius
2015 1437 2046 1454 tri-

1923 1460 1968 1484 plici
1981 1460 2054 1479 effectu.

1932 1671 1959 1689 De
1972 1671 2039 1694 primo,

1935 1696 1956 1713 ut
1968 1695 2036 1713 luceat.

1924 2141 1951 2159 De
1967 2140 2055 2162 secundo,

1940 2166 1960 2183 ut
1975 2164 2041 2183 caleat.
