2243 3348
228 1013 255 1031 De
268 1011 330 1030 tertio.

217 1388 329 1407 Notandum.

219 2095 246 2113 De
259 2095 331 2118 quarto.

348 182 406 209 715

349 259 533 294 Philippenses
556 256 635 284 tertio
648 256 672 282 1;
697 255 832 287 Fratres,
846 262 901 291 eqo
916 262 959 281 nie
980 262 1037 281 non
1058 252 1191 280 arbitror

348 303 601 342 comprehemlisse.
626 302 805 338 Quicumque
832 309 900 337 erqo
922 298 1045 336 perfecti
1068 307 1190 331 sumus,

347 351 398 380 hoe
419 350 587 378 sentiamus.
611 348 637 376 ln
659 348 739 375 cuius
754 347 856 383 ligura,
874 346 1020 374 Ezechielis
1042 345 1190 382 ‹tillidi-aige-

347 399 430 426 simo:
455 397 486 424 ln
509 404 600 424 manu
623 394 681 423 oiri
700 393 834 423 calamus
862 401 1019 421 inenstm'ue
1040 400 1090 420 sea:
1112 391 1190 419 eubi-

347 448 442 473 torunt
464 447 488 471 et
508 442 614 479 palmo.
639 442 687 469 Per
714 440 883 473 senarium,
906 439 1058 476 perfectum
1088 438 1191 467 scilicet

348 498 510 523 numerum,
532 489 669 525 figuratur
699 487 829 524 perfectio
858 487 884 515 in
913 487 1027 519 el'l‘ectu;
1052 493 1099 522 per
1125 485 1189 522 put—

346 546 437 570 muni,
460 535 613 565 humiliatio
635 543 684 571 pro
705 533 821 563 defectu.
835 534 948 569 Propter
963 532 1036 569 quod
1060 532 1191 560 Dominus

346 584 486 620 discipulis
517 582 685 611 dicentibus:
716 581 839 618 4411111198
865 580 947 608 nobis
971 579 1075 616 sideni,
1105 580 1191 607 Lucae

346 631 450 659 decimo
471 629 603 666 septimo,
625 636 691 656 euin
707 627 848 665 feceritis,
865 627 969 663 iuquit,
992 626 1102 659 omniu,
1118 634 1191 663 quae

345 680 498 714 praecepta
518 680 587 704 sunt
604 675 698 708 vobis,
714 674 814 702 dicite:
838 673 921 702 Servi
935 672 1051 701 inutiles
1069 680 1191 704 sunni&

346 727 372 753 et
394 728 459 752 tunc
481 726 522 751 est
550 722 762 759 proportionalis
784 721 890 757 figurae
911 720 944 748 ad
970 720 1102 756 gratiam,
1126 722 1191 747 tunc

345 774 437 799 autem
460 774 501 798 est
523 777 638 806 prorsus
659 767 922 805 improportiomilis,
938 766 1048 803 quando
1064 766 1191 802 imperse-

347 821 408 846 ctus
429 820 469 846 est
490 816 642 845 sec-undum
665 819 766 844 statum
789 818 815 843 et
838 817 1066 851 praesumtuosus
1094 821 1192 842 secun-

346 865 411 893 dum
434 872 512 893 suam
537 863 751 900 reputationem,
767 865 863 890 contra
878 862 929 890 hoc
945 861 1017 897 quod
1033 869 1097 889 arca
1112 860 1192 889 dehet

349 911 449 940 hahere
471 910 598 939 cubitum
622 914 648 938 et
669 909 823 937 semissem.

426 959 527 991 Tertio,
549 965 612 986 arca
636 956 788 985 testamenti
811 956 921 989 dicitur,
944 955 1009 992 quia
1027 958 1067 983 est
1082 959 1193 991 speetu-

349 1005 413 1033 bilis
444 1005 475 1033 in
505 1004 606 1041 [ernist
637 1003 727 1040 quoad
758 1004 927 1031 honestatem
961 1001 1191 1035 conversationi&

350 1052 432 1080 Exodi
457 1051 596 1088 trigesimo
617 1051 775 1087 septimo2:
806 1049 920 1077 Vestieit
952 1048 1069 1077 Beseleel
1100 1056 1192 1076 arcam

347 1107 423 1127 auro
444 1098 605 1134 purissimo
629 1098 707 1125 intus
722 1105 757 1125 uc
771 1096 855 1133 soris.
876 1097 907 1124 Et
921 1095 988 1133 fecit
1010 1095 1036 1123 ei
1053 1103 1192 1123 coronant

346 1153 470 1173 aureum
491 1153 543 1181 per
564 1152 682 1182 (μμ-11111.
706 1144 754 1171 Per
776 1143 843 1171 illud
867 1143 1059 1171 vestimentum
1075 1149 1192 1169 aureum

348 1200 427 1221 arcae
450 1191 611 1228 intelligitur
633 1199 758 1219 summae
780 1190 930 1218 honestatis
953 1188 1107 1225 plenitudo,
1123 1195 1193 1223 quae

348 1239 486 1275 Virginem
511 1238 620 1266 Mariam
655 1237 777 1274 pulcram
807 1236 869 1265 l'ecit
895 1239 922 1264 et
948 1235 1022 1263 intus
1043 1239 1069 1263 et
1095 1238 1192 1267 extra3

347 1286 419 1314 unde
445 1284 667 1321 Hieronymusss:
695 1284 747 1311 «Si
770 1283 927 1320 diligentius
954 1281 1096 1317 inspicias,
1125 1281 1193 1309 nihil

349 1332 468 1366 virtutis,
481 1332 549 1360 nihil
564 1331 753 1368 speciositati&
764 1330 833 1358 nihil
845 1329 971 1358 candoris
986 1332 1012 1356 et
1023 1328 1127 1365 gratiae
1142 1330 1192 1361 est,

349 1379 420 1415 quod
438 1387 489 1406 non
512 1386 547 1406 ex
564 1378 647 1405 Maria
669 1376 881 1413 resplendeat».
905 1391 942 1395 —-
966 1375 996 1402 Et
1017 1378 1096 1407 nota,
1118 1374 1191 1411 quod

347 1426 448 1454 dicitur
465 1425 566 1454 hahere
581 1432 719 1452 coronant
735 1432 859 1451 aureum
874 1431 925 1459 per
941 1422 1113 1455 circuitum,
1129 1421 1195 1458 quia

348 1473 374 1501 in
403 1472 532 1501 omnihus
562 1471 669 1500 actibus
698 1471 795 1499 hahuit
824 1471 1004 1498 honestatem.
1036 1469 1143 1497 Dicitur
1168 1471 1196 1497 et

347 1519 494 1547 ‘lecum-utu
517 1519 595 1546 intus
616 1522 641 1546 et
662 1521 763 1551 emti-u,
786 1517 851 1554 quia
872 1520 995 1553 oportet,
1015 1516 1088 1552 quod
1114 1523 1195 1544 verae

350 1566 498 1594 honestatis
519 1565 601 1594 decor
623 1565 657 1593 ab
686 1564 808 1593 interiori
833 1564 957 1600 incipiat,
986 1571 1020 1591 ne
1048 1563 1083 1591 sit
1112 1563 1194 1591 homo

349 1613 499 1649 hypocrita,
521 1616 547 1641 et
570 1620 622 1640 nou
645 1612 679 1640 sit
694 1611 790 1640 similis
804 1619 884 1639 arcae
899 1610 1020 1643 Domini,
1036 1610 1083 1639 sed
1104 1609 1195 1646 potius

349 1660 401 1693 Bel,
423 1660 456 1688 de
478 1668 533 1695 quo
554 1659 655 1687 dicitur
672 1658 790 1687 Danielis
806 1658 902 1686 ultimo
915 1658 941 1685 4:
966 1656 1006 1685 Ne
1020 1665 1109 1690 erres,
1126 1665 1194 1689 νει-,-

348 1707 413 1743 quia
435 1707 486 1734 iste
508 1706 683 1734 intrinsecus
698 1705 792 1733 luteus
806 1708 846 1733 est
860 1708 884 1732 e!
897 1703 1064 1741 lorinsecus
1083 1712 1194 1731 aereus.

348 1753 390 1781 Sic
413 1756 500 1789 potest
521 1752 554 1781 de
570 1752 721 1788 hypocritis
736 1751 804 1785 dici,
827 1751 905 1788 qiua,
922 1754 952 1779 ut
968 1750 1100 1778 Dominus
1115 1749 1196 1782 dicit,

348 1800 456 1828 similes
476 1803 545 1827 sunt
566 1798 708 1835 sepulcris
729 1798 878 1827 dealbatis.
895 1798 945 1834 Qui
969 1797 1029 1825 vult
1050 1805 1115 1833 ergo
1136 1804 1196 1825 esse

350 1846 485 1883 perfectae
508 1846 658 1874 honestatis
680 1846 790 1882 incipiat
805 1845 839 1873 al)
855 1845 978 1873 interiori
1001 1844 1136 1872 deaurare
1151 1851 1195 1871 ar-

349 1902 407 1922 cam
430 1902 524 1927 suam,
546 1897 573 1921 et
596 1896 656 1929 post
677 1893 757 1921 etiam
781 1892 922 1926 exterius,
944 1895 975 1920 ut
996 1891 1120 1920 aedificet
1135 1899 1196 1927 pro-

350 1940 466 1968 ximum.
489 1940 539 1968 Sed
560 1940 594 1968 de
617 1939 711 1967 inultis
727 1942 814 1975 potest
829 1938 896 1967 flere
911 1938 1051 1971 Ieremias,
1073 1938 1195 1965 Threno-

350 1995 411 2015 rum
427 1990 527 2023 quarto
543 1987 568 2014 5:
593 1986 740 2022 Quomodo
755 1985 945 2014 obscuratum
960 1988 998 2012 est
1017 1992 1127 2012 aurunt
1144 1987 1194 2012 etc.

428 2034 532 2069 Quarto
547 2033 648 2061 dicitur
663 2040 728 2061 arca
743 2032 907 2066 testamenti,
920 2032 985 2068 quia
998 2030 1113 2068 formae
1124 2039 1196 2068 quu—

349 2080 547 2117 drunyuluri-s‘
569 2087 617 2116 per
638 2079 830 2116 aequalitatem
853 2078 1049 2116 quadriformis
1068 2078 1195 2111 virtutis;

351 2127 435 2156 Exodi
457 2127 588 2164 vigesimo
610 2127 707 2164 quinto
722 2127 748 2155 ⁸:
771 2126 873 2155 Facies
887 2131 911 2154 et
927 2130 1055 2164 quatuor
1070 2125 1196 2154 circulos

350 2182 470 2207 aurem,
496 2182 568 2211 quos
593 2182 682 2210 pones
706 2182 761 2210 per
788 2177 916 2211 quatuor
945 2181 1035 2201 arcae
1063 2171 1195 2209 anyulos.

352 2221 529 2259 Inducesque
551 2225 638 2249 vectes
657 2229 710 2257 per
732 2220 872 2254 circulos,
895 2221 946 2258 qui
966 2224 1035 2248 sunt
1056 2220 1086 2248 in
1108 2228 1197 2248 ureae

351 2268 500 2302 luteribus,
523 2272 555 2296 uc
572 2271 706 2305 portetur
728 2268 758 2296 in
773 2267 821 2295 eis.
845 2268 894 2296 Per
916 2267 1039 2304 cingulos
1068 2271 1197 2305 quatuor

351 2315 543 2352 intelliguntur
558 2318 678 2352 quatuor
693 2315 846 2343 cardinales
861 2314 991 2347 virtutes;
1008 2322 1056 2350 per
1071 2313 1197 2342 circulos

353 2362 382 2389 in
402 2366 531 2399 quatuor
553 2361 686 2399 ungulis,
706 2361 902 2398 quadriformis
923 2361 1077 2389 ohedientia
1091 2361 1197 2389 divino-

352 2416 413 2436 rum
446 2412 656 2445 praeceptorum
689 2408 841 2437 secundum
876 2408 1042 2445 exigentiam
1076 2411 1197 2444 quatuor

353 2454 503 2488 virtutum;
526 2463 574 2491 per
602 2459 691 2483 vectes
722 2455 914 2492 intelliguntur
945 2455 1016 2489 duo,
1049 2462 1120 2491 quae
1148 2462 1198 2482 nos

354 2501 458 2529 vehunt
479 2501 505 2529 iu
528 2502 598 2529 viam
621 2510 740 2535 morum,
756 2502 860 2530 scilicet
881 2502 963 2530 timor
984 2505 1011 2530 et
1025 2509 1111 2530 amor.
1128 2501 1197 2529 Haec

354 2548 466 2576 l'ueruut
486 2548 606 2584 perfecte
627 2549 653 2577 in
670 2549 781 2585 Virgine
802 2549 933 2585 gloriosa,
949 2556 1021 2586 quae
1041 2548 1197 2577 observavit

354 2594 471 2631 perfecte
493 2595 610 2623 divinam
628 2596 729 2632 legem,
745 2595 895 2624 obediendo
910 2595 933 2624 ei
956 2595 1108 2624 secundum
1130 2603 1197 2631 qua-

936 174 1107 203 sERMONES
1129 175 1170 202 DE
1194 174 1220 202 B.
1243 173 1374 202 VIRGlNE
1397 174 1503 202 MARIA.

1247 251 1407 280 drisorinem
1430 251 1561 280 virtutem
1585 251 1761 285 cardinalem,
1784 252 1886 280 scilicet
1907 252 2092 288 prudentiam,

1247 297 1395 331 iustitiam,
1417 297 1626 333 temperantiam
1648 300 1675 326 et
1696 297 1902 332 fortitudinem,
1923 307 2007 335 quae,
2032 299 2093 328 licet

1248 344 1366 373 habeant
1387 344 1605 378 distinctionem,
1629 345 1729 373 hahent
1752 348 1842 374 tamen
1864 345 2049 375 connexiones
2066 349 2093 377 et
2120 377 2122 381 ¹

1248 391 1427 427 aequalitates
1455 393 1482 419 et
1510 394 1656 427 portantur
1686 399 1734 428 per
1763 392 1888 421 timorem
1916 395 1943 420 et
1970 400 2091 421 amorem

1248 437 1410 474 perfectum,
1433 445 1503 474 quae
1525 437 1610 473 ipsam
1633 445 1724 466 arcam
1748 441 1929 475 portaverunt
1950 447 2039 475 usque
2059 439 2093 467 ad

1248 484 1363 512 caelum.
1384 484 1414 512 Et
1428 484 1538 512 attende
1552 484 1624 521 quod
1648 484 1721 518 dicit,
1743 485 1816 521 quod
1834 488 1923 514 vectes
1941 493 2110 523 nunquam.

1248 530 1383 559 debebunt
1404 529 1523 559 extrahi
1542 531 1576 559 cle
1597 531 1716 559 circuli-s·
1732 532 1753 565 ⁷,
1775 532 1839 568 quia
1863 532 1943 560 timor
1965 536 1992 561 et
2016 540 2093 561 amor

1248 586 1356 614 semper
1378 578 1479 606 dehent
1499 586 1559 606 esse
1580 578 1717 607 coniuncti
1741 586 1803 607 cum
1831 579 1981 608 virtutibus
2006 579 2094 608 cardi-

1249 625 1357 653 nalibus
1378 625 1404 653 in
1427 625 1613 662 exsequendis
1634 625 1734 654 divinis
1755 626 1905 660 mandatis3
1927 629 1955 655 et
1976 626 2015 655 sic
2035 626 2094 656 sue-

1249 674 1314 700 runt
1336 680 1398 700 cum
1422 672 1533 708 Virgine
1554 672 1681 708 gloriosa,
1696 673 1729 701 de
1748 681 1803 709 qua
1824 673 2037 702 l‘roverbiorum
2052 674 2094 702 ul-

1250 719 1329 747 timo:
1352 718 1456 747 Mulier
1471 719 1573 747 umens
1592 719 1758 753 Dominum,
1774 720 1839 756 ipsu
1855 719 2028 748 [nudabitur
2042 723 2093 749 etc.

1328 766 1355 793 ll.
1374 766 1549 794 Consiitlerata
1568 774 1647 794 arcae
1661 766 1773 800 fabrica,
1789 766 1985 795 consideranda
1999 769 2040 796 est
2054 767 2094 795 ni-

1249 812 1399 841 hilomiuus
1414 812 1603 846 continentia,
1616 812 1648 841 de
1663 821 1718 849 qua
1734 812 1940 850 intelligendum
1956 816 2006 847 est,
2021 813 2094 850 quod

1249 859 1275 887 in
1298 859 1343 887 illa
1364 867 1428 887 arca
1451 859 1583 888 materiali
1607 860 1723 888 interius
1744 860 1957 888 continebantur
1971 868 2094 894 munna,

1248 906 1335 943 virfflt
1361 909 1387 934 et
1415 906 1491 934 (iuste
1521 906 1636 934 tabulae
1665 907 1840 940 tes-tumenti,
1861 910 1889 935 et
1915 907 2034 943 desuper
2062 907 2096 936 ad

1249 953 1512 982 consummationem
1535 954 1593 982 duo
1618 953 1770 982 Cherubim
1801 953 2008 982 obumbrantia
2026 963 2096 991 pro-

1246 999 1443 1036 pitiatorium.
1468 1000 1516 1028 Per
1539 1000 1609 1028 hanc
1630 1004 1722 1028 autem
1745 1000 1940 1029 continentiam
1963 1003 2036 1029 recte
2050 1001 2096 1029 de-

1249 1047 1393 1083 signantur
1416 1047 1461 1074 illa
1482 1054 1552 1083 quae
1575 1047 1691 1076 interius
1713 1047 1827 1076 fuerunt
1849 1048 1874 1076 in
1901 1047 2012 1084 Virgine
2039 1047 2097 1084 glo-

1250 1093 1330 1122 riosa.
1353 1094 1418 1121 Nam
1442 1093 1519 1122 beata
1541 1093 1625 1122 Maria
1646 1094 1697 1122 suit
1725 1102 1789 1123 arca
1812 1094 1927 1122 interius
1955 1094 2097 1123 continens

1250 1149 1362 1168 munna
1385 1148 1433 1177 per
1448 1140 1619 1169 dulcedinem
1641 1141 1776 1177 manue,-
1796 1142 1929 1178 νίν-911111,
1945 1149 1994 1178 per
2010 1141 2097 1170 virtu-

1251 1190 1304 1215 tein
1326 1187 1470 1223 sublicium
1492 1188 1591 1224 Leyenz
1615 1188 1718 1216 habens
1734 1196 1782 1224 per
1802 1188 1994 1217 rectitudinem
2018 1188 2098 1216 intet-

1250 1234 1400 1270 hymnam
1422 1234 1541 1271 desuper
1557 1235 1615 1263 duo
1639 1234 1808 1268 Cherubim,
1833 1243 1880 1271 per
1900 1235 2097 1271 plenitudinem

1250 1281 1428 1317 3611111ὺ1111αθ,Ι
1451 1281 1523 1310 unde
1544 1281 1577 1310 de
1605 1282 1749 1315 omnibus,
1771 1282 1804 1310 ad
1827 1282 1962 1310 Hebraeos
1983 1290 2055 1311 nono
2070 1282 2096 1310 ⁸:

1253 1328 1321 1355 Posi
1343 1328 1532 1356 vetamentum
1555 1329 1732 1362 secundum,
1755 1328 1993 1363 tabernucubum,
2022 1329 2099 1367 quod

1252 1374 1363 1402 dicitur
1386 1375 1495 1403 Sunclu
1517 1379 1698 1409 sanctoruni,
1721 1384 1845 1404 aureum
1869 1375 1976 1404 habens
2005 1375 2098 1404 thuri-

1253 1420 1352 1449 bulum
1374 1425 1398 1449 et
1419 1430 1524 1450 ureuni
1546 1423 1721 1456 testamenti,
1737 1423 1956 1451 circumiectam
1970 1432 2005 1452 ex
2020 1423 2100 1452 omni

1249 1472 1335 1506 purte
1357 1477 1443 1502 uui-o,
1467 1469 1495 1497 in
1519 1477 1578 1507 quu
1601 1477 1681 1497 urna
1702 1478 1797 1498 uui-eu
1818 1468 1926 1498 habens
1947 1478 2060 1498 inunnu
2074 1474 2100 1499 et

1252 1516 1340 1553 ciryci
1363 1518 1480 1550 Aaron,
1503 1524 1577 1554 quae
1607 1516 1795 1553 fronduerat,
1816 1521 1840 1545 et
1869 1517 1984 1545 [abulae
2015 1521 2099 1545 testa-

1252 1563 1350 1596 menti,
1368 1571 1512 1601 superque
1526 1571 1590 1591 euni
1605 1568 1689 1591 erunt
1706 1563 1858 1592 Cherubim
1873 1564 1986 1601 gloriae
2000 1563 2100 1592 obum-

1253 1610 1372 1638 brctntiu
1391 1610 1645 1646 propitiatorium,
1667 1610 1713 1638 uhi
1742 1610 1879 1647 praedicta
1900 1614 2021 1647 quatuor
2049 1618 2099 1640 ex-

1252 1657 1422 1693 primuntur.
1439 1673 1475 1677 —
1492 1657 1582 1685 Primo
1596 1665 1662 1694 ergo
1677 1657 1760 1694 Virgo
1779 1657 1863 1685 Maria
1883 1657 1936 1686 fnit
1956 1665 2020 1686 arca
2034 1665 2098 1687 con-

1253 1704 1342 1732 tinens
1363 1712 1476 1731 nzunnu
1498 1712 1546 1740 per
1567 1703 1746 1732 dulcedinem
1766 1704 1898 1741 yrutiue,
1927 1704 2000 1740 quod
2029 1704 2099 1741 figu-

1253 1754 1344 1778 ratum
1367 1750 1419 1779 suit
1440 1750 1525 1778 Exodi
1548 1750 1654 1779 decimo
1670 1750 1781 1784 sext0⁰‚
1804 1751 1850 1779 ubi
1868 1751 2000 1780 Dominus
2012 1751 2099 1787 (dicit)

1252 1796 1284 1824 ad
1308 1797 1432 1833 Moysen:
1456 1796 1543 1825 Sume
1564 1797 1611 1825 tihi
1631 1805 1685 1825 vus
1707 1805 1800 1825 unum
1822 1801 1847 1825 et
1867 1797 1946 1825 mitte
1964 1797 2005 1826 ibi
2018 1805 2099 1831 mun,

1252 1847 1397 1881 quantuni
1416 1847 1506 1880 potest
1527 1851 1629 1879 cupere
1649 1852 1762 1880 yonior,
1789 1847 1813 1872 et
1834 1852 1938 1881 repone
1960 1844 2026 1872 illud
2055 1853 2100 1872 co-

1253 1898 1321 1918 rani.
1346 1890 1485 1923 Doniino;
1506 1898 1591 1927 super
1612 1898 1668 1927 quo
1690 1891 1749 1919 loco
1777 1890 1843 1919 dicit
1870 1890 1980 1920 Glossa:
2010 1902 2023 1916 α
2039 1891 2100 1920 ldeo

1252 1937 1286 1965 de
1307 1937 1403 1966 futuro
1423 1937 1489 1966 dicit
1506 1946 1591 1974 pone,
1608 1941 1638 1965 ut
1660 1938 1838 1974 intelligatur,
1855 1941 1920 1966 tunc
1934 1941 1998 1966 ante
2014 1938 2099 1966 Deum

1254 1992 1333 2020 posse
1355 1985 1467 2021 reponi,
1499 1984 1609 2021 quando
1641 1984 1737 2013 futura
1767 1992 1832 2013 arca
1862 1988 1962 2013 erat».
1985 1984 2100 2021 Quando

1252 2031 1324 2060 enim
1348 2032 1415 2060 haec
1436 2039 1500 2059 arca
1514 2031 1646 2060 fabricata
1661 2035 1702 2060 est
1723 2035 1750 2060 et
1771 2035 1847 2066 nata,
1870 2035 1935 2060 tunc
1955 2031 2101 2060 dulcedine

1252 2078 1356 2115 gratiae
1377 2078 1428 2107 suit
1450 2078 1567 2115 repleta,
1589 2087 1642 2107 non
1666 2082 1779 2115 propter
1800 2087 1829 2107 se
1851 2082 1973 2113 tantum,
2003 2086 2099 2107 verum

1252 2126 1333 2154 etiam
1357 2128 1470 2162 propter
1492 2126 1701 2162 generationum
1724 2126 1941 2160 successionem;
1965 2125 2038 2154 unde
2052 2125 2101 2154 An·

1252 2173 1371 2201 selinus:
1398 2184 1412 2197 «
1428 2173 1477 2200 Per
1499 2172 1697 2209 plenitudinem
1717 2173 1822 2209 gratiae
1844 2176 1907 2201 tuae
1928 2176 1955 2201 et
1969 2180 2040 2210 quae
2054 2180 2100 2212 su-

1255 2228 1303 2257 per
1325 2220 1459 2248 mundum
1482 2223 1547 2248 sunt
1568 2228 1596 2248 se
1617 2220 1738 2256 gaudent
1759 2222 1923 2254 restaurata,
1945 2224 1971 2248 et
1986 2227 2058 2257 quae
2073 2219 2100 2248 in

1254 2267 1361 2295 inferno
1387 2271 1452 2295 sunt
1473 2275 1501 2295 se
1530 2267 1668 2295 laetantur
1697 2267 1852 2295 liberata».
1879 2267 1944 2295 Nam
1977 2266 2101 2296 caelestis

1253 2314 1357 2351 gratiae
1378 2314 1494 2342 dulcedo
1518 2314 1545 2342 in
1568 2314 1627 2350 ipsa
1655 2314 1774 2350 reposita
1796 2314 1863 2348 fuit,
1885 2317 1916 2342 ut
1943 2322 2040 2343 omnes
2066 2314 2100 2342 ad

1254 2362 1340 2398 ipsam
1364 2364 1543 2390 recurrerent
1571 2369 1621 2397 pro
1648 2361 1820 2398 impetranda
1850 2361 1954 2398 gratia;
1986 2361 2020 2389 ad
2051 2361 2100 2390 He-

1255 2407 1352 2436 braeos
1368 2410 1468 2444 quarto
1480 2408 1518 2435 ¹⁰:
1535 2408 1685 2436 Adeamus
1700 2416 1764 2436 cuin
1780 2407 1892 2444 fiducia
1907 2408 1947 2436 ad
1963 2404 2101 2436 thronum

1253 2454 1382 2491 yrutiae,
1405 2458 1437 2482 ut
1449 2454 1686 2483 misericordium
1701 2463 1916 2492 consequamur
1930 2458 1955 2483 et
1967 2454 2100 2492 yrutiani

1254 2501 1440 2529 inveniamus
1454 2501 1484 2529 in
1504 2501 1617 2530 auaeilio
1633 2506 1804 2538 opportuno.
1820 2502 1895 2530 Unde
1909 2501 2032 2530 defectus
2046 2509 2100 2530 non

1254 2551 1295 2576 est
1316 2548 1366 2576 nisi
1388 2556 1424 2576 ex
1440 2551 1517 2585 parte
1539 2552 1645 2583 nostra,
1660 2549 1706 2585 qui
1723 2548 1785 2578 felle
1798 2548 1990 2577 amaritudinis
2003 2556 2101 2577 sumus

1255 2594 1350 2631 repleti
1374 2603 1425 2631 pro
1439 2595 1557 2631 peccatis
1578 2596 1695 2630 nostris;
1717 2595 1750 2624 ad
1772 2596 1908 2624 Hebraeos
1921 2595 2099 2624 duodecimo:

417 2779 424 2792 ¹
445 2780 509 2802 Vei-s.
532 2781 564 2809 13.
587 2781 624 2808 15;
642 2784 770 2809 sequuntur
787 2782 866 2804 ezech
886 2782 922 2809 to,
935 2783 957 2805 5.
969 2787 991 2805 et
1009 2784 1062 2805 Luc.
1078 2783 1112 2809 17,
1125 2783 1197 2805 5.=10.

443 2819 508 2841 Vei-s.
531 2820 548 2841 1.
565 2825 612 2848 seq.

415 2857 424 2869 ⁸
443 2858 518 2880 Potius
542 2861 621 2881 auctor
646 2865 714 2881 serm.
740 2860 769 2882 de
789 2861 890 2883 Assumt.
908 2861 931 2882 B.
950 2861 975 2882 V.
995 2861 1022 2882 Μ.
1040 2860 1109 2889 (iuter
1126 2867 1197 2889 opera

355 2896 457 2924 Hieron.)
476 2903 494 2918 c.
517 2898 549 2918 lG.
567 2910 597 2913 —
615 2898 722 2926 Sequitur
740 2899 809 2921 Exod.
827 2900 864 2925 25,
885 2900 917 2921 ll.

416 2935 425 2947 ⁴
443 2935 497 2963 Cap.
519 2936 556 2962 14,
575 2937 601 2962 ὃς
619 2937 722 2965 sequitur
740 2938 815 2960 ltlatth.
834 2939 874 2965 23,
893 2939 930 2960 27.

418 2973 426 2985 ‘¹
446 2975 510 2997 Vers.
532 2976 550 2997 1.
967 2977 976 2989 ⁵
996 2978 1059 3000 Vei-s.
1081 2979 1114 2999 ll.
1132 2985 1196 3007 seqq.

1318 2781 1326 2794 ⁷
1344 2782 1473 2809 Respicitur
1491 2782 1560 2804 Exod.
1579 2782 1616 2808 25,
1638 2783 1676 2809 ¹5;
1694 2782 1798 2811 sequitur
1817 2782 1884 2804 Prov.
1902 2782 1939 2809 31,
1957 2782 1994 2803 30.

1317 2820 1326 2833 Β
1344 2822 1409 2844 Vers.
1428 2822 1449 2843 3.
1466 2828 1531 2850 seqq.

1316 2859 1326 2872 ⁹
1344 2861 1408 2882 Vers.
1426 2861 1464 2882 33.
1483 2873 1509 2876 -—-
1528 2861 1661 2889 Sequuntur
1678 2861 1756 2883 Glossa
1769 2860 1894 2883 ordinaria
1913 2860 1935 2882 in
1953 2860 2098 2882 nuuclocum

1254 2900 1359 2922 desumta
1377 2906 1404 2921 ex
1422 2900 1527 2927 August„
1547 2900 1640 2928 Quaest.
1657 2900 1679 2922 iu
1698 2900 1767 2922 Exod.
1784 2906 1807 2928 q.
1825 2900 1861 2927 et,
1879 2902 1901 2921 et
1918 2900 2025 2926 Anselm.,
2037 2898 2099 2922 Orat.

1255 2939 1291 2961 52.
1310 2938 1375 2966 (alias
1393 2939 1448 2966 51.).

1319 2976 1338 2990 ¹⁰
1358 2978 1421 2999 vers.
1441 2978 1481 3004 t6;
1499 2978 1603 3006 sequitur
1620 2984 1640 3000 c.
1662 2979 1699 3006 12,
1722 2978 1754 3000 15.

2108 773 2154 791 Pars
2163 773 2184 792 ll.
2193 773 2239 792 Con-

2114 796 2194 815 tinentia
2205 802 2232 816 ai·-

2121 825 2155 839 cao
2167 820 2228 843 quoad

2130 845 2216 867 quatuor.

2115 1663 2143 1683 De
2155 1663 2221 1687 primo.
