2243 3348
618 188 660 216 DE
681 188 875 217 NATlVlTATE
897 189 923 217 S.
946 189 1073 218 lOANNlS
1095 191 1278 220 BAPTlSTAE.
1300 192 1410 221 SERMO
1431 193 1449 221 1.

239 265 315 300 ltem,
334 265 481 302 fugiendus
502 268 543 294 est
562 265 694 299 mundus,
714 265 780 302 quia
800 268 841 294 est
862 265 939 294 locus
956 274 1004 303 pe-

38 295 66 347 ti»
76 321 148 343 canpe
160 311 321 345 riculosus,
342 319 375 341 eo
395 311 479 349 quod,
500 312 571 340 heu!
593 315 661 349 quot
682 312 709 340 in
731 311 835 340 mundo
865 315 930 340 sunt
957 320 1004 349 pe-

47 342 131 362 iculouun.

46 401 47 423 l

39 450 46 503 1

41 524 44 555 1
67 548 71 549 5

160 358 255 387 ricula.
277 358 348 387 Vere
369 358 448 395 quasi
477 358 592 386 infinita.
619 358 786 395 Impossibile
814 358 925 395 quidem
946 362 1003 393 est,

159 404 233 442 quod
254 405 338 433 homo
352 405 387 434 sit
401 405 428 433 in
444 405 534 433 medlo
548 404 631 439 mari,
646 404 713 441 quin
728 404 764 433 sit
777 404 804 433 in
820 405 942 433 maximo
957 413 1003 442 pe-

159 451 257 485 riculo,
271 454 531 488 quantumcumque
545 450 644 479 bonam
660 458 757 479 navem
769 450 877 479 habeat.
890 451 1003 488 Semper

158 501 199 532 tu,
220 498 344 527 existens
364 498 390 526 in
413 498 530 531 mundo,
544 505 573 527 es
588 497 615 526 in
631 497 700 526 mari
722 497 956 534 periculosissimo
977 500 1003 526 et

159 545 244 574 habes
264 552 362 574 navem
384 545 422 573 ita
442 544 583 582 fragilem,
604 544 708 573 scilicet
734 551 836 580 corpus
864 543 900 572 ita
922 544 1003 573 mise-

159 600 231 621 rum.
262 591 361 621 Beatus
389 591 522 620 Antonius
552 591 683 625 eremita,
704 591 771 620 dum
793 594 865 620 esset
886 591 913 619 in
935 591 1003 619 cella

158 646 221 673 sua,
242 639 344 676 legitur
371 638 472 667 vidisse
498 638 526 667 in
547 638 651 667 visione
672 637 806 675 quadam,
832 637 905 674 quod
928 640 1003 666 totus

158 685 279 714 mundus
299 685 399 722 plenus
419 688 479 714 erat
499 684 613 722 laqueis.
636 685 667 713 Et
681 684 715 713 ad
736 684 802 721 quid
824 687 865 713 est
887 684 1002 721 laqueus

157 732 209 761 nisi
230 732 263 761 ad
285 732 447 769 capiendum
462 735 548 761 aves?
569 732 692 760 Psalmus
705 732 730 759 ¹:
748 731 896 769 Laqueum
907 739 1003 767 para—

157 783 263 807 verant
281 779 403 816 pedibus
434 779 506 808 meis
533 783 560 808 et
587 779 819 807 incurvaverunt
846 785 897 806 me.
926 777 1002 805 Sicut

157 826 216 854 avis
236 828 315 862 capta
336 834 386 863 per
406 826 504 863 pedem
525 826 591 854 satis
612 828 702 862 potest
728 825 785 853 alas
806 832 933 858 movere,
955 823 1002 852 sed

157 880 270 902 sursum
291 881 346 902 non
368 875 458 910 potest
478 873 586 907 volare;
608 873 647 901 sic
668 873 751 901 homo
772 872 866 906 miser,
888 871 935 908 qui
958 879 1002 900 ca-

157 919 233 955 pitur
254 919 289 948 ab
310 927 405 948 amore
425 919 538 954 mundi,
559 927 613 948 non
635 922 725 956 potest
745 918 779 947 ad
800 918 892 947 divina
907 917 1000 946 levari.

157 965 296 1001 Clericus,
317 967 365 1004 qui
386 966 468 995 debet
491 974 603 995 sursum
626 966 710 995 levari
738 970 765 994 et
786 965 939 1002 speculari,
967 963 1002 992 ad

157 1013 224 1050 quid
245 1013 357 1042 adhibet
378 1021 407 1042 se
427 1013 478 1042 nisi
500 1013 534 1041 ad
548 1013 688 1047 caelestia,
710 1012 743 1041 ad
765 1012 831 1049 quid
853 1012 936 1040 habet
957 1018 1001 1040 co-

156 1068 253 1088 ronam
275 1063 302 1089 et
322 1060 434 1097 capillos
454 1062 563 1094 tonsos;
585 1067 675 1088 nonne
696 1059 723 1088 in
739 1059 848 1096 signum
869 1058 1002 1087 desertio-

156 1107 199 1136 nis
227 1107 440 1144 temporalium?
461 1107 589 1141 Videtur,
610 1106 683 1144 quod
705 1107 784 1135 multi
813 1109 924 1143 portant
944 1113 1003 1134 ma-

157 1154 214 1183 lum
236 1155 344 1191 signum
366 1162 398 1183 eo
419 1154 538 1189 scilicet,
559 1154 633 1191 quod
662 1153 712 1190 ipsi
740 1156 797 1182 toto
824 1153 915 1182 animo
943 1152 1002 1181 istis

157 1201 355 1238 temporalibus
385 1209 414 1230 se
446 1201 593 1235 adhibent;
626 1201 653 1229 in
685 1201 798 1229 Ieremia
822 1200 944 1229 habetis:
967 1200 1002 1228 In

156 1248 264 1277 umbra
285 1247 412 1277 Hesebon
432 1252 581 1282 steterunt,
602 1248 636 1276 de
660 1248 762 1286 laqueo
783 1246 935 1285 sapientes.
963 1264 1002 1267 —

157 1294 284 1323 Hesebon
305 1298 346 1324 est
360 1295 437 1323 locus
452 1294 579 1323 tristitiae
592 1298 620 1323 et
635 1294 784 1328 moeroris;
800 1298 913 1331 propter
928 1293 1002 1331 quod

157 1341 270 1370 Iacobus
285 1342 312 1369 ²:
335 1341 424 1370 Risus
444 1344 535 1370 vester
550 1341 582 1370 in
604 1341 711 1370 laetam
728 1344 924 1369 convertatur.
941 1341 1002 1369 Pro-

156 1391 217 1425 pter
238 1389 341 1417 Deum!
364 1392 405 1417 est
419 1388 550 1426 gaudium
567 1389 610 1417 vel
631 1389 759 1417 solatium
780 1389 808 1416 in
830 1396 941 1417 carcere
955 1388 1001 1417 de-

156 1435 238 1464 tineri
259 1438 286 1464 et
301 1435 427 1464 retrudi?
448 1435 594 1472 Nunquam
614 1443 708 1464 carcer
728 1435 781 1464 fuit
804 1435 879 1463 locus
900 1435 1000 1472 gaudii.

157 1482 184 1510 ln
207 1482 331 1515 veritate,
353 1482 474 1510 mundus
502 1485 543 1511 est
564 1482 676 1519 quidam
699 1489 802 1511 carcer.
825 1482 934 1510 Primus
955 1490 1002 1518 pa-

157 1536 236 1563 rens,
258 1529 368 1566 quando
396 1529 534 1566 peccavit,
562 1537 594 1558 eo
622 1529 696 1566 quod
718 1529 839 1558 Creatori
869 1536 920 1557 suo
948 1536 1001 1557 non

156 1576 285 1610 obedivit,
307 1576 397 1605 statim
420 1579 517 1613 captus
538 1576 598 1604 fuit.
621 1576 652 1604 Et
677 1576 834 1613 quomodo?
856 1576 917 1604 Fuit
944 1576 1002 1612 ipse

157 1623 271 1659 punitus
301 1623 381 1657 dure,
402 1623 438 1651 ita
470 1623 544 1660 quod
575 1625 704 1652 retrusus
723 1622 776 1651 fuit
798 1623 823 1651 in
846 1630 1000 1656 carcere1n;

155 1670 259 1698 eiectus
286 1669 398 1707 quidem
425 1670 477 1698 fuit
508 1678 524 1699 a
551 1670 678 1706 paradiso
706 1673 733 1699 et
760 1670 866 1707 positus
894 1670 921 1698 in
950 1670 1001 1698 hoc

156 1716 260 1745 mundo
281 1717 353 1745 sicut
372 1716 400 1745 in
415 1724 534 1746 carcere.
551 1717 601 1746 Per
623 1717 725 1745 Deum!
748 1717 818 1745 educ
838 1716 872 1745 de
891 1724 1001 1745 carcere

155 1764 207 1793 isto
238 1763 356 1792 animam
387 1767 477 1798 tuam;
509 1764 583 1793 dicas
611 1764 679 1792 illud
710 1764 795 1792 David
824 1764 850 1792 in
880 1763 1000 1792 Psalmo:

157 1811 248 1845 Educ,
262 1811 392 1845 Domine,
413 1811 447 1839 cle
469 1810 604 1839 custodia
618 1811 751 1839 animam
767 1819 871 1839 meam.
887 1810 1001 1847 Propter

156 1858 208 1886 hoc
229 1858 310 1886 etiam
332 1857 449 1886 dicitur:
471 1858 506 1886 In
528 1857 636 1886 umbra
657 1857 784 1886 Hesebon
815 1861 955 1886 steterant
975 1860 1002 1886 et

157 1908 265 1941 postea:
287 1905 321 1933 de
342 1904 443 1943 laqueo
463 1903 616 1942 sapientes.
639 1905 706 1941 Quis
735 1905 785 1934 iste
805 1905 924 1939 stultus,
953 1904 1000 1941 qui

156 1952 257 1980 lectum
285 1959 367 1980 suum
396 1951 499 1981 faceret
529 1951 556 1980 in
581 1951 664 1980 domo
685 1959 721 1980 ex
752 1952 824 1980 omni
848 1955 926 1989 parte
957 1960 1001 1981 ac—

156 2002 259 2028 censa?
281 1999 399 2028 Mundus
420 1998 531 2036 quidem
554 2001 595 2027 est
615 1999 687 2027 sicut
701 1999 799 2027 domus
820 1999 944 2036 undique
958 1999 1001 2028 vel

155 2053 192 2074 ex
213 2046 286 2074 omni
308 2048 387 2083 parte
414 2054 537 2075 accensa.
568 2046 669 2080 Proba;
691 2054 782 2074 nonne
808 2046 892 2075 habes
920 2049 951 2075 tu
973 2046 1000 2074 in

155 2092 291 2121 Canonica
311 2092 426 2127 loannis,
441 2092 515 2130 quod
531 2096 606 2121 totas
620 2092 750 2121 mundus
771 2096 813 2121 est
825 2092 856 2120 in
870 2092 1001 2130 maligno

152 2138 287 2175 positus?
302 2139 329 2167 id
348 2142 389 2168 est
403 2139 431 2168 in
452 2139 529 2168 malo
545 2139 620 2177 iyne,
635 2139 661 2167 in
678 2139 740 2176 igne
754 2139 999 2176 concupiscentiae.

157 2186 269 2222 Propter
290 2186 342 2215 hoc
374 2186 401 2215 in
424 2186 537 2215 Ieremia
551 2186 562 2203 ⁸
583 2186 701 2215 dicitur:
723 2186 827 2223 Fuyite
851 2186 885 2214 de
906 2186 1001 2214 medio

158 2232 326 2271 Babylonis,
348 2233 374 2261 id
396 2236 437 2262 est
458 2233 634 2262 confusionis.
663 2233 782 2262 Mundus
809 2232 920 2269 quidem
943 2233 1000 2269 ipse

155 2282 196 2308 est
218 2279 366 2318 Babylon;
396 2278 490 2318 fugite
520 2280 605 2317 igitur
637 2280 772 2309 mundum
805 2280 876 2308 sicut
903 2279 1001 2308 beatus

156 2326 276 2355 loannes.

235 2374 310 2408 ltem,
331 2374 478 2413 fugiendus
499 2377 540 2403 est
561 2374 691 2408 mundus,
713 2374 779 2411 quia
796 2378 837 2403 est
851 2374 928 2403 locus
948 2377 1001 2402 ste-

11 2420 222 2449 Quiasterffis-rilis
243 2424 270 2450 et
297 2421 496 2450 infructuosus.
531 2421 618 2450 Pauca
639 2421 749 2458 quidem
782 2421 853 2450 bona
881 2425 946 2450 sunt
974 2421 1001 2449 in

158 2468 270 2502 mundo,
285 2468 369 2496 immo
383 2468 443 2497 dico
459 2468 550 2502 vobis,
572 2468 646 2505 quod
668 2468 739 2497 bona
758 2468 851 2496 mundi
867 2476 921 2497 non
937 2470 1002 2497 sunt

157 2514 207 2543 nisi
229 2515 301 2544 sicut
321 2515 393 2543 bona
414 2515 495 2552 pic-ta.
518 2515 610 2544 Audeo
630 2515 732 2549 dicere,
753 2515 826 2552 quod
849 2515 936 2543 maior
961 2518 1002 2543 est

155 2561 309 2590 differentia
339 2562 411 2591 inter
443 2562 513 2591 bona
540 2562 607 2591 caeli
635 2566 663 2590 et
690 2562 785 2590 muudi
817 2570 901 2599 quam
930 2562 1001 2590 inter

157 2608 248 2645 ignem
269 2616 368 2637 verum
389 2612 416 2638 et
438 2609 541 2645 pictum
559 2609 658 2645 ignem.
674 2608 763 2643 Scitis,
777 2609 851 2645 quod
872 2609 940 2638 istae
962 2609 1002 2645 pi-

157 2658 253 2684 cturae
274 2655 352 2684 valde
373 2656 427 2684 cito
448 2659 474 2684 et
489 2656 567 2692 quasi
584 2656 674 2684 statim
690 2655 807 2687 cadunt;
823 2656 1001 2685 consimiliter

156 2704 183 2730 et
203 2701 288 2730 huius
308 2701 403 2730 mundi
420 2702 498 2730 bona.
522 2701 597 2730 Sicut
611 2701 723 2738 quidem
744 2701 814 2738 ignis
835 2702 925 2738 pictus
939 2702 1001 2731 nul-

158 2748 210 2777 lius
231 2751 272 2777 est
292 2748 394 2777 valoris
415 2751 544 2784 respectu
565 2748 636 2785 ignis
656 2748 724 2782 veri,
755 2748 933 2777 consimiliter
959 2751 1000 2777 est

1849 195 1899 224 541

1061 267 1094 296 de
1115 268 1194 297 bonis
1214 269 1299 298 huius
1319 270 1413 299 mundi
1429 273 1557 308 respectu
1571 271 1708 301 bonorum
1729 273 1903 307 caelestium3

1060 313 1088 342 in
1109 314 1291 344 Ecclesiaste⁴
1313 316 1428 351 habetis,
1443 317 1517 354 quod
1537 318 1589 356 qui
1601 322 1686 347 amat
1704 319 1826 348 divitias
1839 318 1904 356 fru-

1060 364 1137 388 ctum
1159 369 1218 389 non
1238 362 1331 399 capiet
1348 371 1383 391 eac
1403 363 1452 392 eis.
1469 364 1582 401 Propter
1604 365 1656 394 hoc
1670 365 1815 402 Apostolus
1828 365 1902 400 dicit,

1059 406 1134 442 quod
1159 407 1250 436 radix
1280 408 1410 437 omnium
1431 410 1581 439 malorum
1604 414 1645 439 est
1675 411 1839 448 cupiditas;
1860 414 1902 440 et:

1061 452 1120 488 Qai
1139 453 1238 482 volunt
1258 454 1360 483 divite-9
1380 455 1448 492 fieri
1466 456 1602 486 incidunt
1622 458 1654 486 in
1675 458 1856 486 tentationem
1878 461 1902 486 el

1059 498 1091 527 in
1112 498 1248 537 laqueum
1269 501 1395 536 diaboli,
1417 506 1443 530 et
1467 503 1498 531 in
1518 503 1664 532 desideria
1691 504 1785 533 multa
1812 504 1902 533 inuti—

1059 544 1101 573 lia
1121 549 1147 574 et
1166 547 1288 581 nociva,
1310 556 1384 586 quae
1411 554 1547 586 mergant
1571 549 1716 579 hominem
1743 551 1775 579 in
1802 551 1902 579 inleri-

1060 594 1139 625 lum;
1159 596 1186 621 et
1214 594 1356 630 sequitur:
1385 595 1428 623 Ta
1455 600 1569 630 aulem,
1592 605 1607 625 ο
1632 596 1715 626 homo
1745 597 1811 631 Dei,
1833 596 1902 626 haec

1058 636 1136 675 supe.
1166 639 1248 674 Vide,
1273 640 1339 677 quid
1360 641 1508 671 fructificat
1529 643 1576 671 tibi
1599 643 1735 672 mundus:
1757 644 1902 673 desideria

1059 685 1170 721 quidem
1192 686 1315 720 nociva;
1337 691 1450 724 propter
1477 689 1552 725 quod
1572 690 1599 718 in
1628 690 1745 719 Canticis
1760 690 1771 707 ⁵
1795 690 1902 719 dicebat

1059 738 1159 767 sponsa
1174 732 1294 768 Sponso:
1317 734 1406 771 Fuye,
1421 735 1519 763 dilecte
1539 736 1597 770 mi,
1618 740 1644 764 et
1664 737 1831 766 assimilare
1852 746 1902 766 ca—

1056 786 1146 814 preae
1167 778 1344 818 hinnuloque
1364 789 1518 810 cervorum
1545 790 1634 819 super
1655 786 1762 811 montes
1783 792 1901 812 aroma-

1059 828 1130 852 lum.
1145 842 1183 846 —
1197 826 1279 854 Mons
1300 832 1470 856 aromatum
1491 831 1532 857 est
1553 831 1640 857 status
1654 829 1800 866 Religionis
1814 832 1841 858 et
1855 838 1902 866 pa-

1058 870 1169 900 tientiae
1183 875 1211 900 et
1225 873 1423 908 poenitentiae,
1439 873 1464 902 id
1479 877 1520 902 est
1535 877 1647 911 propter
1662 883 1746 912 opera
1759 876 1839 910 bona,
1854 876 1902 904 ubi

1058 919 1230 947 conversatio
1251 923 1344 948 sancta
1367 923 1395 948 et
1416 920 1495 949 bona.
1518 921 1590 958 Fuge
1611 921 1643 950 ad
1666 922 1756 950 locum
1778 922 1902 951 solitudi-

1058 964 1117 999 nis,
1138 965 1172 993 ad
1193 965 1283 994 locum
1305 967 1487 1003 poenitentiae
1508 970 1536 996 et
1556 968 1710 1005 Religionis.

1137 1012 1293 1049 Fugiendus
1314 1017 1355 1042 est
1377 1014 1512 1049 mundus,
1534 1015 1599 1052 quia
1617 1016 1750 1052 poenalis
1777 1020 1804 1045 et
1829 1017 1903 1046 labo-

1058 1058 1157 1087 riosus.
1173 1059 1240 1094 Hoc,
1262 1064 1376 1097 propter
1398 1061 1501 1090 Deum!
1524 1066 1631 1091 moveat
1653 1066 1687 1091 te.
1710 1063 1785 1092 Sicut
1806 1071 1903 1093 servus

1057 1106 1209 1135 dominium
1232 1111 1260 1136 et
1280 1107 1476 1137 subiectionem
1508 1110 1570 1138 mali
1600 1110 1731 1147 principis
1752 1110 1837 1148 fugit,
1865 1112 1903 1140 sic

1058 1153 1141 1182 debes
1163 1156 1193 1182 tu
1213 1153 1310 1191 fugere
1332 1155 1483 1190 mundum,
1505 1156 1571 1192 quia
1592 1157 1712 1186 mundus
1741 1158 1818 1194 ponit
1845 1166 1902 1187 ser-

1059 1207 1107 1228 vos
1128 1200 1155 1228 in
1177 1208 1247 1237 opus
1268 1204 1295 1229 et
1315 1201 1380 1230 facit
1400 1202 1472 1231 sicut
1494 1203 1582 1231 malus
1603 1203 1746 1238 dominus,
1768 1205 1816 1241 qui
1835 1205 1903 1233 nihil

1059 1254 1109 1283 pro
1138 1246 1279 1276 laboribus
1307 1253 1467 1277 remunerat
1494 1249 1572 1286 panis
1597 1250 1639 1278 vel
1661 1250 1780 1279 babitus.
1802 1251 1904 1280 Fatuus

1059 1294 1170 1330 quidem
1192 1297 1233 1323 est
1254 1295 1301 1332 qui
1323 1295 1408 1324 servit
1428 1296 1548 1331 domino,
1570 1297 1616 1334 qui
1639 1306 1693 1326 non
1715 1298 1788 1332 sinit,
1809 1306 1904 1327 servos

1059 1348 1124 1369 suos
1145 1341 1301 1371 laborantes
1321 1342 1443 1371 dormire
1463 1343 1507 1372 die
1528 1351 1619 1381 neque
1634 1348 1726 1378 nocte,
1746 1345 1793 1381 qui
1815 1353 1904 1382 neque

1058 1387 1104 1416 dat
1125 1388 1217 1416 cibum
1240 1396 1330 1425 neque
1351 1392 1455 1424 vestes;
1471 1390 1518 1418 sed
1538 1391 1641 1419 servies
1662 1391 1699 1419 illi
1721 1391 1754 1419 ad
1778 1392 1905 1428 proprios

1058 1438 1188 1470 sumptus
1209 1438 1236 1463 et
1256 1435 1325 1463 nihil
1346 1435 1409 1465 inde
1430 1437 1584 1473 reportabis
1605 1437 1656 1466 nisi
1678 1437 1808 1466 damnum
1840 1446 1904 1474 pro-

1059 1481 1150 1517 prium
1173 1485 1200 1510 et
1221 1482 1434 1511 incommodum.
1457 1484 1529 1512 Talis
1550 1484 1678 1513 dominus
1704 1488 1745 1513 est
1766 1485 1903 1519 mundus3

1058 1528 1132 1557 unde
1146 1528 1174 1557 in
1191 1529 1302 1557 leremia
1314 1530 1324 1546 ⁶
1345 1529 1447 1558 dicitur
1462 1530 1563 1559 talibus
1583 1531 1681 1559 fatuis:
1704 1531 1825 1560 Servitia·
1846 1532 1904 1560 diis

1059 1575 1163 1603 alienis
1177 1576 1222 1604 die
1243 1584 1279 1604 ae
1299 1580 1389 1610 noete,
1404 1577 1456 1614 qzli
1469 1586 1527 1605 non
1541 1577 1653 1606 (labant
1673 1578 1753 1607 vobis
1767 1579 1902 1617 requiem.

1058 1622 1207 1656 Carissimi,
1229 1623 1272 1651 isti
1295 1623 1339 1651 dii
1358 1627 1424 1651 sunt
1438 1631 1482 1652 res
1498 1624 1651 1653 mundanae
1672 1628 1699 1653 et
1720 1625 1855 1659 honores;
1877 1628 1904 1654 et

1058 1669 1127 1698 bene
1142 1669 1274 1698 dicuntur
1295 1670 1338 1698 vel
1353 1674 1487 1699 vocantur
1508 1671 1561 1704 dii,
1583 1672 1648 1708 quia
1662 1672 1740 1700 multi
1760 1676 1839 1706 sunt,
1855 1672 1903 1709 qui

1058 1716 1174 1745 adorant
1188 1716 1239 1745 ista
1253 1717 1431 1753 temporalia,
1447 1718 1512 1746 istas
1526 1718 1634 1747 divitias
1648 1722 1675 1747 et
1689 1718 1740 1747 ista
1754 1719 1902 1748 mundana.

1058 1762 1152 1791 Nonne
1173 1762 1284 1797 dicitur,
1306 1763 1380 1800 quod
1395 1764 1528 1792 avaritia
1543 1765 1740 1793 estidolorum
1754 1764 1901 1794 servitus?

1058 1808 1134 1837 Unde
1154 1809 1284 1846 fugienda
1304 1813 1384 1844 sunt;
1406 1814 1520 1848 propter
1548 1812 1621 1848 quod
1649 1812 1676 1840 in
1702 1812 1786 1841 huius
1814 1812 1904 1849 figura

1059 1855 1178 1884 habetur
1200 1856 1227 1884 in
1243 1856 1313 1885 libro
1327 1857 1555 1886 Machabaeorum
1572 1858 1598 1886 7;
1615 1859 1703 1896 Fuyit
1723 1857 1902 1887 Mallzatlzias

1059 1905 1083 1930 el
1103 1902 1159 1940 filii
1178 1903 1241 1931 eius
1269 1907 1295 1932 et
1321 1904 1500 1942 ‘reliquerunt
1528 1913 1724 1943 quaecumque
1752 1904 1901 1934 habebant.

1058 1966 1097 1970 ——
1117 1949 1298 1979 Matltatlzias
1318 1954 1387 1984 erat,
1409 1951 1455 1988 qui
1478 1951 1618 1988 pugnabat
1639 1960 1689 1988 pro
1711 1952 1816 1989 legibus
1834 1952 1903 1981 divi-

1058 1996 1109 2024 nis.
1131 1997 1218 2031 Tales,
1241 1997 1287 2034 qui
1311 1997 1473 2034 relinquunt
1493 1997 1592 2032 omnia,
1608 1997 1676 2026 bene
1690 1998 1800 2034 fugiunt
1822 2006 1903 2026 inun-

1057 2043 1137 2077 dum,
1159 2044 1206 2080 qui
1236 2047 1379 2081 exspectat
1407 2052 1502 2073 servos
1517 2044 1566 2080 (?);
1588 2052 1675 2082 quare
1696 2045 1841 2082 fugiendus
1862 2048 1903 2074 est

1059 2090 1179 2119 mundus
1200 2091 1328 2127 exemplo
1349 2091 1420 2120 beati
1444 2091 1557 2120 loannis.
1580 2092 1716 2128 Rogemus
1736 2095 1787 2120 etc.

1405 2184 1548 2212 Commo.

1137 2279 1216 2312 Ecce,
1238 2278 1372 2316 elongavi
1390 2278 1508 2316 sapiens
1529 2282 1553 2307 el
1575 2279 1674 2308 mansi
1687 2279 1717 2307 in
1737 2279 1901 2309 solitudine.

1139 2326 1198 2363 Epo
1218 2334 1274 2354 voa·
1295 2329 1346 2354 etc.

1138 2374 1175 2402 lta
1196 2374 1300 2402 dictum
1322 2377 1372 2407 est,
1392 2373 1465 2410 quod
1487 2374 1585 2402 beatus
1608 2374 1721 2403 loannes
1741 2375 1848 2403 dicebat
1868 2375 1901 2404 de

1058 2429 1087 2450 se
1116 2421 1190 2458 ipso;
1219 2424 1246 2449 et
1274 2429 1361 2458 quare
1385 2420 1507 2455 dicebat,
1529 2429 1558 2450 se
1590 2421 1679 2458 ipsum
1704 2429 1764 2451 esse
1784 2421 1901 2450 vocem?

1058 2468 1128 2504 Quia
1149 2469 1207 2505 ipse
1234 2468 1403 2505 praedicavit
1431 2472 1522 2502 lmus,-
1550 2469 1717 2505 praedicavit
1744 2469 1816 2497 enim
1844 2469 1904 2498 eius

1058 2516 1136 2549 vila,
1159 2516 1218 2544 eius
1239 2523 1321 2547 esca,
1342 2515 1402 2544 eius
1423 2515 1638 2549 vestimentum,
1665 2516 1724 2544 eius
1752 2515 1904 2544 habitacu-

1059 2562 1137 2596 lum,
1159 2562 1218 2590 eius
1238 2570 1342 2590 sermo.
1372 2562 1403 2590 Et
1429 2562 1495 2599 quia
1526 2565 1600 2591 totus
1628 2562 1804 2599 praedicavit,
1830 2566 1904 2591 totus

1058 2608 1111 2637 fuit
1131 2617 1187 2637 vox
1208 2609 1372 2642 Salvatoris;
1394 2609 1454 2638 ideo
1475 2612 1583 2646 poterat
1603 2612 1791 2646 competenter
1813 2609 1904 2638 dicere

1058 2655 1126 2684 illud
1147 2655 1181 2684 de
1202 2663 1231 2684 56
1252 2656 1326 2692 ipso:
1350 2656 1409 2693 Epo
1431 2663 1492 2684 sum
1511 2665 1566 2684 vox
1587 2659 1638 2685 etc.
1660 2656 1714 2685 Hoc
1735 2659 1827 2685 autem
1849 2664 1902 2684 non

1060 2709 1171 2738 possum
1192 2702 1293 2736 dicere,
1316 2702 1400 2731 immo
1421 2702 1447 2730 in
1470 2703 1565 2731 multis
1585 2703 1696 2737 deficio;
1718 2703 1778 2731 ideo
1800 2702 1904 2739 rogabi-

1059 2756 1129 2785 mus
1143 2748 1306 2782 Dominum‚
1328 2751 1360 2777 ut
1381 2748 1427 2777 det
1449 2749 1515 2777 mihi
1537 2749 1653 2785 gratiam
1675 2752 1726 2777 etc.

220 2904 228 2917 ¹
247 2905 328 2927 Psalm.
345 2905 386 2932 56,
404 2905 424 2927 6.

220 2943 229 2957 ²
248 2945 290 2966 lac.
308 2944 334 2972 4,
352 2945 379 2972 93
395 2947 524 2973 sequuntur
542 2945 577 2967 Ps.
597 2944 646 2971 141,
666 2945 687 2966 8.
703 2946 726 2966 et
743 2945 757 2966 l.
774 2945 835 2967 loan.
852 2945 878 2973 5,
900 2945 933 2967 19.

220 2983 229 2995 ³
246 2983 301 3012 Cap.
319 2984 357 3011 51,
374 2984 395 3005 6.

1121 2904 1130 2917 ⁴
1148 2904 1202 2932 Cap.
1221 2904 1242 2931 5,
1260 2905 1287 2931 93
1305 2907 1432 2933 sequuntur
1449 2905 1463 2926 l.
1481 2905 1540 2927 Tim.
1558 2905 1579 2931 6,
1598 2904 1634 2926 lO.
1652 2904 1673 2926 9.
1690 2906 1712 2926 et
1730 2911 1752 2926 v.
1773 2905 1807 2927 ll.

1122 2942 1131 2955 ⁶
1148 2943 1210 2966 Cant.
1229 2944 1251 2970 8,
1269 2943 1305 2965 44.
1448 2942 1457 2956 ὓ
1475 2943 1530 2971 Cap.
1553 2943 1586 2972 16,
1605 2944 1642 2965 113.
1659 2946 1678 2965 el
1697 2943 1750 2966 dein
1767 2944 1823 2972 Eph.
1842 2944 1863 2973 5,
1881 2945 1902 2966 ὅ.

1123 2982 1131 2995 ⁷
1149 2982 1209 3005 Libr.
1228 2984 1243 3005 l.
1260 2989 1279 3005 c.
1297 2984 1318 3011 2,
1336 2983 1373 3004 28.

1920 1023 2049 1066 Quialipoena-

1934 2379 1961 2398 Re
1976 2379 2028 2398 etitio

1918 2385 2047 2427 proigematis.
