2243 3348
0 484 2 502 l

0 522 1 544 l

54 431 127 457 Triplex

12 456 126 480 comparatio.

9 1177 88 1197 Christus
101 1180 131 1195 ve-

29 1201 56 1220 nit
67 1200 114 1219 sicut

30 1228 111 1249 sponsus.

716 164 874 192 DONHNICA
897 164 935 192 ΙΙΙ.
959 164 1141 193 ADVENTUS.
1164 164 1274 193 SERMO
1296 165 1324 192 ll.

143 244 250 273 factus?
264 243 356 277 Certe,
372 243 522 280 dignitate.
544 242 620 271 Unde
636 242 748 270 loannes
761 241 847 269 dixit:
863 241 988 275 Creditis,

144 291 209 327 quia
237 298 287 327 ego
315 290 366 318 sim
398 289 463 318 ille?
485 288 549 317 Non
570 296 636 316 sum
650 289 668 315 ¹.
692 287 833 324 Explicat,
854 287 924 321 dico,
946 295 989 315 as-

144 336 227 366 sumti
249 336 455 369 celsitudinem,
478 343 540 364 cum
562 335 643 363 dicit:
665 334 718 372 qui
736 337 801 370 post
826 341 870 362 me
890 337 989 361 ventu-

144 392 199 412 rus
219 387 261 412 est
280 386 346 411 ante
367 391 411 411 me
431 381 531 420 factus
551 385 599 410 est.
628 381 658 409 Et
687 388 770 418 quam
797 380 989 409 celsitudinem

144 430 284 467 explicat?
305 429 386 463 Dico,
418 429 491 466 quod
523 428 651 457 Christus
678 428 751 456 venit
780 430 842 463 post
863 426 990 455 loannem

144 477 216 506 sicut
246 484 372 513 sponsus
400 479 461 513 post
490 474 729 512 paranymphum,
751 473 823 502 sicut
845 481 897 501 rea:
928 476 990 509 post

145 523 330 552 nuntiatorem
352 522 562 559 praeambulum
578 524 605 550 et
620 521 691 549 sicut
705 519 807 557 fulqor
822 519 991 548 meridianus

146 573 206 607 post
226 569 380 598 diluculum
412 568 589 597 matutinum.
612 568 639 595 ln
673 567 724 595 hoc
745 566 828 595 debes
849 565 992 602 potestatis

145 617 205 645 eius
225 615 415 645 celsitudinem
438 614 588 643 attendere.
611 614 703 650 Quare
724 613 809 642 iactas
823 613 875 641 ista
889 612 991 641 verba?

144 663 201 692 Non
224 663 310 696 iacto,
332 662 379 691 sed
400 669 502 690 assero.
526 661 606 690 Venit
633 661 761 689 Christus
781 662 844 697 post
864 659 991 688 Ioannem

146 709 218 738 sicut
238 717 364 746 sponsus
394 711 456 745 post
485 707 707 744 paranymphum
740 709 854 743 propter
874 705 992 743 gratiae

142 756 361 794 plenitudinem.
383 755 464 784 Venit
484 755 612 783 Christus
634 757 695 791 post
710 754 837 782 loannem
853 753 925 781 sicut
939 760 992 781 rex

145 805 208 840 post
227 802 413 831 nuntiatorem
435 801 647 838 praeambulum
670 803 785 837 propter
806 799 896 828 omnis
915 802 992 836 pote-

145 849 231 878 statis
250 848 501 886 praerogrativam.
524 848 605 876 Venit
633 847 761 876 Christus
782 849 844 883 post
864 846 992 874 Ioannem

146 896 218 925 sicut
238 894 339 932 fulyor
362 894 530 923 meridianus
558 897 619 931 post
640 894 794 922 diluculum
823 893 991 921 matutinum

147 945 260 980 propter
280 941 441 979 sapientiae
458 941 707 978 praeclaritatem.
725 941 752 969 ln
768 948 823 977 quo
842 940 927 977 igitur
942 947 993 968 ex—

146 989 220 1018 cellit
240 989 368 1017 Christus
389 988 537 1016 Ioannem?
558 988 638 1016 Certe
660 988 686 1015 in
709 987 768 1016 istis
796 987 902 1020 tribUS‚
924 986 993 1015 scili-

146 1039 189 1064 cet
210 1035 236 1064 in
257 1036 375 1073 qratiae
386 1034 582 1073 plenitudine,
598 1034 624 1062 in
640 1034 730 1062 omnis
743 1033 892 1070 potestatis
905 1041 992 1070 prae-

146 1083 283 1120 rogativa
304 1085 331 1111 et
351 1082 379 1110 in
400 1081 561 1118 sapientiae
579 1080 798 1118 praeclaritate.

225 1129 295 1158 Dicit
316 1129 416 1166 igitur:
441 1129 498 1164 Qui
526 1132 591 1164 post
619 1136 663 1156 me
693 1132 835 1155 venturus
856 1130 896 1155 est
927 1131 994 1155 ante

147 1184 192 1204 me
211 1175 312 1213 factus
333 1178 390 1208 est;
411 1179 438 1203 et
459 1175 533 1203 venit
554 1174 683 1202 Christus
712 1177 787 1210 post,
811 1174 901 1210 primo
923 1173 994 1202 sicut

148 1223 224 1252 venit
243 1230 369 1259 sponsus
389 1225 451 1258 post
472 1221 703 1258 paranymphum.
727 1221 935 1257 Paranymphus
953 1224 994 1249 est

148 1269 194 1306 qui
208 1271 307 1297 tractat
321 1271 349 1297 et
363 1271 495 1305 procurat
509 1268 637 1296 nuntium
650 1271 713 1296 ante
727 1267 876 1296 adventum
891 1267 992 1304 sponsi.

148 1316 199 1345 Sed
220 1315 295 1352 quod
315 1315 443 1343 Christus
464 1314 539 1343 venit
560 1314 588 1342 in
610 1313 745 1342 mundum
768 1314 840 1342 sicut
861 1321 993 1350 sponsus,

148 1363 200 1392 hoc
222 1365 296 1399 patet
317 1364 344 1390 et
365 1369 463 1390 verum
485 1364 526 1390 est
547 1361 573 1389 in
602 1369 675 1389 novo
697 1364 724 1389 et
745 1361 772 1389 in
795 1361 884 1389 veteri
915 1363 994 1389 testa-

147 1412 248 1438 mento,
272 1409 299 1437 lu
322 1409 407 1437 veteri
441 1411 606 1437 testamento
628 1411 717 1444 patet;
739 1408 813 1436 unde
835 1407 901 1436 dicit
923 1408 994 1436 Psal-

147 1457 247 1485 mus2:
270 1456 305 1484 In
324 1455 381 1484 sole
399 1455 498 1492 posuit
520 1455 745 1483 tabernaculum
766 1463 865 1487 suum,
888 1458 912 1482 et
934 1455 995 1491 ipse

148 1506 290 1541 tanquam
310 1510 436 1539 sponsus
454 1502 613 1539 procedens
634 1502 668 1530 de
690 1501 818 1530 thalamo
833 1510 895 1530 sao.
920 1502 994 1535 item,

148 1549 221 1587 quod
245 1549 318 1577 venit
339 1556 467 1585 sponsus,
489 1551 563 1585 patet
585 1549 611 1577 in
633 1556 704 1577 novo
736 1551 909 1582 testamento,
931 1556 995 1576 cum

147 1596 250 1625 dicitur
263 1596 289 1622 ³:
315 1597 392 1629 Ecce,
413 1604 539 1632 sponsus
560 1595 653 1629 venit,
675 1595 748 1623 exite
769 1595 883 1623 obviam
907 1595 940 1623 ei.
965 1595 995 1623 Et

147 1643 221 1680 quod
244 1643 357 1671 loannes
385 1642 419 1671 sit
441 1642 662 1679 paranymphus,
686 1642 737 1670 hoc
760 1644 847 1678 patet,
869 1642 934 1678 quia
955 1641 996 1670 di-

148 1691 221 1719 cit⁴²:
245 1690 304 1726 Qui
324 1688 407 1718 habet
427 1697 566 1726 sponsam
587 1697 713 1726 sponsus
734 1692 787 1722 est,
803 1689 919 1717 amicus
940 1697 995 1717 au-

148 1740 202 1765 lem
223 1737 333 1774 sponsi,
355 1736 408 1774 qui
427 1739 486 1764 stat
506 1739 531 1764 et
551 1736 638 1764 audit
657 1744 733 1769 eum,
754 1735 867 1773 gaudio
886 1735 995 1773 pauclet

147 1787 266 1821 propter
286 1791 380 1811 vocem
412 1783 522 1820 sponsi.
554 1782 615 1810 Hoc
643 1791 711 1819 erqo
730 1782 876 1819 gaudium
898 1790 995 1810 meum

148 1830 297 1867 impletum
319 1833 367 1858 est.
393 1829 478 1858 Illum
500 1833 609 1866 oportet
623 1838 759 1863 crescere,
774 1838 819 1857 me
834 1833 931 1858 autem
945 1830 996 1857 mi-

148 1878 209 1906 nui.
227 1877 258 1905 Et
272 1877 346 1914 quod
368 1877 496 1905 Christus
516 1877 551 1905 sit
571 1885 711 1913 sponsus,
726 1877 792 1905 dicit
813 1877 994 1913 Apostolus⁵:

150 1925 375 1954 Sacramentum
397 1923 464 1957 hoc,
486 1924 592 1961 inquit⁷
624 1932 766 1961 maynum
788 1927 844 1956 est,-
865 1932 915 1961 eyo
941 1932 995 1951 au-

149 1975 204 2000 tem
225 1971 290 2000 (lico
311 1971 342 1999 in
365 1970 480 1999 Christo
501 1975 527 1999 et
547 1971 579 1999 in
602 1970 738 1999 Ecclesia.
761 1971 884 2007 Sponsus
906 1970 995 1999 Eccle-

149 2018 204 2047 siae
218 2021 259 2047 est
273 2018 415 2051 Christus;
437 2018 511 2054 quod
533 2021 607 2054 patet
629 2025 678 2054 per
699 2018 764 2051 hoc,
779 2017 852 2054 quod
868 2017 996 2046 Christus

149 2066 224 2094 solus
245 2068 301 2099 est,
316 2065 363 2102 qui
386 2065 533 2093 Ecclesiam
556 2067 645 2101 potest
673 2064 829 2093 secundare.
856 2064 931 2092 Unde
955 2064 995 2092 di-

149 2112 185 2140 cit
201 2111 408 2148 Augustinusssz
430 2111 480 2140 Per
501 2111 574 2148 quod
597 2110 762 2139 secundatur
785 2110 923 2139 Ecclesia?
946 2110 995 2138 Per

148 2159 216 2193 hoc⁷
239 2158 311 2195 quod
343 2158 421 2195 virgo
450 2158 582 2194 concepit.
616 2158 666 2186 Sed
688 2165 738 2194 per
759 2157 825 2194 quid
847 2158 995 2194 concepit?

148 2206 229 2235 Certe
251 2213 300 2242 per
328 2206 461 2242 Spiritum
494 2208 628 2234 sanctum.
662 2205 712 2233 Sed
734 2204 798 2241 quis
819 2207 908 2241 potest
929 2204 995 2232 (lare

149 2252 282 2289 Spiritum
304 2254 450 2281 sanctum?
472 2251 567 2285 Certe,
589 2251 636 2288 qui
659 2254 749 2288 potest
768 2251 835 2279 dare
850 2258 992 2287 sponsum.

149 2299 225 2328 Unde
248 2299 360 2327 loannes
381 2299 501 2335 Baptista
521 2299 547 2327 in
570 2306 642 2335 aqua
663 2298 804 2334 baptizare
827 2300 924 2334 potest,
947 2297 993 2326 sed

150 2345 279 2374 Christus
300 2353 366 2374 vere
387 2346 526 2382 baptizare
558 2348 662 2381 potest,
684 2344 750 2381 quia
771 2345 847 2372 solus
868 2344 996 2372 Christus

150 2395 239 2429 potest
259 2392 325 2420 dare
346 2392 479 2428 Spiritum
503 2394 644 2425 sanctum;
667 2391 740 2420 unde
772 2394 799 2419 et
819 2390 947 2419 Christus
968 2390 995 2418 in

150 2439 290 2476 Apostolos
311 2438 476 2475 insufflanit
497 2439 642 2475 Spiritum
663 2438 841 2471 sanctum⁷;
863 2437 923 2466 ideo
946 2437 997 2465 l'uit

151 2493 284 2523 sponsus;
311 2486 384 2514 unde
407 2486 544 2514 psalmus:
569 2486 603 2513 Et
623 2486 684 2522 ipse
705 2488 847 2522 tanquam
871 2492 997 2521 sponsus

149 2533 305 2570 procedens
320 2534 354 2561 (le
368 2532 496 2561 thalamo
510 2541 572 2561 suo.
588 2533 715 2561 Christus
729 2535 770 2561 est
785 2532 867 2560 homo
881 2535 908 2560 et
925 2532 997 2560 Deus

151 2588 187 2608 ex
209 2580 314 2608 unitate
335 2580 491 2608 Divinitatis
512 2588 574 2607 cum
608 2579 793 2613 humanitate;
815 2579 873 2615 ipse
904 2581 946 2606 est
967 2578 997 2606 in

1850 169 1885 197 65

1045 249 1102 279 quo
1125 245 1164 269 est
1182 241 1353 278 plenitudoss
1378 243 1547 279 gratiarum;
1568 243 1625 280 ipse
1645 248 1699 278 est,
1720 245 1753 273 de
1774 253 1830 282 quo
1850 245 1887 273 di-

1046 287 1119 315 citur
1141 287 1168 315 in
1191 288 1351 324 Evangelio:
1375 289 1458 321 Ecce,
1479 297 1604 326 sponsu-s
1634 291 1727 324 venit,
1748 291 1820 319 exite
1840 291 1887 319 ob-

1045 332 1126 361 viam
1147 333 1180 361 ei.
1204 334 1268 362 Item
1291 334 1461 362 scribitur⁹:
1485 335 1680 372 Eyredimini,
1701 336 1779 373 filiae
1801 337 1886 371 Sion,

1046 382 1071 406 et
1092 379 1181 407 videte
1209 388 1304 416 reqem
1330 380 1511 409 Salomonem
1533 382 1563 410 in
1584 382 1757 417 diademate,
1772 392 1828 421 quo
1843 392 1888 412 co-

1046 426 1166 453 ronavit
1180 425 1261 454 illum
1277 431 1372 455 mater
1385 436 1443 455 sua
1458 428 1489 456 in
1503 429 1549 457 clie
1562 429 1793 466 desponsationis
1807 430 1887 459 illius

1046 476 1072 500 et
1091 472 1122 500 in
1144 472 1189 500 die
1211 472 1336 501 laetitiae
1357 474 1454 502 cordis
1469 475 1539 503 eius.
1562 476 1630 504 Haec
1652 479 1693 504 est
1713 476 1771 505 dies
1791 477 1888 505 nativi-

1048 519 1111 547 tatis
1140 519 1260 553 Domini,
1283 520 1309 547 in
1338 529 1394 557 qua
1421 525 1462 549 est
1490 522 1682 558 gaudendum,
1712 526 1738 551 et
1768 523 1888 560 gaudere

1047 565 1148 593 debent
1168 573 1271 594 omnes.
1296 567 1368 595 istud
1389 571 1430 596 est
1451 568 1582 604 gaudium
1613 569 1731 603 Christi,
1752 578 1806 598 non
1827 578 1887 598 car-

1047 611 1150 640 nalium
1174 612 1326 641 hominum.
1349 613 1399 649 Qui
1432 614 1464 642 ad
1497 615 1561 643 istas
1592 616 1701 652 nuptias
1722 617 1816 645 venire
1842 625 1888 645 vo-

1048 658 1109 687 lunt
1129 658 1229 686 debent
1250 658 1291 687 ire
1305 659 1338 687 ad
1361 660 1575 695 confessionem,
1591 662 1637 690 sed
1660 662 1755 691 volunt
1776 663 1886 699 quidam

1048 704 1130 733 modo
1143 704 1167 721 ¹⁰
1188 704 1284 733 ludere
1300 705 1333 733 ad
1350 705 1425 734 talos.
1441 706 1510 742 Quia
1531 707 1657 736 Christus
1671 712 1752 737 natus
1772 712 1822 742 est,
1838 717 1889 745 pro

1049 750 1237 779 misericordia
1258 751 1321 779 Dei!
1345 751 1522 781 abiiciamus
1550 762 1638 790 opera
1659 754 1843 783 tenebrarum
1864 758 1890 783 et

1048 797 1214 825 induamur
1244 805 1333 826 arma
1359 798 1433 826 lucis
1447 799 1475 826 1¹.
1498 799 1555 828 Non
1577 804 1617 828 est
1648 801 1727 829 modo
1749 809 1820 835 nox⁷
1842 801 1889 830 sed

1048 844 1107 872 lux.
1130 844 1220 878 Absit,
1252 844 1325 881 quod
1357 845 1457 882 aliquis
1488 846 1522 874 sit
1553 847 1580 874 in
1603 850 1712 883 peccato
1734 848 1841 875 mortali
1862 848 1889 876 in

1048 890 1100 919 ista
1128 890 1272 919 Nativitate
1304 891 1420 919 Domini.
1453 892 1533 920 Venit
1563 892 1647 929 igitur
1678 893 1805 921 Christus
1830 896 1890 930 post

1049 937 1175 966 loannem
1198 937 1269 966 sicut
1290 945 1408 974 sponsus
1429 941 1490 974 post
1511 939 1742 976 paranymphum.

1129 984 1193 1012 Item
1215 984 1281 1012 dicit
1303 984 1430 1013 Ioannes:
1454 985 1512 1020 Qui
1531 989 1594 1022 post
1614 994 1659 1013 me
1689 990 1830 1014 venturus
1851 990 1891 1014 est

1049 1033 1116 1059 ante
1137 1039 1180 1059 me
1200 1030 1300 1068 factus
1321 1035 1377 1064 est,
1399 1031 1464 1068 quia
1485 1032 1612 1060 Christus
1637 1033 1710 1060 venit
1732 1036 1792 1069 post
1817 1034 1892 1061 loan-

1050 1085 1113 1106 nem
1137 1080 1235 1106 utrea:
1257 1081 1318 1114 post
1339 1078 1525 1106 nuntiatorem
1550 1079 1759 1115 praeambulum
1782 1083 1894 1116 propter

1049 1125 1140 1153 omnis
1160 1125 1309 1161 potestatis
1337 1125 1588 1162 praerogativam.
1623 1126 1695 1154 Unde
1720 1126 1753 1154 de
1775 1126 1826 1154 isto
1847 1126 1893 1154 ad-

1052 1175 1135 1200 ventu
1157 1172 1203 1200 Dei
1227 1172 1254 1199 in
1277 1171 1458 1200 Malachiam:
1478 1172 1554 1205 Ecce,
1576 1180 1626 1209 eqo
1647 1172 1726 1200 mitto
1750 1172 1892 1210 Angelum

1049 1227 1156 1252 meum,
1172 1222 1197 1246 et
1208 1218 1406 1255 praeparabit
1428 1219 1505 1246 uiam
1528 1222 1594 1247 ante
1614 1217 1723 1255 faciem
1737 1227 1839 1247 meam.
1857 1220 1892 1247 Et

1050 1265 1150 1293 statim
1172 1265 1261 1293 veniet
1283 1264 1323 1292 acl
1342 1265 1478 1301 templum
1500 1274 1588 1293 suum
1606 1265 1787 1299 Dominator‚
1809 1274 1891 1303 quem

1050 1320 1100 1339 vos
1130 1311 1289 1350 quaeritis,
1321 1315 1347 1340 et
1378 1311 1506 1349 Angelus
1534 1312 1695 1340 testamenti
1702 1335 1710 1345 ,
1731 1320 1814 1349 quem
1844 1321 1891 1341 vos

1050 1358 1147 1386 vultis.
1170 1375 1207 1378 w
1229 1358 1314 1386 Dicit:
1337 1362 1362 1386 et
1379 1359 1574 1395 praeparabit
1594 1359 1691 1392 viam,
1714 1359 1740 1387 id
1761 1362 1802 1387 est
1830 1359 1894 1387 bea-

1051 1408 1096 1433 tus
1128 1405 1249 1438 loannes,
1271 1405 1318 1442 qui
1352 1405 1527 1441 praeparavit
1548 1406 1619 1433 viam
1647 1405 1756 1433 Christi.
1790 1405 1894 1434 Statim

1050 1453 1151 1485 veniet,
1174 1452 1200 1480 id
1222 1456 1272 1486 est,
1294 1456 1356 1489 post
1377 1452 1517 1480 Christum
1541 1453 1614 1481 venit
1643 1453 1769 1486 Ioannes,
1792 1453 1818 1481 id
1839 1456 1895 1486 est,

1051 1502 1199 1535 antequam
1215 1499 1328 1527 loannes
1342 1499 1433 1527 exiret
1455 1507 1489 1527 ex
1512 1502 1592 1527 utero
1615 1499 1709 1527 matris
1730 1506 1805 1533 suae,
1818 1499 1895 1527 Chriu

1051 1549 1111 1574 stus
1133 1546 1207 1574 venit
1228 1546 1255 1573 in
1278 1545 1428 1580 muudum;
1451 1546 1524 1574 unde
1546 1550 1572 1574 et
1587 1546 1666 1574 beata
1680 1546 1764 1582 Virgo
1779 1546 1894 1582 imprae-

1051 1596 1133 1629 gnata
1154 1593 1283 1621 salutavit
1315 1593 1461 1621 Elisabeth.
1488 1594 1544 1621 Nou
1576 1596 1668 1629 posset
1694 1593 1773 1621 modo
1803 1593 1896 1629 aliqua

1051 1643 1181 1668 creatura
1201 1640 1233 1668 ad
1258 1643 1360 1668 tantam
1395 1640 1576 1668 humilitatem
1600 1640 1752 1676 pervenire.
1775 1640 1894 1668 Suscita-

1051 1688 1090 1715 vit
1104 1687 1231 1715 Christus
1246 1690 1362 1716 matrem
1379 1695 1457 1716 suam
1473 1687 1505 1715 ad
1522 1687 1712 1715 curialitatem.
1730 1703 1767 1707 -—
1779 1687 1894 1715 Iudaeus

1052 1734 1131 1762 aliter
1153 1734 1268 1770 exponit
1289 1737 1316 1762 et
1336 1734 1418 1768 dicit,
1440 1734 1514 1770 quod
1545 1734 1672 1762 Christus
1699 1733 1785 1762 dixit:
1809 1734 1893 1767 Ecce,

1051 1781 1133 1809 mitto
1156 1781 1299 1818 Angelum
1320 1789 1417 1809 meum
1439 1785 1506 1809 ante
1525 1780 1633 1817 faciem
1662 1784 1761 1814 tuam,-
1783 1781 1835 1809 hoc
1856 1781 1897 1808 in-

1054 1828 1185 1865 telligitur
1200 1828 1233 1856 de
1249 1828 1369 1857 secundo
1391 1828 1511 1857 adventu
1528 1828 1650 1862 Domini,
1665 1828 1743 1865 quia,
1759 1828 1829 1857 sicut
1841 1828 1897 1864 pri-

1054 1882 1115 1903 mus
1136 1875 1271 1903 adventus
1298 1875 1497 1904 desiderandus
1528 1878 1581 1908 est,
1613 1875 1651 1903 sic
1682 1875 1732 1903 iste
1757 1874 1895 1903 secundus

1052 1921 1187 1950 adventus
1201 1925 1242 1950 est
1256 1921 1454 1955 formidandus,
1467 1922 1538 1950 etde
1553 1921 1604 1949 isto
1618 1921 1749 1949 scribitur
1761 1921 1800 1948 ¹³:
1817 1921 1896 1953 Ecce,

1052 1969 1144 2002 venit,
1166 1968 1237 1997 (licit
1259 1969 1402 1997 Dominus
1433 1969 1632 2001 exercituum;
1663 1971 1687 1996 et
1708 1967 1773 2005 quis
1791 1966 1898 2003 poterit

1052 2015 1180 2052 cogitare
1201 2015 1276 2043 cliem
1299 2015 1442 2043 aduentus
1463 2015 1536 2048 eius,
1558 2019 1584 2042 et
1604 2014 1669 2052 quis
1690 2013 1778 2041 stabit
1798 2013 1839 2041 ad
1860 2013 1897 2040 vi-

1053 2062 1179 2090 dendum
1201 2061 1288 2090 eum?
1311 2062 1338 2089 ln
1360 2062 1412 2090 isto
1426 2064 1518 2089 autem
1535 2061 1655 2089 secundo
1677 2060 1796 2088 adventu
1817 2059 1896 2087 Chri-

1053 2113 1113 2137 stus
1128 2109 1218 2137 statim
1236 2109 1325 2137 veniet
1340 2109 1373 2137 ad
1388 2108 1559 2145 puniendum
1575 2108 1660 2136 malos
1674 2110 1701 2136 et
1715 2107 1748 2135 ad
1770 2114 1898 2135 remune-

1053 2156 1171 2184 randum
1187 2156 1280 2184 bonos.
1296 2172 1334 2175 —
1350 2156 1400 2184 Iste
1415 2155 1550 2183 adventus
1564 2154 1665 2182 Christi
1681 2157 1721 2182 est
1736 2156 1898 2189 exspectan-

1052 2203 1105 2231 dus
1135 2211 1198 2231 cum
1231 2202 1337 2231 timore.
1367 2203 1392 2230 Si
1421 2202 1521 2239 aliquis
1552 2201 1676 2230 crederet
1704 2200 1834 2236 suspendi
1863 2200 1897 2227 ad

1052 2250 1154 2283 furcas,
1175 2249 1337 2278 adveniente
1358 2257 1438 2286 rege:
1455 2257 1517 2277 cum
1534 2249 1632 2276 timore
1653 2249 1827 2283 exspectaret
1847 2246 1894 2274 ad-

1054 2299 1166 2325 ventum
1188 2296 1268 2333 regis.
1293 2296 1322 2324 Et
1343 2296 1409 2333 quia
1432 2296 1559 2324 timemus
1588 2295 1666 2323 nobis
1686 2294 1719 2322 de
1740 2293 1832 2321 divino
1854 2293 1896 2320 iu-

1053 2343 1138 2377 dicio,
1160 2343 1221 2371 ideo
1242 2351 1304 2371 cum
1329 2343 1426 2371 timore
1447 2342 1506 2371 eius
1527 2341 1658 2369 iudicium
1680 2342 1841 2376 exspectare
1855 2340 1899 2367 de-

1053 2391 1159 2419 bemus.
1182 2407 1220 2411 -
1242 2390 1291 2419 Sed
1314 2390 1455 2427 quomodo
1477 2389 1609 2417 debemus
1630 2390 1791 2423 exspectare
1813 2387 1897 2414 istum

1053 2438 1154 2465 Christi
1177 2437 1328 2466 secundum
1352 2436 1500 2465 adventum
1513 2439 1523 2463 ¹?
1538 2435 1609 2463 Dicit
1624 2434 1755 2462 Dominus
1770 2434 1796 2461 in
1812 2433 1898 2461 Evan-

1054 2484 1175 2521 gehon:
1208 2484 1273 2512 Sint
1300 2483 1391 2512 lumbi
1415 2483 1505 2510 vestri
1534 2481 1696 2519 praecincti
1716 2484 1740 2508 et
1762 2480 1897 2508 lucernae

1054 2531 1188 2559 ardentes
1203 2531 1234 2559 in
1248 2530 1386 2558 manibus
1402 2529 1504 2557 uestris
1519 2532 1580 2562 etc,
1596 2532 1641 2561 ut,
1657 2536 1721 2555 cum
1746 2526 1854 2555 venerit
1873 2529 1899 2553 et

1052 2578 1231 2614 pulsaverit,
1254 2576 1405 2614 confestim
1427 2576 1562 2613 aperiant
1593 2575 1626 2602 ei.
1649 2590 1687 2594 —-
1717 2574 1779 2602 Sint
1808 2572 1898 2600 lumbi

217 2755 224 2767 ¹
244 2755 303 2777 loan.
322 2755 343 2782 i,
361 2755 403 2777 20:
421 2755 475 2778 Non
492 2761 547 2777 sum
564 2760 606 2784 eglo
625 2754 740 2778 Christus.

215 2793 223 2806 ²
243 2795 324 2817 Psalm.
343 2794 380 2820 18,
398 2794 419 2816 6.

215 2833 224 2845 ⁴
241 2834 303 2856 loan.
320 2834 341 2860 3,
360 2834 397 2855 29.
415 2833 452 2855 30.

215 2871 224 2884 ὃ
241 2872 274 2894 De
290 2872 435 2899 Virginitate,
452 2877 470 2893 c.
489 2872 509 2893 ⁶2.
528 2878 549 2893 n.
568 2872 594 2898 -2;
607 2872 681 2894 Serm.
698 2871 747 2893 195.
760 2871 825 2899 (alias
838 2872 875 2894 ν12.
886 2872 915 2894 de
928 2871 997 2893 Tem-

152 2912 217 2940 pore)
236 2917 257 2933 n.
276 2912 302 2937 23
320 2912 394 2933 Serm.
412 2911 464 2932 213.
483 2909 547 2938 (alias
569 2910 618 2932 119.
637 2910 666 2932 de
683 2910 808 2939 Tempore)
827 2916 845 2932 c.
863 2910 885 2932 7.
903 2917 925 2932 n.
943 2910 964 2932 7.

214 2949 223 2962 ⁷
241 2951 300 2972 ioan.
318 2950 355 2977 20,
374 2950 415 2976 223
433 2949 536 2978 sequitur
554 2950 588 2971 Ps.
611 2949 643 2977 18,
661 2950 683 2971 6.

247 2997 271 3021 S.
291 2997 381 3020 Bonav.
397 3009 428 3012 —
445 2997 513 3018 Tom.
529 2996 569 3018 lX.

800 2793 809 2806 ³
827 2794 901 2816 illatth.
920 2794 957 2822 25,
975 2794 997 2816 6.

819 2832 828 2845 ⁵
846 2833 902 2861 Eph.
920 2833 941 2860 5,
960 2833 997 2855 32.

1118 2753 1126 2766 Β
1143 2754 1189 2777 Cfr.
1206 2755 1266 2776 loun.
1290 2754 1307 2781 l,
1328 2752 1369 2779 163
1387 2751 1490 2779 sequitur
1508 2750 1584 2772 Matth.
1603 2749 1639 2775 25,
1658 2749 1678 2769 (5.

1118 2792 1128 2805 ⁰
1145 2793 1208 2815 Cant.
1226 2793 1247 2819 3,
1269 2793 1302 2813 ll.

1116 2832 1136 2844 ¹⁰
1153 2832 1321 2859 Apogrnphum
1339 2830 1398 2852 male
1416 2828 1484 2850 habet
1501 2826 1603 2856 (soleclum
1623 2825 1699 2848 modo.

1117 2870 1135 2883 ¹¹
1154 2872 1220 2893 Rom.
1242 2870 1276 2896 ¹3,
1298 2870 1330 2890 12.
1728 2862 1747 2875 ¹2
1764 2862 1819 2890 Cap.
1838 2862 1858 2889 3,
1881 2862 1897 2883 1.

1119 2909 1138 2922 ¹³
1156 2910 1204 2931 Mal.
1223 2910 1244 2935 3,
1266 2910 1283 2930 1.
1301 2911 1322 2929 et
1340 2908 1361 2929 ἱ).

1117 2948 1135 2960 ¹⁴
1154 2949 1208 2970 Luc.
1230 2948 1263 2974 12²,
1281 2947 1317 2968 35.
1335 2952 1383 2974 seq.

1792 2987 1804 3008 9

1908 994 1959 1016 Item,
1973 995 2021 1014 sicut

1942 1023 1981 1037 rex.

1914 2161 2025 2185 Applicatio.

1923 2394 1987 2413 Modus
1999 2400 2019 2413 ae

1911 2418 2042 2442 praeparandi.
