2243 3348
33 991 105 1011 Divisio.

4 1273 53 1298 uplex
64 1272 116 1291 visio.

5 1413 105 1433 dotandum.

6 1789 44 1808 *Sex
55 1788 108 1808 terri-

25 1812 74 1831 billa.

8 2117 33 2136 De
44 2117 109 2142 primo.

680 156 836 184 DOMlNlCA
859 156 900 184 1V.
922 157 1104 186 ADVENTUS.
1127 158 1236 187 SERMO
1258 159 1299 187 VI.

121 237 178 274 Qui
198 240 296 265 autem
309 238 378 264 sunt
394 234 504 264 Christi
518 242 637 263 caruem
651 242 738 262 suam
754 233 967 270 cracifiaeerunt

119 293 186 314 eum
200 283 280 312 vitiis
294 286 318 311 et
333 281 582 318 concupiscentits.
598 298 637 304 -—
648 281 813 308 Praeventa
826 280 966 317 9audiis;

120 331 243 359 psalmus
258 329 283 356 ¹:
307 328 363 357 Cor
378 336 475 356 meam
489 330 514 355 et
528 335 599 355 caro
613 334 679 354 mea
697 325 918 354 exsultaverunt
935 326 966 354 in

120 377 211 405 Deum
228 375 335 404 viuum.
350 391 389 395 —
405 373 596 410 Inflammata
610 372 782 405 desideriis;
804 372 927 401 Psalmus
939 372 965 399 ²:

121 423 215 452 Sitivit
236 422 267 450 tn
289 425 313 450 te
342 421 446 449 anima
472 429 548 454 mea,
570 428 660 458 quam.
688 419 888 456 multipliciter
916 418 968 447 tibi

121 478 192 499 caro
213 469 298 497 mea!

237 562 302 590 IDEM
324 569 411 590 SERMO
432 569 461 589 IN
482 568 574 589 FORMA
596 568 679 588 MAGIS
700 567 815 587 DlFFUSA
832 559 851 586 3.

205 655 312 684 Videbit
327 654 422 683 omnis
437 662 508 682 caro
522 653 656 682 satutare
673 653 733 686 Dei,
750 653 837 681 Lucae
853 652 935 680 tertio
946 652 966 679 ⁴¹.

198 702 320 731 Verbum
352 701 426 730 istud
454 704 495 729 est
530 700 593 729 finis
615 699 753 737 Evangelii
787 699 911 728 hodierni
941 702 969 727 et

121 749 253 786 exprimit
273 749 356 778 finem
378 748 465 785 ipsius
487 747 592 776 mundi.
615 747 683 775 Cum
705 747 777 775 enim
794 746 889 774 cuniis
910 745 969 774 val-

121 797 156 826 tis
177 795 354 833 implebitur,
376 799 400 823 et
421 795 516 823 onmis
537 802 620 822 mons
640 798 664 822 et
693 793 773 822 cottis
800 792 968 821 humiliabi—

121 848 170 873 tur
185 844 206 877 ⁵,
229 846 260 871 ut
281 851 357 871 nova
371 842 472 870 omnia
486 841 568 874 fiant;
592 844 673 875 tunc,
695 840 821 869 veniente
843 840 876 868 ad
898 839 968 868 iudi-

121 890 192 920 cium
215 889 331 918 Domino
353 888 517 921 maiestatis,
538 888 645 916 videbit
672 887 766 916 omnis
795 895 866 915 caro
887 886 968 914 satu-

122 940 184 965 tare
207 936 267 969 Dei,
289 936 316 964 id
336 939 378 964 est
399 936 497 969 lesum,
519 935 688 963 salvatorem
711 934 844 962 omnium.
878 933 968 969 Impli-

122 986 220 1013 cantur
251 986 343 1012 autem
376 983 429 1010 tria
461 982 486 1010 in
519 982 605 1010 verbo
631 982 700 1015 isto,
732 981 822 1017 primo
844 980 970 1009 videlicet

122 1030 321 1060 certitudinalis
348 1028 548 1066 manifestatio
580 1028 774 1061 occultorum,
803 1030 830 1056 et
861 1027 913 1055 hoc
941 1026 967 1054 in

121 1077 205 1106 verbo
219 1076 338 1105 videndi
344 1087 353 1109 ;
375 1079 441 1105 tunc
453 1076 525 1104 enim
541 1075 695 1104 videbimus
717 1074 791 1111 quod
813 1073 894 1102 modo
909 1081 968 1102 cre—

121 1124 227 1158 dimus;
248 1123 385 1157 secundo,
409 1122 545 1159 generalis
574 1121 751 1150 resurrectio
771 1124 968 1154 mortuorum,

121 1174 147 1200 et
169 1171 220 1199 hoc
243 1171 268 1198 in
291 1170 401 1199 nomine
429 1169 544 1202 carni&
574 1176 645 1205 quae
668 1168 760 1196 videre
785 1176 837 1195 non
861 1169 968 1204 posset,

121 1218 171 1247 nisi
195 1217 398 1250 resurrexerit;
423 1216 519 1249 tertio,
541 1215 632 1244 finalis
652 1215 778 1243 salvatio
799 1214 969 1247 electorum,

121 1265 149 1295 in
179 1265 229 1293 hoc
257 1264 331 1301 quod
362 1264 441 1292 dicit:
470 1263 611 1291 satutare.
642 1262 781 1290 Videbunt
806 1269 873 1297 ergo
906 1261 968 1288 mali

122 1312 226 1345 Iesum,
249 1311 381 1340 videbunt
402 1310 484 1339 etiam
506 1309 586 1343 boni,
609 1309 654 1337 sed
677 1309 774 1337 infelix
797 1308 864 1336 visio
886 1307 970 1335 malo-

123 1367 202 1392 rum,
224 1358 291 1387 felix
313 1358 382 1386 visio
403 1358 549 1386 bonorum.
580 1356 626 1385 Vis
647 1360 675 1384 tu
699 1355 785 1389 scire,
807 1355 898 1392 qualis
918 1354 971 1383 erit

123 1406 191 1435 visio
213 1405 361 1438 malorum,
384 1405 431 1441 qui
454 1404 586 1433 videbunt
607 1403 770 1432 Christum?
792 1403 913 1431 Recurre
938 1401 971 1429 ad

124 1452 353 1482 considerandum
376 1459 554 1488 progressum
570 1450 726 1478 naturalem
745 1450 772 1478 in
794 1449 917 1486 qualibet
934 1449 972 1476 vi-

124 1500 207 1529 sione.
241 1500 268 1528 ln
300 1499 403 1527 visione
429 1499 501 1527 enim
531 1498 621 1534 primo
650 1497 754 1533 species
785 1496 824 1524 rei
858 1495 972 1524 visibilis

124 1547 212 1576 oculis
233 1546 358 1575 exterius
379 1546 512 1579 offertum
534 1544 632 1573 deinde
653 1544 743 1580 imago
772 1543 889 1572 interius
917 1542 972 1571 for-

123 1596 231 1627 matur3
254 1593 344 1627 tertio,
366 1592 484 1629 quadam
506 1591 701 1620 assimilatione
716 1591 775 1627 ipsa
790 1590 923 1619 memoria
944 1589 972 1617 in

124 1644 216 1670 actum
233 1640 431 1669 recordationis
446 1642 610 1672 revocatur;
631 1641 741 1675 quarto,
757 1638 815 1674 ipsa
837 1637 907 1665 ratio
922 1645 972 1665 ex-

124 1688 234 1721 citatur,
256 1687 378 1720 confert,
400 1686 573 1723 negotiatur;
602 1686 715 1722 quinto,
745 1685 839 1721 aliqua
866 1684 973 1712 affectio

124 1734 262 1772 gignitur;
281 1736 378 1768 sexto,
399 1733 427 1762 in
449 1733 555 1762 actione
580 1733 674 1769 aliqua
702 1735 830 1760 movetur
862 1734 889 1759 et
919 1731 974 1759 sol-

123 1781 252 1811 licitatur.
274 1797 313 1801 -—
335 1781 363 1808 ln
384 1780 431 1808 illa
451 1788 517 1816 ergo
541 1779 658 1813 visione,
688 1786 771 1815 quam
800 1777 909 1814 reprobi
933 1777 974 1805 vi-

124 1828 243 1862 debunt,
273 1831 357 1856 erunt
388 1827 491 1856 scilicet
520 1826 658 1855 Maiestas
684 1826 769 1859 irata,
797 1824 973 1862 iiizayinatio

125 1877 314 1908 consternata,
343 1874 486 1902 memoria
514 1873 649 1910 patefacta
673 1876 700 1901 et
729 1876 867 1905 reserata,
895 1871 973 1899 ratio

125 1921 249 1955 attonita,
271 1921 400 1950 conclusa
421 1924 449 1950 et
475 1921 641 1954 dementata,
673 1919 785 1957 affectio
817 1918 973 1956 quadrifor-

127 1968 207 1996 miter
229 1967 402 2004 perturbata,
417 1967 542 1995 actionis
558 1966 676 1995 libertas
690 1966 780 1995 ablata
795 1969 878 2002 atque
894 1973 974 2002 prae-

125 2016 210 2044 clusa.

205 2063 221 2090 l.
231 2062 369 2091 Videbunt
383 2070 450 2099 ergo
464 2061 643 2090 Maiestatem
654 2061 765 2089 iratam
778 2068 831 2088 non
845 2060 871 2088 iu
883 2060 973 2097 specie

127 2117 193 2143 sua,
222 2109 269 2138 sed
291 2110 317 2137 in
341 2110 381 2137 ira
402 2112 429 2138 et
450 2109 545 2137 furore
571 2116 637 2141 suo;
667 2108 713 2145 qui
736 2108 808 2136 enim
835 2107 861 2135 in
884 2107 975 2143 primo

126 2156 245 2185 adventu
267 2156 342 2184 venit
364 2156 476 2184 humilis
498 2164 548 2192 pro
578 2155 766 2191 redemptione
797 2158 974 2191 peccatorum

126 2203 154 2232 in
176 2203 296 2232 secundo
317 2203 461 2239 apparebit
483 2202 615 2231 terribilis
638 2209 688 2238 pro
709 2200 907 2238 ingratitudine
923 2208 975 2228 ma-

126 2251 228 2285 lorum,
249 2254 276 2279 et
297 2250 344 2287 qui
367 2250 446 2278 bonis
467 2250 611 2286 apparebit
629 2248 747 2277 blandus
769 2248 907 2285 perversis
928 2256 975 2284 ap-

126 2297 234 2334 parebit
256 2298 358 2331 iratus;
381 2298 469 2325 Lucae
492 2296 623 2333 vigesimo
638 2296 728 2332 primo
742 2296 769 2323 ⁶:
799 2296 878 2323 Time
899 2294 977 2322 vide-

127 2344 198 2373 bunt
220 2344 329 2372 Filium
351 2343 477 2372 homini-9
499 2343 654 2371 venientem
682 2343 713 2371 iii
741 2342 816 2370 nube
838 2351 904 2370 citui
925 2350 975 2378 po-

128 2395 226 2420 testate
246 2399 357 2428 magna
385 2395 409 2419 et
437 2390 594 2419 maiestate.
624 2390 693 2418 Cum
714 2389 908 2426 aggravatione
938 2389 975 2417 lo-

127 2438 225 2476 quitur
247 2438 395 2471 Dominus,
418 2438 496 2474 quasi
519 2437 606 2465 dicat:
631 2440 695 2465 tunc
717 2436 850 2465 videbunt
866 2435 976 2464 venien-

128 2488 182 2514 tem
206 2486 232 2513 in
255 2484 405 2518 iudicium,
428 2492 510 2520 quem
540 2484 690 2512 noluerunt
719 2483 813 2511 videre
841 2482 975 2511 iacentem

128 2532 155 2560 in
186 2531 344 2568 praesepio,
374 2530 536 2567 pendentem
567 2530 594 2557 in
623 2529 762 2566 patibulo,
791 2529 919 2557 latentem
949 2528 974 2556 in

129 2579 320 2611 Sacramenm,
343 2578 482 2606 sedentem
509 2581 535 2605 et
564 2577 755 2605 admonentem
783 2576 809 2603 in
832 2576 922 2609 caelo,
950 2579 978 2604 et

194 2723 201 2736 ²
220 2724 302 2746 psalm.
320 2724 357 2751 83,
375 2724 396 2745 3.
770 2721 778 2734 2
797 2722 878 2744 psalm.
897 2722 938 2749 62,
956 2723 978 2744 2.

192 2762 201 2775 ³
215 2763 254 2785 Hic
265 2763 415 2790 transcriptus
428 2764 499 2784 estex
510 2762 591 2784 codice
602 2761 730 2783 Florentino
741 2761 844 2783 biblioth.
857 2761 979 2783 Nationalis

131 2802 148 2824 U
167 2801 200 2830 (n.
217 2802 253 2824 Vl.
272 2802 296 2824 E.
317 2801 393 2830 1017.)
412 2802 448 2823 tol.
470 2801 495 2823 10
514 2808 536 2823 v.
562 2804 584 2823 el
609 2801 706 2823 multum
732 2804 849 2823 correctus
874 2800 979 2823 subsidio

131 2841 217 2863 codicis
234 2840 352 2863 Tudertini
372 2841 389 2861 V
410 2841 442 2868 (n.
463 2840 522 2867 161.)
541 2840 578 2862 fol.
597 2840 639 2862 107
658 2846 681 2861 v.
847 2839 856 2851 ⁴
875 2840 939 2862 Vers.
957 2840 979 2861 6.

194 2879 202 2891 ⁵
221 2880 275 2902 Luc.
296 2880 319 2906 3,
336 2880 362 2907 5;
380 2879 464 2902 deinde
482 2879 603 2906 respicitur
621 2880 691 2906 Apoc.
710 2879 747 2905 21,
765 2879 788 2900 5.

195 2917 204 2930 ⁶
222 2918 287 2940 Vers.
305 2918 342 2940 27.
797 2915 805 2929 ⁷
826 2918 885 2940 loan.
904 2918 923 2945 l,
946 2917 978 2939 14.

194 2956 203 2969 ‘³
222 2958 287 2980 Vers.
306 2958 348 2984 20;
366 2957 469 2986 sequitur
488 2958 520 2979 ΡΞ.
540 2958 566 2985 6,
584 2958 605 2979 2.

1826 164 1861 191 79

1022 235 1069 271 qui
1092 238 1318 272 contempserunt
1336 237 1455 273 plenum
1468 238 1585 275 yratiae
1605 242 1631 266 et
1650 238 1781 267 veritatis
1793 239 1802 256 ⁷
1824 240 1864 267 vi-

1022 281 1127 310 debunt
1147 282 1258 318 plenum
1280 283 1337 312 irae
1358 286 1385 312 et
1407 284 1574 318 severitatis;
1598 284 1643 313 lob
1664 284 1794 321 vigesimo
1808 286 1864 322 pri-

1021 335 1066 355 mo
1081 327 1108 355 8:
1137 328 1276 357 Videbunt
1296 330 1373 358 ocati
1393 330 1455 358 eiits
1476 330 1701 367 interfectionem
1721 340 1819 366 stiam,
1841 336 1865 360 et

1022 373 1056 401 de
1076 373 1180 411 furore
1205 375 1412 412 Omnipotentts
1438 376 1516 405 bibet.
1548 378 1682 411 Domine,
1704 387 1738 406 ne
1759 378 1790 406 iii
1817 377 1865 415 fu-

1022 428 1090 447 rore
1111 424 1160 448 tuo
1188 429 1303 459 aryaas
1323 431 1378 457 me,
1399 432 1488 461 neque
1515 424 1545 452 iu
1567 424 1617 452 ira
1638 428 1690 453 tua
1717 425 1865 462 corripias

1022 474 1074 494 me.
1099 466 1155 494 Erit
1176 467 1248 496 enim
1270 469 1312 497 ira
1332 469 1359 497 in
1381 470 1476 504 vultu,
1498 470 1538 498 ira
1561 471 1587 499 in
1609 471 1750 505 comitatu,
1776 471 1815 499 ira
1837 471 1864 499 in

1023 516 1167 548 apparatu.

1102 560 1130 588 11.
1147 560 1211 589 Visa
1229 562 1367 591 Maiestate
1381 563 1449 591 irata
1464 564 1604 598 exterius,
1620 565 1746 601 sequitur
1760 565 1865 602 imagi-

1025 606 1104 634 natio
1126 611 1311 636 consternata
1333 609 1463 642 interius;
1486 611 1637 646 Sapientiae
1662 611 1758 648 quinto
1773 612 1798 639 ⁹:
1821 612 1865 640 Vi-

1024 653 1119 681 dentes
1141 653 1340 683 turbabuntur
1362 656 1463 684 timore
1484 656 1626 685 horribili.
1652 658 1728 693 Quod
1756 658 1793 686 sic
1820 666 1865 695 pa—

1024 703 1078 728 tet:
1100 708 1145 729 res
1167 709 1264 737 magna
1285 702 1391 730 noviter
1412 704 1584 738 apprehensa
1604 708 1719 740 occupat
1739 705 1867 741 imagina-

1026 747 1107 775 tivam
1137 755 1187 775 sua
1215 748 1418 784 magnitudine,
1451 749 1472 776 si
1504 753 1596 778 autem
1627 754 1668 778 est
1695 759 1748 778 non
1778 752 1865 779 solum

1025 801 1138 829 magna,
1161 793 1208 822 sed
1229 794 1376 828 terribiliS,
1398 797 1464 823 tunc
1486 804 1539 823 non
1569 796 1656 824 solum
1682 801 1797 833 occupat
1818 806 1867 826 sua

1024 839 1227 876 magnitudine,
1250 840 1297 869 sed
1318 844 1431 877 quassat
1452 842 1637 876 terribilitate;
1660 846 1687 871 et
1705 843 1726 871 si
1750 844 1866 872 ulterius

1024 894 1122 923 magna
1144 890 1185 915 est
1207 889 1234 915 et
1255 887 1387 916 terribilis
1408 891 1434 916 et
1456 888 1536 916 etiam
1559 888 1727 917 incurribilis
1742 890 1765 906 ¹⁰
1780 893 1807 917 et
1822 898 1868 917 no-

1025 933 1100 967 civa,
1123 937 1189 961 tunc
1210 942 1265 962 non
1281 934 1370 962 solum
1387 938 1504 971 occupat
1524 935 1727 971 imaginativam
1743 944 1793 963 sua
1813 944 1869 964 ma-

1025 980 1168 1016 gnitudine
1184 984 1210 1009 et
1231 984 1343 1017 quassat
1365 989 1415 1009 sua
1436 981 1624 1015 terribilitate,
1647 982 1693 1010 sed
1714 985 1871 1010 consternat

1026 1034 1076 1055 sua
1090 1026 1289 1055 immobilitate.
1306 1027 1387 1056 Putas
1402 1035 1483 1064 ergo,
1499 1028 1572 1064 quod
1587 1028 1700 1056 stabunt
1714 1028 1739 1056 in
1757 1028 1871 1064 pedibus

1027 1073 1085 1102 suis
1107 1073 1240 1110 reprobi?
1262 1074 1410 1102 Malachiae
1425 1074 1507 1103 tertio
1523 1076 1560 1102 ¹¹:
1582 1075 1653 1110 Quis
1671 1075 1775 1111 poterit
1796 1075 1872 1112 συρί-

1026 1123 1089 1148 tare
1111 1120 1186 1148 diem
1208 1121 1350 1149 adventus
1371 1121 1451 1155 eius,
1473 1125 1498 1149 et
1518 1121 1584 1159 quis
1604 1121 1690 1149 stabit
1716 1122 1755 1149 ad
1775 1122 1872 1150 viden-

1025 1167 1097 1195 dum
1118 1167 1208 1195 eum?
1230 1167 1398 1196 Corruentes
1416 1175 1482 1204 ergo
1497 1168 1633 1201 iacebunt,
1655 1168 1820 1196 consternati
1839 1168 1871 1196 ad

1027 1214 1159 1242 visionem
1174 1214 1363 1247 durissimam,
1377 1214 1411 1242 de
1422 1222 1478 1251 qua
1493 1215 1574 1242 Isaiae
1589 1215 1721 1250 vigesimo
1736 1215 1825 1251 primo
1834 1215 1871 1242 l2:

1029 1261 1152 1296 Corriti,
1174 1270 1240 1289 eum
1263 1261 1416 1294 afflinem,-
1438 1261 1630 1289 conturbatus
1650 1270 1732 1295 sum,
1751 1270 1816 1290 cuin
1832 1262 1873 1290 vi-

1016 1308 1131 1337 derem.
1159 1308 1291 1342 Adverte,
1314 1311 1449 1345 quantum
1479 1312 1544 1337 tunc
1566 1309 1697 1345 puniatur
1719 1309 1765 1337 illa
1786 1317 1873 1337 mere-

1001 1369 1003 1371 *
1028 1356 1085 1384 trix
1108 1359 1134 1384 et
1158 1355 1369 1392 prostibularia,
1392 1355 1493 1384 scilicet
1517 1355 1689 1392 imaginativa
1704 1352 1758 1384 'seu
1786 1356 1874 1392 phan-

1028 1403 1111 1437 tasia,
1135 1403 1232 1439 inqua
1257 1406 1295 1431 tot
1316 1402 1453 1431 adulteria
1468 1405 1533 1431 sunt
1554 1402 1713 1436 commissa;
1736 1403 1803 1431 etin
1820 1411 1874 1439 qua

1029 1450 1144 1478 fuerunt
1169 1450 1247 1486 prius
1275 1450 1368 1478 foedae
1390 1449 1609 1486 compositiones,
1632 1453 1696 1478 tunc
1718 1453 1798 1478 erunt
1820 1450 1874 1478 dis-

1028 1497 1179 1525 solutiones
1193 1500 1220 1525 et
1235 1496 1414 1530 defectiones;
1431 1496 1536 1524 Nahum
1553 1496 1673 1524 secundo
1690 1497 1727 1524 15;
1746 1496 1874 1524 Dissolu-

1029 1544 1067 1572 tio
1088 1543 1291 1581 geniculorum
1313 1548 1338 1571 et
1359 1542 1477 1580 defectio
1499 1543 1530 1571 iit
1552 1543 1663 1571 cztrtctis
1685 1543 1810 1571 renibus
1827 1543 1874 1571 Ad-

1029 1595 1138 1619 vertant
1159 1594 1318 1627 peccatores
1338 1590 1405 1619 illud
1434 1590 1552 1619 Danielis
1579 1590 1683 1619 decimo
1699 1591 1737 1618 ¹4:
1757 1591 1874 1619 Domine

1029 1638 1087 1671 mi,
1110 1638 1141 1666 iii
1161 1637 1271 1666 visione
1292 1641 1345 1665 tua
1367 1636 1523 1665 dissolutae
1541 1640 1771 1674 sitiztcompctqes
1784 1645 1873 1671 meae,

1029 1689 1054 1714 et
1075 1684 1151 1713 iiiltit
1171 1685 1202 1713 in
1224 1693 1268 1713 nie
1289 1684 1431 1713 remansit
1452 1684 1571 1712 viriam.
1594 1684 1618 1712 Si
1641 1684 1713 1713 enim
1741 1684 1875 1720 Propheta

1029 1732 1056 1760 in
1079 1732 1183 1760 visione
1204 1732 1295 1768 Angeli
1318 1740 1370 1759 non
1394 1731 1505 1768 quidem
1526 1731 1677 1765 irascentis,
1699 1731 1745 1759 sed
1768 1731 1875 1759 insolite

1029 1779 1195 1816 apparentis,
1218 1778 1270 1807 fuit
1284 1778 1322 1806 ita
1336 1781 1505 1814 prostratus;
1527 1777 1663 1814 quomodo
1678 1785 1730 1805 non
1747 1778 1799 1806 erit
1813 1785 1876 1814 pec-

1030 1829 1106 1855 cator
1128 1826 1161 1854 ad
1183 1826 1314 1854 visionem
1337 1825 1399 1853 irati
1422 1825 1520 1853 iudicis
1541 1827 1754 1861 prosternatus?

1110 1873 1148 1901 Ill.
1171 1873 1235 1901 Visa
1259 1873 1398 1901 Maiestate
1430 1873 1499 1900 irata
1526 1876 1553 1901 et
1574 1872 1632 1908 ipsa
1653 1872 1827 1908 imaginativa
1848 1872 1875 1900 in

1030 1919 1223 1956 peccatoribus
1244 1921 1428 1952 consternata,
1443 1918 1496 1947 erit
1513 1919 1656 1946 memoria
1671 1918 1697 1946 in
1713 1918 1759 1946 illa
1773 1918 1876 1946 visione

1028 1965 1179 2003 patefacta
1199 1969 1226 1994 et
1248 1969 1394 1999 reserata,
1416 1966 1454 1994 ita
1475 1969 1506 1994 ut
1527 1966 1640 1994 ebulliat
1661 1968 1688 1993 et
1709 1968 1816 1993 evomat
1843 1964 1876 1993 de

1030 2013 1160 2041 omnibus
1181 2013 1239 2041 suis
1261 2012 1443 2049 receptaculis
1464 2012 1685 2045 multitudinem,
1711 2011 1876 2048 magnitudi—

1031 2068 1093 2089 nem
1115 2063 1142 2088 et
1164 2059 1365 2096 turpitudinen]
1382 2062 1574 2095 peccatorum,
1596 2061 1725 2087 eructans
1746 2061 1773 2086 et
1787 2066 1876 2086 exun-

1030 2107 1098 2135 dans
1119 2110 1182 2135 ante
1204 2107 1299 2135 oculos
1320 2109 1383 2134 tuos
1398 2106 1470 2135 sicut
1490 2106 1664 2134 cataclismus
1678 2105 1784 2138 omnia,
1806 2112 1877 2141 quae

1030 2154 1132 2187 fecisti;
1163 2154 1196 2182 de
1225 2162 1279 2190 qua
1308 2153 1413 2182 visione
1442 2154 1631 2190 interrogatur
1659 2155 1802 2189 peccator,
1832 2151 1876 2180 lob

1032 2201 1173 2238 trigesimo
1187 2205 1284 2229 octavo
1296 2201 1335 2229 ¹⁵:
1348 2200 1490 2238 Nituqitict
1505 2203 1623 2236 apertae
1633 2202 1702 2227 stc-nt
1712 2198 1764 2226 tibi
1774 2202 1877 2235 portae

1032 2248 1146 2281 mortis,
1168 2251 1191 2275 et
1213 2248 1288 2276 ostia
1304 2247 1453 2276 tenebrosa
1467 2247 1568 2275 vidisti
1577 2246 1590 2274 ἴ)
1605 2246 1682 2283 quasi
1704 2245 1790 2273 dicat:
1806 2247 1875 2273 non!

1032 2294 1109 2323 Modo
1130 2294 1219 2327 enim,
1241 2302 1257 2322 o
1278 2297 1421 2330 peccator,
1443 2301 1497 2321 non
1520 2293 1595 2321 vides
1622 2292 1794 2320 tenebrosam
1816 2298 1877 2327 spe-

1033 2341 1143 2369 luncam
1165 2341 1348 2369 conscientiae
1369 2344 1448 2374 tuae,
1471 2339 1591 2368 clausisti
1614 2347 1672 2367 eam
1692 2342 1718 2366 et
1733 2337 1877 2366 thesauri-

1033 2396 1089 2416 zas·
1111 2387 1162 2416 tibi
1183 2387 1262 2415 iram
1291 2388 1321 2415 in
1349 2387 1423 2416 diem
1454 2387 1517 2415 irae
1545 2390 1568 2414 et
1596 2384 1779 2413 revelationis
1805 2384 1878 2412 iasa·

1033 2435 1141 2463 iudicii
1171 2435 1221 2463 Dei
1236 2435 1268 2462 ¹⁶.
1296 2434 1346 2463 Sed
1375 2434 1535 2470 aperientur
1557 2433 1625 2461 ostia
1647 2431 1793 2459 tenebrosa
1821 2438 1878 2458 me-

1034 2481 1137 2510 moriae
1158 2484 1222 2509 tuae
1243 2484 1270 2509 et
1292 2480 1486 2513 conscientiae,
1508 2483 1539 2508 ut
1555 2479 1645 2507 videas
1660 2482 1694 2506 te.
1710 2477 1878 2514 Augustinus

1033 2537 1117 2565 super
1140 2528 1206 2557 illud
1229 2528 1326 2557 Psalmi
1342 2528 1381 2555 ¹⁷:
1404 2528 1540 2564 Aryztctm
1573 2530 1612 2559 te,
1634 2526 1686 2553 ait:
1714 2524 1818 2561 «Quod
1847 2527 1877 2552 tu

1034 2579 1095 2612 post
1116 2575 1229 2604 dorsum
1253 2575 1384 2612 posuisti,
1406 2582 1456 2611 ego
1470 2577 1532 2602 ante
1548 2573 1642 2601 faciem
1665 2575 1739 2600 tuam
1762 2578 1877 2608 ponam;

1097 2720 1106 2733 ⁹
1125 2722 1191 2743 Vers.
1208 2722 1230 2743 2.

1098 2759 1118 2772 ¹⁰
1135 2760 1190 2783 Cod.
1209 2760 1227 2781 V
1246 2757 1407 2784 immutabitis,
1425 2761 1446 2779 et
1464 2757 1519 2778 infra
1537 2753 1725 2778 immutabilitate
1738 2759 1779 2780 pro
1797 2752 1877 2774 [mmo-

1036 2799 1131 2822 bilitute.

1099 2837 1117 2850 ¹¹
1136 2838 1202 2860 Vers.
1220 2838 1242 2859 2.

1099 2876 1118 2889 ¹³
1137 2878 1200 2899 Vers.
1223 2877 1255 2897 10.
1717 2868 1736 2881 ¹⁴
1755 2869 1818 2890 Vei-s.
1840 2869 1874 2890 16.

1099 2915 1119 2928 ¹⁵
1137 2916 1202 2937 Yers.
1221 2915 1257 2936 Ἰ17.
1695 2907 1714 2920 ¹⁶
1731 2909 1797 2930 Rom.
1815 2908 1837 2934 2,
1855 2908 1877 2929 5.

1100 2954 1119 2967 ¹⁷
1132 2955 1213 2977 Psalm.
1223 2954 1260 2980 49,
1272 2954 1296 2975 21
1308 2961 1312 2981 ;
1324 2953 1387 2974 locus
1397 2950 1515 2979 Augustini
1526 2953 1559 2972 est
1569 2950 1668 2971 Enarrat.
1681 2948 1702 2970 in
1713 2948 1747 2970 Ps.
1757 2947 1793 2969 49.
1805 2953 1826 2968 n.
1839 2947 1875 2969 28.

1735 2829 1754 2842 ¹³
1772 2830 1836 2851 Vers.
1854 2830 1875 2851 3.

1882 571 1909 590 De
1920 572 2009 591 seeundo.

1893 1875 1920 1895 De
1933 1876 1995 1895 tertio.
