2243 3348
243 923 310 942 Contra
324 928 355 941 eos

236 947 269 970 qui
283 952 319 965 non
332 947 363 965 ha-

239 971 284 989 bent
296 970 363 988 exila-

238 1297 284 1316 Pars
297 1297 318 1315 11.
333 1297 359 1315 De

231 1321 326 1340 creatione
339 1321 363 1338 ad

242 1344 349 1362 similitudi-

237 1373 280 1386 nem
292 1368 357 1386 huma-

230 1391 295 1409 nitatis
307 1391 360 1409 Chri-

231 1415 255 1433 sti
264 1414 363 1438 triplicem.

248 1438 312 1461 Quoad
325 1439 351 1456 vi—

246 1719 265 1737 S.
279 1719 353 1737 Franci>

273 1747 321 1761 scus.

244 2327 360 2350 Temporalin

249 2353 291 2368 sunt
304 2355 356 2368 vana.

242 2536 293 2558 nem,
309 2537 364 2554 insta-

277 2560 328 2578 bilia.

380 142 436 170 584

378 227 442 248 suos
465 218 561 246 habuit
575 217 728 245 mirabilem
744 214 895 246 caritatem,
910 212 975 248 quia
990 212 1047 247 ipse
1065 212 1092 238 et
1110 209 1219 236 Fratres

377 265 418 293 sui
443 264 634 292 ministrabant
665 261 781 289 infirmis
802 263 828 288 et
849 258 1020 290 serviebant,
1049 255 1219 292 quaerebant

376 312 415 340 eis
437 311 538 339 victum
560 313 586 337 et
608 307 793 345 procurabant
812 305 940 333 manibus
961 303 1089 340 propriis,
1112 301 1220 329 stabant

377 358 403 385 in
426 356 606 393 hospitalibus
627 358 654 383 et
674 353 802 381 domibus
825 352 997 387 leprosorum
1029 352 1056 377 et
1077 347 1219 376 miserabi-

377 405 442 432 lium
466 409 646 439 personarum
676 403 702 428 et
730 406 827 427 eorum
857 397 903 434 qni
933 404 987 424 non
1010 396 1137 432 poterant
1168 393 1218 421 sibi

376 449 538 481 subvenire,
560 447 646 475 eleis
674 445 830 474 serviebant
858 448 885 472 et
912 442 1112 470 ministrabant.
1140 440 1219 468 Certe

376 499 482 532 poterat
502 494 534 522 dc
558 494 602 521 illo
623 492 673 520 dici
698 491 763 519 illud
788 490 882 519 Psalmi
897 491 921 517 ¹:
945 487 1098 516 Iucunda-r
1119 486 1219 519 homo,

375 542 426 579 qui
446 541 599 569 miseretur
621 543 644 567 et
666 537 830 566 commodat
850 539 901 565 etc.
925 536 1086 567 Advocatus,
1108 533 1154 570 qui
1173 533 1219 561 ha-

376 589 421 616 bet
443 595 553 615 causam
575 593 667 614 eoram
691 584 779 612 iudice
795 584 903 616 bonam,
926 581 1065 610 iucundus
1087 580 1160 608 vadit
1175 588 1219 607 co-

375 643 433 663 ram
458 634 555 666 iudice,
577 633 641 669 quia
662 632 722 664 scit,
744 630 817 667 quod
836 630 903 657 bene
926 627 1101 664 respondebit
1116 626 1149 654 de
1170 634 1220 654 sua

375 688 457 709 causa
472 682 521 715 (et)
536 679 569 707 de
587 678 746 715 quaestione
768 684 832 709 sua;
855 676 893 704 sic.
915 675 1005 703 iustus
1024 674 1105 702 homo
1127 680 1219 701 coram

376 727 465 755 ludice
487 734 594 755 summo
613 725 665 754 erit
680 724 827 753 iucundus.
844 723 874 750 Et
890 722 987 750 beatus
1006 720 1166 748 Franciscus
1180 719 1220 747 di-

375 777 433 802 cet:
457 772 598 809 Infirmus
620 772 703 804 fuisti,
726 777 752 799 et
766 778 816 807 ego
832 768 950 797 visitavi
965 772 1006 801 te;
1021 768 1121 795 nudus
1136 766 1220 800 suisti,

376 824 402 849 et
423 828 473 857 ego
501 819 638 856 cooperui*
662 819 711 846 te2
740 822 790 846 etc.
822 817 851 845 Et
883 820 947 844 tunc
982 815 1092 843 habebit
1122 814 1219 842 bonam

376 867 537 896 sententiam
559 869 586 894 et
606 865 752 902 gratiosam
783 872 832 900 pro
858 871 901 896 se,
928 870 991 890 cum
1019 861 1090 890 dicet
1119 861 1220 889 ludex:

383 913 484 946 Venite,
504 912 641 940 benedieti
661 911 762 939 Patris
777 911 832 938 mer?
849 913 900 938 etc.
917 924 953 929 —-
971 908 1007 936 De
1023 908 1074 936 hoc
1089 907 1222 936 deberent

378 960 502 989 homines
516 960 634 987 multum
650 959 778 994 cogitare.
798 958 851 985 Vae
867 956 933 984 illis!
951 955 997 992 qui
1015 954 1140 983 nesciunt
1156 957 1221 982 tunc

378 1006 559 1043 respondere,
585 1006 631 1042 qui
662 1013 713 1033 non
744 1004 812 1032 bene
835 1006 967 1039 poterunt
988 1002 1080 1030 dicere
1106 1001 1222 1029 Domino

376 1054 491 1082 dicenti:
517 1052 650 1085 Esarz’vz‘,
673 1055 699 1080 et
720 1059 770 1088 ego
786 1050 865 1079 refeci
889 1053 930 1083 te;
945 1049 1042 1084 sitini,
1064 1055 1090 1080 et
1109 1056 1159 1086 ego
1176 1057 1221 1085 po-

376 1100 429 1128 tavi
454 1103 494 1132 te,
519 1099 623 1127 visitavi
639 1102 690 1127 etc.
706 1098 870 1126 Tales-enim
893 1097 1096 1133 exspectabunt
1111 1101 1220 1126 senten-

376 1147 439 1174 tiam
461 1146 580 1174 divinam
604 1148 699 1173 contra
721 1152 764 1177 se,
787 1144 870 1177 illam,
893 1144 1015 1180 inquam,
1037 1153 1093 1181 qua
1113 1144 1221 1173 dicetur

376 1193 430 1222 eis:
452 1193 508 1226 Ite,
532 1192 693 1225 nuttedicli,
718 1192 747 1220 iu
770 1191 863 1228 iyuem
886 1195 1038 1219 aeternnm
1058 1194 1109 1220 etc.

455 1240 482 1267 ll.
507 1240 588 1271 ltem,
611 1239 707 1268 beatus
729 1238 889 1266 Franrlscus
911 1237 962 1266 fuit
984 1241 1095 1266 creatus
1116 1238 1156 1266 act
1183 1238 1222 1266 se?-

376 1288 567 1316 militudinem
592 1286 771 1315 humanitatis
792 1285 909 1317 Christi,
932 1285 1057 1313 videlicet
1085 1288 1220 1322 quantum

376 1334 408 1362 ad
433 1334 484 1362 tria
498 1334 518 1366 ³,
540 1336 674 1370 quantum
698 1332 730 1360 ad
754 1332 861 1365 vitam,
883 1335 1018 1368 quantum
1047 1331 1081 1359 ad
1107 1331 1222 1368 passio-

376 1390 440 1410 nem
461 1384 487 1409 et
515 1384 649 1417 quantum
678 1379 710 1407 ad
738 1379 988 1407 resurrectionem.
1018 1395 1056 1399 ——
1082 1378 1221 1414 Quantum

376 1428 408 1456 ad
431 1428 531 1461 vitam,
553 1427 617 1463 quia
639 1426 772 1454 Dominus
793 1426 875 1454 duxit
897 1426 979 1453 vitam
1004 1425 1030 1453 in
1061 1428 1222 1461 paupertate

375 1478 402 1503 et
424 1474 585 1502 humilitate.
617 1474 653 1501 De
684 1473 744 1501 eius
776 1476 938 1509 paupertate
970 1472 1072 1501 dicitur
1101 1473 1127 1500 in
1156 1472 1222 1500 Mat-

375 1522 492 1549 thaeo4:
516 1520 615 1557 Vulpes
636 1518 736 1556 foveas
757 1518 870 1552 liabent,
892 1523 918 1547 et
941 1519 1070 1547 uolucres
1091 1519 1165 1548 caeli
1178 1519 1223 1547 ni-

375 1568 443 1601 (los;
465 1568 559 1595 Filius
581 1571 677 1595 (tutem
700 1566 827 1595 homiui-s·
848 1575 906 1594 'non
935 1565 1034 1600 habet,
1059 1566 1109 1594 ubi
1133 1571 1223 1603 caput

376 1615 506 1647 reclinet,-
529 1614 601 1643 uude
622 1617 649 1643 et
670 1622 732 1642 cnm
756 1618 836 1642 natus
858 1615 961 1649 (esset),
984 1613 1036 1642 fuit
1058 1614 1163 1650 positus
1191 1614 1222 1642 in

374 1662 534 1699 praesepio,
556 1661 627 1699 quiet
648 1669 703 1689 nou
720 1664 783 1688 erat
798 1660 838 1688 eis
853 1660 933 1688 locus
948 1660 980 1688 iu
997 1660 1168 1689 diversorio.
1184 1677 1222 1680 —

376 1708 418 1737 Sic
438 1712 465 1737 et
487 1708 582 1736 beatus
604 1708 764 1736 Franciscus
778 1707 860 1735 duxit
876 1707 958 1735 vitam
975 1707 1000 1735 in
1018 1711 1180 1743 paupertate
1195 1711 1222 1735 et

376 1756 538 1784 humilitate.
560 1755 666 1789 Omnia,
689 1763 759 1792 quae
779 1754 905 1786 habebat,
922 1762 973 1791 pro
990 1755 1104 1783 Domino
1119 1755 1222 1783 dimisit

375 1807 401 1831 et
424 1803 591 1839 pauperibus
612 1802 748 1839 erogavit3
771 1806 798 1830 et
820 1802 921 1834 voluit,
944 1802 1017 1838 quod
1049 1801 1097 1830 filii
1124 1802 1166 1830 sui
1195 1805 1221 1830 et

375 1850 482 1878 Fratres
505 1850 541 1878 ita
563 1850 691 1877 facerent.
714 1849 805 1877 Noluit
826 1849 941 1877 enimin
964 1849 1122 1877 carnalibus
1146 1849 1222 1877 volu-

375 1897 496 1933 ptatibus
518 1900 544 1925 et
564 1896 668 1925 deliciis
690 1896 864 1929 commorari,
880 1896 958 1932 quia,
974 1896 1045 1924 sicut
1066 1895 1132 1924 dicit
1153 1897 1222 1932 Apo-

376 1944 470 1977 stolus,
493 1944 544 1981 (μα’
566 1944 595 1971 in
616 1952 705 1971 carue
719 1948 787 1971 sunt
806 1944 859 1971 Deo
872 1943 988 1980 placere
1006 1952 1064 1971 iton
1082 1947 1222 1980 possunt,-

376 1994 401 2018 et
422 1991 449 2018 in
472 1991 541 2018 libro
563 1991 715 2026 Sapientiae
730 1990 740 2006 ⁵
762 1990 873 2023 dicitur,
895 1990 967 2027 quod
998 1990 1128 2027 Spiritus
1152 1999 1222 2018 san-

376 2041 439 2065 ctus
459 2037 631 2073 discipliuae
652 2036 766 2074 esfztyiec
785 2037 885 2073 fictum
908 2042 932 2065 et
954 2037 1069 2074 auferet
1086 2046 1116 2066 se
1137 2046 1155 2066 ct
1177 2046 1222 2066 co-

374 2083 574 2122 gradientem,
596 2092 670 2122 quae
690 2088 758 2112 ,sicut
780 2084 841 2112 sine
860 2084 1010 2118 intellectu,
1033 2085 1098 2121 quia
1120 2085 1222 2121 princi-

376 2132 451 2168 pium
474 2139 569 2159 eorum
585 2134 626 2159 est
647 2140 662 2159 a
677 2131 868 2165 sensualitate,
892 2140 944 2160 non
960 2140 975 2160 a
991 2132 1105 2160 rationis
1119 2132 1222 2161 discre-

377 2178 449 2206 tione
470 2181 497 2206 et
522 2177 693 2206 rectitudine.
710 2178 794 2206 Multa
815 2178 938 2215 pericula
959 2182 1024 2207 sunt
1046 2179 1072 2206 in
1096 2179 1222 2207 habendo

377 2225 428 2253 ista
449 2224 619 2261 temporalia.
643 2225 719 2253 Tunc
741 2228 812 2253 esset
833 2225 955 2261 (melius)
981 2233 1013 2253 ea
1035 2234 1089 2253 non
1119 2226 1222 2255 habere

377 2275 403 2300 et
424 2279 455 2299 ea
470 2280 522 2300 non
538 2276 675 2308 appetere.
692 2272 743 2300 Ista
758 2272 829 2300 enim
846 2272 1008 2308 temporalia
1020 2281 1073 2301 uon
1089 2272 1222 2301 debemus

377 2321 521 2354 appetere,
543 2319 607 2355 quia
627 2327 707 2346 vana
735 2322 814 2352 suut,
837 2319 908 2347 sicut
936 2319 1001 2348 dicit
1031 2319 1220 2348 Ecclesiastes:

384 2365 503 2392 Vctnitcts
523 2365 690 2393 vanitatum
711 2369 761 2394 etc.
785 2365 865 2394 Nz'lzzt
895 2366 970 2394 euim
994 2370 1147 2403 permanet
1168 2366 1221 2394 sztb

377 2411 440 2439 sote.
463 2412 532 2439 Sunt
552 2412 623 2440 enim
646 2412 717 2440 sicut
738 2412 892 2446 somnium;
914 2413 988 2441 unde
1020 2413 1046 2441 in
1070 2413 1177 2442 Psalmo
1192 2413 1220 2441 ⁶:

381 2458 567 2486 Dormierunt
587 2467 719 2486 somnum
752 2467 857 2491 sittim,
889 2464 914 2487 et
944 2458 1019 2487 nz’lzi't
1050 2460 1221 2488 invenerunt

379 2512 474 2532 omnes
495 2504 554 2532 viri
574 2505 748 2533 divitiarum
770 2506 800 2533 in
822 2506 959 2534 inentibus
980 2507 1052 2534 Sitis.
1078 2523 1117 2527 ——
1139 2507 1221 2539 iterii,

379 2554 443 2578 sunt
465 2550 631 2584 instabilire,
653 2551 718 2587 quia
739 2560 792 2580 non
815 2556 902 2586 stant,
934 2553 981 2581 sed
1008 2553 1118 2589 fugiunt
1146 2553 1222 2582 velut

442 2731 448 2743 ¹
469 2732 550 2753 psalm.
573 2733 620 2759 ill,
638 2733 659 2754 5.
950 2758 962 2759 ἶ

442 2770 450 2782 ²
469 2772 544 2793 natm.
562 2771 598 2797 25,
617 2772 653 2794 36.
671 2776 693 2794 et
711 2772 762 2794 dein
782 2779 803 2794 v.
823 2773 859 2794 34.
878 2774 915 2795 35.
935 2773 970 2795 41.

442 2809 450 2821 ³
469 2810 491 2831 ln
508 2810 559 2832 cod.
586 2811 722 2833 Berolinensi
747 2812 762 2833 N
787 2811 884 2834 habetur
907 2812 927 2833 in
953 2813 1030 2835 ultima
1053 2817 1117 2841 parte
1140 2814 1222 2836 eadem

380 2848 470 2875 disigio,
487 2849 526 2870 sed
545 2850 608 2871 aliter
625 2851 734 2877 exposita.
753 2851 833 2872 Srrmo
851 2852 891 2873 iste
908 2855 940 2873 est
964 2852 992 2874 de
1010 2853 1092 2874 eodem
1109 2854 1222 2881 themate,

380 2887 428 2913 sed,
445 2892 536 2914 excepta
555 2888 588 2909 illa
607 2889 727 2916 divisione,
745 2896 839 2917 prorsus
857 2890 971 2913 dix-ersus.

442 2925 451 2937 *¹
469 2926 523 2953 Cap.
541 2927 562 2953 8,
580 2928 621 2953 “203
639 2931 766 2956 sequuntur
784 2929 837 2951 Luc.
856 2930 877 2956 2,
894 2929 916 2951 7.
935 2933 957 2951 et
975 2931 1041 2952 Rom.
1061 2931 1082 2957 8,
1101 2931 1122 2952 8.

1048 131 1220 161 SERMONES
1242 131 1284 158 DE
1306 129 1446 158 SANCTlS.

1277 207 1385 235 umbra.
1408 205 1482 234 Unde
1504 206 1648 242 Apostolus
1669 204 1747 237 dicit,
1769 204 1841 240 quod
1864 204 1994 232 mumius
2015 204 2122 233 transit

1275 257 1301 281 et
1322 252 1555 288 concupiscentia
1569 251 1649 284 eius;
1669 251 1811 287 praeterit
1825 250 1902 278 enim
1915 250 2017 287 liyitra
2032 249 2121 279 liuius

1277 298 1398 331 urzi-nd&
1419 301 1446 326 et
1468 297 1494 325 in
1517 297 1587 326 libro
1609 297 1776 333 Sapientiae:
1806 297 2001 325 Transierunt
2022 297 2122 325 omnia

1276 345 1327 373 itta
1349 349 1491 382 tanquam
1513 344 1629 373 umbra.
1653 344 1817 380 Exemplum
1832 344 1866 372 de
1887 343 1979 378 divite,
1994 343 2041 380 qui
2064 351 2122 373 cre—

1275 391 1343 420 didit
1364 391 1404 419 uti
1426 391 1528 419 divitiis
1544 391 1622 419 bonis
1638 391 1696 419 suis
1711 390 1736 424 ⁷;
1759 393 1786 419 et
1800 390 1904 419 dictum
1928 390 1979 419 suit
2000 390 2033 424 ei,
2049 390 2120 427 quod

1276 437 1322 465 illa
1343 440 1422 465 nocte
1444 440 1531 465 totum
1554 437 1706 466 amitteret:
1730 436 1836 470 Stulte,
1858 435 1913 465 liae
1941 441 2020 465 nocte
2044 445 2122 474 repe-

1277 488 1340 512 tunt
1363 484 1409 512 tibi
1433 484 1566 512 animam
1588 487 1670 512 tuam
1685 492 1704 512 (t
1726 488 1757 512 te.
1782 484 1862 520 Qttae
1880 488 1978 512 autem
1994 484 2121 521 parasti,

1276 531 1363 559 eitius
1384 530 1490 558 erunt?
1512 546 1548 551 —
1579 531 1660 564 ltem,
1686 533 1751 559 sunt
1773 530 1909 559 molestiis
1929 531 2031 567 plena,
2057 531 2122 568 quia
2138 527 2231 573 steps]

1276 585 1393 614 magnus
1415 577 1491 606 labor
1512 577 1594 606 estin
1609 577 1787 614 acquirendo,
1804 577 1886 606 timor
1908 578 1934 606 in
1951 577 2121 614 possidendO,
2140 562 2179 580 Μ’
2205 560 2231 595 '³¹'

1277 632 1311 652 ne
1334 624 1408 653 l'ures
1435 625 1545 653 veniant
1576 628 1602 653 et
1631 624 1766 658 latrones,
1796 624 1874 653 dolor
1906 625 1932 653 in
1964 625 2121 654 amittendo.

1278 672 1441 708 Exemplum
1463 671 1496 700 de
1520 672 1570 700 hoc
1593 672 1618 700 in
1642 672 1858 706 mercatoribus,
1880 672 1927 709 qui
1958 675 2063 701 tantum
2087 672 2123 700 la-

1278 718 1385 751 borant,
1408 721 1439 746 ut
1459 718 1569 747 divitias
1588 718 1743 755 acquirant,
1764 722 1802 747 tot
1824 719 1945 747 lustrant
1959 719 2123 756 provincias,

1278 772 1354 793 mare
1376 765 1505 801 navigant
1525 769 1552 794 et
1575 768 1734 798 transeunt;
1751 765 1847 794 timent
1862 765 1922 799 sibi,
1945 773 2008 794 cum
2030 766 2123 803 acqui-

1278 811 1401 845 sierunt,
1423 815 1449 839 et
1477 811 1569 840 dolent
1597 812 1719 848 graviter
1740 815 1768 840 et
1788 812 1960 849 affliguntur,
1988 820 2051 841 cum
2079 820 2124 841 eas
2171 809 2173 812 ’

1279 858 1406 895 perdunt.
1425 875 1459 878 —
1477 859 1528 887 lsta
1550 859 1604 887 tria
1617 859 1718 887 debent
1733 867 1782 887 nos
1797 859 1927 887 inducere
1942 859 1974 888 ad
1990 859 2042 888 ista
2057 862 2124 888 tem·
2144 865 2231 895 Unde-ni

1278 906 1383 942 poralia
1403 906 1611 940 contemnenda,
1628 909 1658 934 ut
1680 906 1776 935 saltem
1807 914 1860 934 non
1883 906 2072 935 desideremus
2093 914 2124 935 ea
2140 891 2243 932 cunigunt*

1279 961 1328 981 nec
1343 952 1498 989 diligamus.
1513 952 1678 989 Gregorius:
1700 965 1712 978 τι
1723 953 1946 982 Contemnendus
1960 956 2031 982 esset
2045 961 2124 982 mun-

1278 1000 1330 1028 dus
1353 1000 1411 1033 iste,
1433 1000 1482 1028 etsi
1507 1000 1591 1028 rebus
1620 1000 1760 1036 prosperis
1788 999 1910 1028 animum
1939 1000 2124 1034 demulceret;

1279 1050 1321 1080 at,
1345 1050 1489 1083 postquam
1512 1049 1552 1075 tot
1572 1046 1715 1075 doloribus
1738 1047 1837 1083 pulsat,
1863 1049 1902 1075 tot
1924 1046 2125 1076 calamitatibus

1280 1093 1419 1130 fatigatur,
1441 1097 1480 1122 tot
1503 1093 1580 1122 nobis
1602 1093 1724 1130 quotidie
1745 1093 1854 1122 dolores
1876 1093 2034 1130 ingeminat,
2059 1093 2124 1130 quid

1280 1141 1378 1169 clamat
1393 1140 1481 1173 aliud,
1498 1141 1547 1169 nisi
1565 1144 1595 1169 ut
1611 1149 1663 1169 non
1680 1148 1813 1174 amemus,
1829 1140 1870 1169 vel
1887 1143 1918 1169 ut
1939 1140 2077 1178 fugiamus
2091 1143 2125 1169 »ἵ

1280 1187 1369 1216 Miseri
1392 1195 1457 1224 ergo
1479 1191 1544 1216 sunt
1559 1187 1606 1224 qui
1622 1191 1756 1224 appetunt
1771 1191 1798 1216 et
1818 1187 1975 1216 desiderant
1990 1188 2042 1216 ista
2056 1191 2125 1216 tem-

1281 1234 1399 1270 poralia,
1422 1234 1525 1271 quibus
1547 1234 1668 1262 nondum
1690 1234 1781 1263 sciunt
1803 1242 1831 1263 se
1852 1234 1996 1263 fruituros.
2199 1258 2202 1261 ,

1359 1281 1494 1314 Secundo,
1507 1280 1556 1309 fuit
1572 1281 1668 1309 similis
1682 1281 1791 1309 Christo
1806 1284 1940 1317 quantum
1963 1281 1995 1309 ad
2013 1281 2126 1318 passio·
2142 1287 2198 1314 Qupav

1279 1336 1352 1356 nem.
1367 1329 1424 1364 lpse
1436 1329 1508 1357 enim
1523 1328 1634 1365 gavisus
1649 1332 1721 1357 esset
1732 1328 1895 1364 martyrium
1910 1336 1960 1365 pro
1975 1329 2034 1366 ipso
2048 1329 2126 1357 susti·
2161 1315 2198 1330 sum
2223 1314 2232 1330 Ἰ

1280 1383 1345 1403 nere
1360 1379 1385 1404 et
1402 1375 1558 1411 suscipere,
1573 1375 1620 1404 sed
1639 1384 1691 1404 non
1709 1376 1812 1412 potuit;
1830 1383 1878 1412 per
1892 1375 1982 1412 ipsum
1998 1384 2050 1404 non
2073 1379 2126 1405 ste·
2170 1394 2172 1397 .

1280 1422 1327 1456 tit;
1343 1422 1400 1458 ipse
1415 1422 1487 1450 enim
1501 1423 1587 1450 voluit
1601 1423 1678 1459 sequi
1691 1422 1832 1451 Christum
1848 1426 1874 1451 et
1890 1426 2000 1463 portare
2015 1431 2125 1452 crucem

1279 1470 1389 1498 Christi.
1402 1470 1477 1498 Unde
1494 1469 1543 1506 ipsi
1560 1470 1586 1497 in
1602 1470 1725 1498 oratione
1741 1470 1828 1506 posito
1842 1470 1971 1506 apparuit
1983 1470 2125 1506 Seraphim

1280 1525 1363 1549 unus,
1385 1520 1412 1545 et
1435 1519 1499 1545 tunc
1521 1520 1713 1553 apparuerunt
1735 1516 1760 1544 in
1784 1524 1900 1553 corpore
1921 1517 1990 1550 eius,
2014 1517 2064 1545 hoc
2085 1520 2126 1546 est

1280 1564 1306 1591 iu
1330 1563 1457 1591 manibus
1479 1563 1539 1591 eius
1566 1566 1593 1592 et
1622 1563 1648 1591 in
1682 1563 1812 1600 pedibus,
1845 1563 1972 1600 stigmata
1994 1563 2127 1600 passionis

1279 1611 1385 1639 Domini
1409 1610 1495 1639 nostri
1513 1611 1571 1639 lesu
1587 1610 1704 1643 Christi;
1720 1610 1793 1638 unde
1810 1613 1874 1639 tunc
1890 1610 1979 1647 potuit
1996 1610 2088 1639 dicere
2099 1610 2125 1638 ⁸:

1280 1657 1426 1694 Stiymalct
1455 1657 1571 1685 Domini
1598 1657 1693 1685 nostri
1722 1657 1785 1685 lesu
1815 1656 1924 1685 Clu-isti·
1948 1657 1980 1685 in
2007 1665 2127 1694 corpore

1280 1713 1340 1732 meo
1361 1708 1453 1741 porto.
1477 1704 1547 1733 Vere
1569 1704 1653 1741 igitur
1675 1704 1766 1741 potuit
1793 1707 1819 1733 et
1845 1707 1934 1741 potest
1954 1704 2022 1738 dici,
2052 1704 2126 1741 quod

1279 1752 1331 1780 fuit
1352 1755 1462 1780 creatus
1483 1752 1516 1779 ad
1549 1751 1693 1788 imaginem
1727 1751 1992 1785 &similitudinem
2025 1751 2125 1780 Christi

1279 1803 1413 1836 [mantum
1430 1799 1463 1827 ad
1479 1799 1642 1835 passionem.
1658 1815 1696 1818 —
1711 1799 1812 1832 Tertio,
1827 1802 1963 1835 quantum
1978 1798 2012 1827 ad
2026 1807 2126 1827 resur·
2149 1802 2235 1846 352²}st

1279 1846 1441 1874 rectionem.
1466 1846 1495 1874 Et
1518 1846 1569 1874 hoc
1597 1846 1758 1882 dupliciter,
1781 1846 1846 1882 quia
1873 1846 1913 1874 (ι-(ί
1935 1846 2059 1874 litteram
2089 1846 2126 1874 ita
2142 1831 2239 1896 ποτέἰίιέᾢὶ

1279 1893 1417 1930 affligebat
1439 1901 1550 1922 carnem
1579 1901 1674 1926 suam,
1697 1896 1728 1921 ut
1749 1900 1847 1922 carnes
1867 1893 1927 1922 eius
1948 1893 2126 1922 efficerentur

1280 1941 1382 1977 nigrae.
1406 1941 1432 1969 ln
1456 1944 1545 1969 morte
1566 1944 1659 1969 autem
1675 1940 1805 1977 apparuit
1822 1948 1886 1969 caro
1901 1941 1961 1969 eius
1982 1940 2086 1977 fulgida
2099 1943 2127 1969 et

1279 1987 1507 2024 splendidissima,
1529 1988 1606 2024 quasi
1629 1987 1681 2016 iam
1705 1990 1776 2016 esset
1791 1987 1979 2016 resuscitatus.
2002 1986 2126 2015 Secundo

1279 2038 1389 2063 creatus
1410 2038 1451 2062 est
1472 2034 1505 2062 ad
1521 2034 1728 2063 similitudinem
1745 2034 1805 2063 eius
1819 2037 1955 2071 quantum
1975 2034 2007 2062 ad
2027 2042 2126 2062 resur-

1279 2081 1442 2115 rectionem,
1458 2081 1536 2118 quia,
1552 2081 1624 2109 sicut
1645 2081 1778 2109 Dominus
1792 2089 1808 2109 a
1824 2083 1911 2109 morte
1929 2081 2053 2117 corporis
2067 2088 2127 2109 sur-

1280 2129 1354 2157 rexit
1375 2136 1424 2165 per
1440 2128 1570 2157 virtutem
1595 2128 1758 2161 Divinitatis‚
1773 2128 1811 2156 sic
1826 2128 1987 2156 Franciscus
2002 2136 2022 2156 a
2036 2131 2127 2156 morte

1277 2180 1465 2213 peecatorum
1480 2175 1606 2204 surrexit
1626 2183 1674 2212 per
1695 2175 1810 2212 gratiam
1834 2175 1875 2203 sui
1898 2174 2060 2203 Conditoris.
2077 2174 2127 2203 De-

1278 2223 1318 2251 dit
1339 2223 1411 2251 enim
1434 2223 1471 2251 illi
1494 2223 1627 2251 Dominus
1649 2222 1837 2251 remissionem
1860 2222 1983 2250 omnium
2004 2225 2127 2258 peccato-

1280 2278 1341 2298 rum
1364 2270 1455 2298 adhuc
1478 2269 1578 2298 viventi
1601 2270 1627 2297 in
1650 2277 1774 2306 corpore.
1798 2269 1974 2297 Peccatorum
2003 2268 2127 2297 remissio

1278 2320 1319 2346 est
1344 2317 1478 2354 quaedam
1504 2325 1520 2345 a
1548 2319 1636 2345 morte
1664 2316 1853 2350 resurr-eene,
1883 2315 1948 2352 quia
1970 2318 2127 2352 peccatores

1278 2365 1354 2393 velut
1377 2364 1478 2392 mortui
1501 2367 1566 2392 sunt
1580 2363 1639 2392 sine
1653 2371 1740 2391 ,sensu
1755 2365 1782 2391 et
1797 2363 1855 2391 sine
1869 2367 1964 2396 metm
1980 2362 2052 2390 unde
2068 2369 2127 2398 pec-

1278 2414 1354 2440 cator
1376 2414 1465 2448 potest
1485 2411 1577 2439 dicere
1599 2410 1666 2439 illud
1693 2410 1885 2447 propheticum
1902 2409 1928 2437 ⁹:
1957 2409 2126 2437 Verberave-

1280 2462 1351 2486 rttut
1370 2467 1424 2491 me,
1446 2458 1495 2486 sed
1516 2466 1575 2485 ἠοη
1589 2457 1687 2488 dolui,-
1709 2460 1866 2485 traxerunt
1879 2465 1933 2490 me,
1953 2460 1979 2484 et
1998 2464 2048 2493 eqo
2068 2464 2127 2484 non

1277 2505 1363 2533 sensi.
1385 2505 1455 2534 Sunt
1476 2513 1542 2541 ergo
1563 2505 1622 2533 sine
1643 2512 1739 2532 sensu.
1761 2520 1800 2524 --
1819 2503 1893 2537 ltem‚
1908 2503 1967 2532 sine
1981 2506 2061 2531 motti
2083 2502 2126 2531 bo-

1279 2561 1334 2581 nae
1349 2552 1536 2589 operationis,
1552 2551 1618 2588 quia
1637 2559 1695 2579 ‘uon
1710 2555 1750 2579 est
1764 2551 1815 2589 qui
1827 2549 1923 2587 faeiat
1937 2549 2053 2584 bomem„
2068 2558 2127 2578 non

2227 676 2228 689 „a
2211 589 2234 636 Μελ)

1342 2734 1351 2746 5
1368 2735 1422 2762 Cap.
1446 2736 1463 2761 l,
1481 2735 1507 2761 ὃς
1525 2738 1654 2763 sequuntur
1671 2735 1744 2757 Eccle.
1768 2735 1785 2761 l,
1803 2735 1825 2756 2.
1842 2737 1865 2756 et
1882 2741 1902 2756 c.
1920 2735 1940 2762 ²2,
1962 2734 1995 2755 ll.

1342 2773 1351 2786 ‘⁵
1370 2774 1451 2796 Psalm.
1470 2773 1512 2800 75,
1531 2774 1556 2801 53
1578 2777 1707 2802 sequuntur
1731 2774 1744 2794 l.
1767 2774 1826 2795 loen⁴
1846 2774 1871 2801 2,
1893 2773 1931 2800 l7;
1950 2773 2004 2800 Sap.
2021 2772 2048 2799 5,
2066 2772 2088 2794 9.
2104 2775 2126 2794 et

1279 2814 1294 2836 l.
1312 2813 1362 2835 Cor.
1380 2813 1403 2840 7,
1421 2814 1458 2834 31.

1344 2851 1351 2864 ⁷
1370 2853 1424 2874 Luc.
1446 2853 1480 2880 ¹2,
1499 2853 1536 2874 ⁶20.
1555 2865 1583 2868 Ἀ
1602 2852 1710 2881 Sequitur
1727 2852 1832 2880 Gregor.,
1850 2852 1881 2874 lll.
1899 2852 1985 2879 Dialog.
2003 2857 2023 2873 c.
2040 2851 2078 2872 38.

1342 2891 1350 2904 ⁸
1368 2893 1416 2914 Gal.
1435 2893 1456 2919 (5,
1476 2892 1511 2914 Π.

1341 2930 1350 2942 ⁰
1368 2931 1434 2953 Prov.
1453 2932 1490 2957 23,
1509 2931 1550 2959 353
1567 2934 1697 2959 sequuntur
1715 2931 1749 2953 Ps.
1771 2931 1804 2958 13,
1821 2931 1843 2952 3.
1861 2933 1883 2953 et
1901 2931 1957 2958 Eph.
1975 2930 1996 2957 5,
2018 2929 2051 2951 14.
