2243 3348
220 1012 296 1035 Quarta,
310 1012 348 1035 pal-

264 1040 312 1054 mae.

225 1949 263 1967 Hae
277 1951 355 1972 quatuor

233 1974 286 1991 dotes
295 1977 356 1990 resur-

234 1996 294 2019 gentis
304 1996 356 2014 Chri-

233 2020 258 2038 sti
273 2019 357 2038 referun-

234 2045 271 2064 tur,
279 2043 339 2066 prima
346 2048 356 2061 a

234 2066 302 2085 Marco.

363 229 419 257 ⁹284

363 306 413 334 ibit
435 305 517 334 Ιιοηῑο
540 305 569 334 in.
592 306 711 333 (tontum
733 302 913 331 nelei-uitatis
934 309 1014 329 suae.
1034 301 1103 328 Haec
1125 308 1207 336 anty-

361 353 469 389 ‚qualus
490 352 616 381 Christus
631 355 687 384 est,
710 350 813 378 habens
832 349 961 377 corticem
984 347 1090 380 carnis,
1110 349 1207 374 testam

365 399 475 432 mentis,
498 398 626 426 nucleum
652 395 819 427 Divinitatis‚
842 402 897 422 una
926 401 1043 430 persona
1065 392 1094 420 in
1119 391 1208 419 tribus

363 445 539 478 substantiis,
561 444 641 473 cuins
663 445 758 471 cortex
775 441 872 469 habuit
893 439 1122 472 amaritudinem,
1140 441 1209 466 testa

363 492 568 523 fortitudinem,
591 490 707 518 nucleus
728 488 908 516 dulcedinem.
933 487 977 514 Hic
999 486 1094 514 floruit
1116 486 1142 513 in
1166 492 1208 513 re-

363 537 550 569 surrectione,
573 536 635 563 data
656 535 706 562 sibi
735 534 863 570 agilitate.
888 533 1080 569 Impinyuata
1108 535 1148 559 est
1170 531 1208 558 lo-

363 589 462 617 custa,
484 584 548 619 quia
570 590 634 610 caro
650 581 740 610 tenuis
761 584 788 609 et
810 579 1020 616 vagabundam)
1042 582 1068 607 et
1090 586 1208 615 pauper-

363 631 425 658 tatis
446 630 541 657 allecta
564 628 649 657 macie
676 628 787 664 impleta
815 630 856 655 est
881 626 976 663 gloria.
1002 626 1036 653 Et
1062 625 1209 661 dissipata

362 681 403 705 est
423 676 579 712 capparis,
602 683 673 711 quae
694 678 735 703 est
758 674 844 702 herba
872 673 1047 709 corruptiva,
1076 680 1108 700 eo
1136 671 1209 708 quod

364 732 411 760 per
433 724 580 759 agilitatem
605 722 713 750 sublata
734 725 775 749 est
803 729 818 749 a
840 728 922 749 carne
949 720 1010 748 eius
1030 719 1119 747 omnis
1141 718 1209 746 indi-

363 770 453 807 gentia
475 769 544 803 cibi,
567 772 598 797 ut
620 777 672 797 non
696 769 748 796 iam
773 768 872 796 habeat
894 775 996 803 corpus
1017 765 1148 798 animale,
1163 764 1209 793 sed

364 817 507 853 spirituale
538 820 564 844 et
592 816 670 852 agile.
700 815 815 852 Quando
845 814 893 843 ibit
922 813 1006 842 lzomo
1032 813 1063 841 iu
1091 813 1210 841 (lonium

364 863 544 892 aeternitatis
564 871 652 896 sune,
676 863 721 891 ubi
739 862 806 890 nihil
823 861 1029 893 transitorium,
1053 859 1119 887 nihil
1144 861 1210 887 tem-

365 911 466 947 porale.

444 958 548 986 Floruit
569 957 649 985 etiam
674 960 704 985 ut
722 956 826 993 palma
845 964 893 992 per
908 956 998 983 dotem
1022 952 1211 991 impassibili·

366 1005 452 1038 tali's,
475 1012 546 1041 quae
574 1004 737 1032 attribuitur
760 1003 873 1040 palmae.
897 1002 970 1031 Unde
999 1001 1156 1030 Aristoteles
1184 1000 1211 1028 in

365 1052 482 1088 septimo
505 1051 574 1079 libro
598 1051 799 1079 Problematum
817 1052 825 1066 ¹
847 1050 927 1078 dicit:
955 1061 968 1073 «
983 1049 1007 1077 Si
1042 1056 1126 1084 super
1156 1048 1211 1083 pal-

366 1106 425 1127 mae
447 1098 554 1127 arboris
576 1098 679 1134 lignum
703 1105 800 1134 magna
816 1097 937 1133 pondera
958 1097 1083 1132 imponas
1104 1103 1135 1123 ac
1158 1098 1211 1122 tam

366 1146 487 1182 graviter
508 1153 607 1182 urgeas
629 1152 796 1181 oneresque,
820 1148 850 1172 ut
873 1143 1031 1179 magnitudo
1052 1142 1144 1170 oneris
1166 1149 1212 1169 su-

367 1193 460 1221 stineri
485 1201 536 1220 non
559 1196 658 1229 queat,
680 1200 733 1220 non
749 1191 879 1219 deorsum
898 1191 985 1227 palma
1008 1189 1079 1217 cedit
1101 1196 1150 1217 nec
1172 1188 1213 1216 in-

366 1243 408 1268 tra
431 1239 560 1272 flectitur,
583 1239 628 1267 sed
644 1239 778 1267 adversus
794 1238 900 1274 pondus
917 1236 1036 1273 resurgit
1058 1239 1083 1264 et
1099 1243 1211 1264 sursum

366 1287 464 1315 nititur
486 1289 708 1322 recurvaturque
723 1297 749 1313 n.
774 1285 804 1312 Et
826 1284 990 1312 Plutarchus
1015 1282 1212 1319 philosophus,

367 1334 495 1370 magister
511 1333 618 1361 'l‘raiani
636 1332 818 1369 imperatoris,
836 1332 860 1359 in
876 1334 973 1359 octavo
989 1330 1059 1358 libro
1082 1330 1213 1357 Memora-

367 1381 479 1409 bilium:
506 1392 518 1404 «
535 1381 697 1416 Propterea,
720 1379 823 1415 iuquit,
839 1378 953 1415 placuit,
969 1377 1087 1413 paln'iam
1104 1376 1212 1412 signum

367 1436 425 1456 esse
448 1427 577 1455 victoriae
601 1427 625 1454 in
649 1426 861 1458 certaminibus,
884 1424 1013 1461 quoniam
1043 1423 1105 1460 ligni
1130 1422 1214 1451 huius

370 1475 508 1511 ingenium
532 1477 587 1507 est,
611 1477 642 1501 ut
664 1473 828 1510 urgentibus
849 1471 1128 1508 opprimentibusque
1159 1478 1213 1498 non

368 1522 446 1550 cedat
461 1532 486 1549 ».
511 1521 541 1549 Et
563 1521 622 1549 ideo
645 1520 742 1548 merito
758 1520 826 1547 tlore
842 1518 1067 1555 impassibilitatis
1090 1518 1135 1545 illa
1150 1525 1214 1545 caro

367 1569 477 1600 floruit,
500 1576 571 1604 quae
593 1571 647 1595 tam
672 1567 799 1595 nobiliter
830 1565 1026 1602 triumphavit;
1050 1565 1172 1593 psalmus
1188 1565 1213 1591 ².-

368 1617 467 1643 Jnslus
489 1619 519 1643 ul
539 1614 640 1652 palma
656 1613 784 1650 florebit,
806 1614 881 1641 sicul
897 1613 1002 1641 oestrus
1024 1612 1130 1640 Libani
1144 1611 1215 1639 niul-

367 1662 557 1699 tiplieabitnr.
580 1661 656 1689 Sicut
682 1661 754 1689 enini
784 1661 808 1688 in
832 1660 914 1688 cedro
943 1659 1064 1687 soliditas
1095 1658 1214 1695 partium

368 1709 470 1737 resistit
491 1709 603 1737 sectioni
626 1712 675 1736 aut
695 1707 837 1739 ‹clivisionh
861 1707 899 1735 sic
922 1706 1032 1734 habitus
1047 1706 1150 1742 gloriae
1166 1705 1215 1733 im-

368 1756 555 1793 passibilitatis
588 1755 688 1784 resistit
722 1755 748 1782 in
782 1754 947 1790 corporibus
978 1752 1152 1789 glorificatis,
1183 1759 1216 1780 ne

368 1804 514 1840 qualitates
535 1803 715 1831 elementares
743 1805 825 1838 agant
846 1804 894 1829 aut
922 1800 1119 1829 discussionem
1142 1807 1215 1827 com-

369 1850 520 1887 plexionis,
543 1853 590 1878 aut
612 1849 772 1878 divisionem
797 1848 916 1885 partium
940 1847 1072 1883 corporis.

449 1897 510 1925 {nde
533 1901 587 1930 est,
609 1896 682 1933 quod
705 1904 754 1932 per
780 1896 830 1923 has
851 1898 972 1931 quatuor
994 1894 1071 1922 dotes
1095 1896 1216 1930 quatuor

369 1944 556 1981 Evangelistae
577 1943 717 1972 declarant
740 1942 971 1971 resurrectionem
988 1941 1097 1969 Christi.
1123 1940 1216 1968 Clctri-

370 1994 456 2019 tutem
487 1990 606 2019 ostendit
632 1990 740 2018 Marcus
755 1989 774 2022 3,
801 1988 909 2017 dicens:
947 1987 1032 2015 Valde
1059 1995 1145 2015 inune
1173 1994 1216 2014 ve-

370 2038 455 2065 niunt
471 2038 509 2065 tul
524 2040 742 2065 monumentum
753 2058 760 2068 ‚
783 2040 845 2063 orto
861 2035 923 2063 ium
936 2035 1011 2067 sol&
1032 2037 1059 2062 et
1074 2034 1216 2070 sequitur:

376 2085 517 2113 Viderunt
538 2085 668 2112 iuvenem
689 2084 829 2112 sedentem
852 2082 882 2110 ivn
903 2082 1030 2115 ‹texti-ts,
1053 2084 1216 2118 coopertum

370 2131 444 2160 stolct
466 2131 604 2159 candidu.
626 2147 663 2151 —
692 2131 789 2158 Vident
811 2130 958 2162 iuuenem,
981 2129 1046 2165 quia
1072 2128 1158 2156 nescit
1180 2135 1219 2156 re-

371 2178 508 2207 surrectio
540 2180 725 2210 senectutem;
757 2177 897 2205 sedentem
930 2176 960 2204 in
993 2176 1121 2209 desili-is,
1154 2175 1219 2211 quia

372 2225 540 2254 resurrectio
562 2225 629 2253 nihil
651 2224 794 2253 sinistrum
818 2224 930 2260 recipit3
956 2226 1121 2259 coopertum
1145 2222 1220 2250 stola

372 2272 510 2305 cumliaco,
526 2272 651 2308 signante
665 2272 756 2300 dotem
771 2271 903 2299 claritatis
919 2271 944 2298 in
961 2277 1043 2298 carne
1058 2269 1219 2306 glorificata.

372 2319 422 2347 Sed
445 2319 511 2356 quid
533 2323 589 2353 est,
612 2318 685 2355 quod
714 2318 918 2355 praemittitur:
945 2318 979 2345 Et
1007 2317 1090 2345 valde
1118 2325 1219 2350 mane,

372 2370 399 2395 et
420 2370 531 2395 tamen:
554 2370 617 2394 orto
631 2365 709 2394 sole?
726 2365 758 2393 Si
772 2365 855 2393 valde
877 2373 978 2398 inune,
1001 2364 1139 2401 quomodo
1158 2367 1220 2392 orto

373 2414 431 2441 iam
454 2413 532 2442 sole?
555 2413 708 2450 Respondet
737 2413 834 2441 Petrus
866 2412 1049 2440 Ravennas4:
1076 2423 1089 2435 «
1105 2410 1149 2439 Rei
1178 2418 1222 2447 ge-

373 2464 430 2495 stae
445 2460 559 2488 caelitus
574 2460 663 2497 aperit
679 2460 830 2488 veritatem.
845 2459 974 2487 Dixerat:
992 2458 1034 2486 Ab
1051 2457 1124 2486 liora
1139 2461 1221 2485 sexta

374 2516 464 2544 usque
485 2508 515 2535 iu
538 2506 642 2535 lteram
663 2515 772 2534 'nonum
788 2505 919 2534 tenebrae
932 2504 1031 2542 factae
1051 2508 1127 2533 sunt.
1152 2504 1222 2540 Ergo

374 2554 427 2587 sol,
450 2554 496 2590 qui
521 2558 629 2590 praeter
645 2554 751 2587 horam,
768 2556 798 2581 nt
814 2553 928 2581 Domino
943 2554 1159 2588 compateretur,
1174 2551 1222 2579 ab·

375 2604 524 2634 scesserat,
547 2600 685 2633 claritate,
712 2608 774 2628 cum
804 2603 999 2636 consurgeret,
1024 2598 1138 2626 Domino
1160 2600 1222 2626 ante

377 2651 484 2684 tempus
505 2648 642 2680 occurrit,
665 2650 692 2675 et
713 2647 776 2683 qui,
799 2650 829 2674 ut
861 2654 911 2675 suo
933 2648 1152 2674 commoreretur
1174 2653 1222 2673 au-

1029 222 1201 251 SERMONES
1222 222 1264 250 DE
1286 221 1450 249 TEMPORE.

1265 299 1349 332 ctori,
1373 299 1458 334 ipsam
1482 297 1661 326 meridianam
1684 306 1761 326 suam
1791 298 2005 327 mortificaverat
2030 299 2110 327 clari-

1266 348 1361 377 tatem,
1384 347 1415 372 ut
1436 347 1618 380 consurgeret
1638 344 1744 372 auctori
1767 352 1833 378 suo,
1855 344 1950 373 evictis
1973 345 2110 378 tenebris,

1264 391 1447 419 antelucanus
1468 390 1569 427 erupit.
1600 390 1685 418 Valde
1705 399 1807 424 inam,
1829 391 1894 427 quia
1916 394 1981 420 tunc
2003 392 2058 426 sol,
2081 395 2111 420 ut

1266 445 1350 465 inane
1370 437 1488 469 faceret,
1511 436 1672 471 manicavit,
1694 441 1721 465 et
1742 437 1788 473 qui
1818 440 1881 466 ante
1902 440 2009 466 noctem
2035 438 2111 475 suge—

1267 486 1324 517 rat,
1346 491 1420 512 nunc
1442 483 1499 519 ipse
1521 486 1628 512 noctem
1652 484 1795 520 praevenit
1815 485 1942 521 fugatus,
1965 487 1995 512 ut
2017 484 2112 513 reddat

1266 530 1319 559 luci
1342 538 1398 558 nox
1421 530 1519 563 horas,
1541 538 1611 566 quas
1633 533 1724 558 terror
1745 531 1896 559 dominicae
1918 530 2051 567 passionis
2073 531 2113 559 in-

1267 580 1376 605 vaserat
1391 589 1417 604 ».
1440 577 1471 605 Et
1492 577 1640 605 Gaufridus
1655 578 1665 593 5
1688 577 1715 605 in
1731 577 1902 614 expositione
1918 578 2002 606 huius
2020 577 2112 606 lectio-

1266 623 1309 652 nis
1330 631 1414 660 super
1436 624 1566 651 Marcum.
1590 624 1626 651 An
1650 623 1739 660 ipsum
1764 624 1896 652 visibilem
1919 624 2003 653 solem
2026 623 2113 653 credi-

1268 679 1345 704 mus,
1372 670 1443 699 sicut
1464 670 1631 698 obscuratur
1659 670 1691 698 ad
1720 670 1867 707 exsequias
1890 670 2047 704 morientis,
2076 670 2114 698 sic

1266 717 1385 746 celerius
1406 720 1499 746 ortum
1522 717 1554 745 ad
1570 717 1684 754 gloriam
1701 717 1892 753 resurgentis?
1907 734 1945 737 —
1964 716 2115 746 Subtilita-

1267 768 1321 793 tem
1342 764 1460 793 ostendit
1483 765 1604 798 loannes,
1626 772 1657 792 eo
1672 764 1755 800 quod,
1771 764 1872 792 ianuis
1893 764 2013 798 clausis,
2030 764 2114 792 intra-

1268 812 1307 840 vit
1327 812 1359 840 ad
1382 812 1542 849 discipulos
1565 815 1625 848 post
1648 811 1895 845 resurrectionem,
1918 811 2024 839 loannis
2047 811 2115 847 vige-

1268 858 1338 887 simo
1352 859 1372 886 ⁶.
1395 875 1431 879 —
1455 858 1641 895 Ayilitutem,
1668 858 1770 891 Lucas,
1792 866 1824 886 eo
1845 857 1918 894 quod
1941 857 2060 886 evanuit
2080 866 2114 886 ex

1269 905 1360 934 oculis
1383 906 1605 943 Apostolorum„
1629 906 1717 933 Lucae
1738 905 1843 933 ultimo.
1863 921 1899 926 —
1924 904 2114 941 [inpassibili-

1269 956 1369 986 tatem,
1392 953 1560 986 Matthaeus,
1582 952 1690 981 dicens:
1710 953 1786 980 butu
1807 956 1846 980 est
1868 951 1942 980 milti
1961 951 2055 980 onmis
2066 960 2115 989 po-

1270 1003 1356 1028 testus
1371 1000 1402 1028 in
1417 1000 1494 1028 eaelo
1516 1004 1540 1027 et
1562 1000 1590 1028 in
1615 1003 1693 1028 terret
1704 1022 1711 1033 ,
1728 999 1826 1027 ultimo
1845 999 1975 1027 eiusdem.
1992 1015 2029 1019 —-
2044 999 2113 1035 Quid

1269 1046 1341 1074 enim
1363 1047 1419 1075 sole
1443 1046 1575 1080 lucidius,
1591 1047 1656 1083 quid
1679 1046 1771 1074 munia
1786 1049 1948 1082 penetrante
1969 1046 2115 1080 subtilius,

1270 1093 1335 1130 quid
1357 1097 1507 1130 apparente
1529 1097 1555 1122 et
1576 1093 1733 1130 disparente
1754 1093 1869 1130 agilius,
1898 1092 1963 1130 quid
1992 1093 2116 1129 omnipo-

1271 1143 1344 1169 tente
1365 1140 1579 1176 impassibilius?
1603 1141 1653 1169 llas
1674 1144 1766 1169 autem
1782 1140 1859 1168 dotes
1876 1139 2017 1168 habebunt
2038 1139 2116 1168 electi

1270 1186 1296 1214 in
1319 1187 1423 1223 patria,
1440 1186 1550 1223 quando
1570 1186 1713 1223 florebunt
1738 1187 1771 1215 cle
1799 1186 1929 1219 civitate,
1952 1186 1978 1214 id
2009 1188 2050 1214 est
2078 1185 2116 1213 illi

1270 1234 1316 1270 qui
1339 1238 1422 1262 erunt
1444 1234 1517 1262 cives
1548 1235 1572 1262 in
1596 1234 1705 1263 civitate
1735 1242 1871 1270 superna,
1899 1233 1975 1261 sieut
1999 1232 2118 1270 foenum

1270 1284 1366 1308 lert-ue
1381 1281 1401 1314 ⁷,
1426 1281 1450 1308 id
1473 1283 1514 1309 cst
1535 1280 1605 1309 sicut
1629 1280 1727 1313 herba,
1750 1288 1821 1316 quae
1843 1280 1868 1307 in
1894 1279 1983 1308 hieme
1999 1279 2118 1308 moritur

1270 1331 1297 1356 et
1319 1328 1344 1355 iu
1366 1331 1469 1356 aestate
1498 1327 1661 1356 renascitur.
1691 1327 1733 1355 Sic
1762 1327 1846 1363 igitur
1869 1330 1958 1363 patet,
1980 1326 2119 1363 quomodo

1271 1375 1387 1403 verbnm
1411 1374 1483 1403 istud
1505 1378 1662 1411 exponatur
1683 1374 1837 1410 allegorIce.

1350 1420 1500 1448 Moraliter
1522 1420 1655 1448 dehemus
1677 1420 1777 1448 llorere
1800 1420 1825 1448 in
1848 1420 1892 1448 via
1907 1419 2009 1448 similes
2023 1419 2119 1456 pueris

1271 1468 1458 1496 Hebraeorum
1472 1468 1492 1501 ὃ,
1514 1467 1560 1504 qui
1584 1470 1769 1495 occurrerunt
1789 1466 1899 1495 Christo
1914 1474 1976 1495 cum
1995 1466 2118 1495 [loribus.

1272 1515 1399 1544 Libenter
1421 1518 1514 1543 autem
1537 1515 1659 1551 Sponsus
1681 1514 1835 1551 ingreditur
1858 1514 2009 1543 thalamum
2033 1514 2118 1542 nostri

1272 1562 1378 1595 cordis,
1401 1562 1421 1590 si
1456 1561 1546 1589 videat
1573 1569 1636 1590 eum
1667 1569 1825 1598 respersum
1855 1561 1987 1594 floribus,
2016 1561 2120 1589 scilicet

1272 1609 1407 1637 bonorum
1430 1616 1546 1644 operum
1569 1608 1719 1636 exercitiis.
1743 1608 1801 1644 lpse
1822 1608 1894 1636 enini
1917 1607 2019 1636 dicitur
2040 1608 2121 1636 Naza-

1272 1664 1373 1689 renus,
1396 1655 1421 1683 id
1448 1659 1489 1684 est
1510 1655 1642 1689 floridus;
1666 1655 1738 1684 unde
1759 1655 1936 1683 Canticorum
1957 1654 2078 1683 secundo
2094 1654 2120 1682 ⁹:

1274 1702 1383 1731 Fuleile
1406 1711 1449 1730 me
1469 1702 1610 1739 floribus,
1632 1702 1736 1739 stipate
1751 1710 1795 1730 me
1809 1702 1913 1735 malis,
1935 1702 2007 1739 quia
2022 1710 2122 1730 nonore

1272 1750 1405 1787 langueo.
1422 1750 1604 1778 Obtineamus
1618 1758 1684 1787 ergo
1699 1749 1899 1786 speciositatem
1916 1748 2061 1777 claritatis
2076 1749 2123 1777 sso-

1273 1797 1359 1825 rendo
1374 1804 1423 1833 per
1438 1797 1633 1833 scipieuliunM
1649 1797 1798 1833 puritatem
1814 1796 1983 1825 subtilitatis
1997 1796 2121 1825 florendo

1273 1852 1322 1880 per
1344 1844 1587 1880 temperuizticmt;
1611 1844 1748 1872 levitatem
1768 1843 1912 1881 agilitatis
1927 1843 2051 1872 florendo
2073 1850 2121 1879 per

1273 1891 1436 1923 mutuum,-
1457 1891 1601 1919 sanitatem
1624 1894 1672 1919 aut
1693 1891 1857 1919 suavitatem
1873 1890 2122 1927 impassibilitatis

1274 1938 1400 1966 florendo
1422 1946 1470 1974 per
1489 1938 1673 1975 pacz'enn‘cmz.

1354 1985 1444 2013 Primo
1466 1985 1599 2014 debemus
1620 1985 1722 2013 ssorere
1744 1993 1792 2021 per
1813 1985 2007 2021 supz’entz'cnn,
2022 1987 2054 2013 ut
2076 1985 2124 2013 ha-

1274 2033 1390 2061 beamus
1404 2033 1494 2061 dotem
1510 2032 1675 2066 ela}·itutis;
1690 2032 1865 2061 Canticorum
1882 2032 1971 2069 primo
1984 2032 2022 2060 ¹⁰:
2039 2033 2123 2066 Eece,

1276 2083 1306 2107 tu
1325 2079 1448 2116 pulcher
1469 2088 1512 2113 es,
1534 2079 1632 2107 dilecte
1652 2080 1704 2112 mi,
1727 2083 1752 2107 ec
1772 2079 1912 2112 decorus,
1935 2078 2055 2108 lectulus
2074 2087 2124 2107 uo-

1275 2130 1333 2154 ster
1347 2126 1474 2162 floridus
1489 2130 1513 2154 el
1535 2127 1617 2164 tiyuct
1631 2127 1787 2154 domorum
1802 2130 1975 2155 uestrarum
1991 2126 2123 2160 cedrina,

1276 2173 1432 2211 laquearia
1454 2177 1556 2201 nostru
1577 2174 1758 2211 cypressina.
1781 2190 1819 2193 —
1841 2172 1984 2208 Pulcher,
2006 2173 2124 2202 interius

1277 2228 1326 2257 per
1348 2221 1519 2249 sanctitatem
1543 2221 1742 2254 conscientiae;
1765 2221 1902 2255 decorus,
1918 2221 2059 2254 exterius,
2076 2228 2123 2257 per

1278 2268 1449 2296 honestatem
1472 2268 1558 2301 vitae;
1581 2268 1678 2296 dilecte
1702 2268 1760 2301 mi,
1782 2276 1831 2305 per
1853 2276 1975 2297 amorem
1998 2271 2025 2296 et
2046 2275 2124 2296 vaca-

1278 2316 1379 2343 tionem
1402 2315 1560 2351 sapientiae.
1582 2315 1618 2343 Ju
1640 2315 1740 2344 lectulo
1755 2319 1847 2344 autem
1864 2315 1943 2352 quies
1957 2318 2014 2349 est,
2035 2315 2123 2343 otium

1277 2365 1304 2391 et
1326 2362 1461 2399 voluptas.
1485 2362 1510 2390 Si
1533 2362 1574 2390 vis
1595 2370 1661 2398 ergo
1682 2362 1784 2391 florere
1806 2370 1855 2398 per
1877 2361 2054 2398 sapientiam,
2077 2362 2125 2390 ha-

1278 2410 1343 2438 beas
1364 2410 1513 2446 puritatem
1537 2410 1734 2444 conscientiae,
1757 2410 1928 2438 honestatem
1944 2409 2024 2443 vitae,
2046 2417 2126 2438 vaces

1278 2457 1443 2493 sapientiae,
1466 2465 1567 2494 corpus
1589 2457 1713 2494 quiescat
1734 2465 1749 2485 a
1771 2457 1859 2491 vitiis,
1881 2456 1973 2484 anima
1994 2456 2096 2485 otietur
2110 2464 2126 2485 a

1278 2504 1489 2541 cogitationibus
1511 2504 1615 2537 noxiis,
1637 2504 1752 2541 spiritus
1767 2504 1949 2540 voluptuetur
1964 2504 2065 2532 sanctis
2079 2504 2126 2532 de-

1279 2551 1395 2579 sideriis.
1418 2551 1449 2579 Et
1470 2551 1597 2579 additur:
1618 2550 1762 2587 floridus,
1785 2553 1831 2585 ut,
1854 2551 1925 2579 sicut
1946 2558 2011 2587 apes
2029 2558 2126 2579 succos

1279 2598 1380 2626 florum
1407 2598 1555 2634 colligunt,
1584 2606 1654 2635 quos
1686 2598 1711 2626 in
1744 2598 1820 2626 savos
1841 2597 1982 2631 dividunt,
2005 2600 2032 2626 et
2052 2605 2127 2626 Com-

1280 2645 1367 2672 mixta
1399 2645 1518 2681 quadam
1551 2645 1593 2673 sui
1623 2645 1738 2681 spiritus
1766 2645 1950 2681 proprietate,
1978 2645 2032 2673 mel
2065 2644 2126 2673 inde

439 2825 445 2837 ¹
465 2825 554 2848 Scilicet
576 2825 702 2848 Aristotelis
725 2825 874 2853 Fragmenta,
899 2825 1049 2851 Problemata,
1071 2825 1126 2847 edit.
1149 2824 1223 2851 Didot,

377 2865 421 2887 vol.
440 2865 461 2886 li.
478 2871 532 2893 pag.
552 2865 596 2886 ‘206
614 2871 633 2887 c.
652 2866 665 2886 1.
684 2870 729 2887 sec.
747 2865 773 2886 A.
790 2864 900 2891 Gellium,
919 2865 981 2886 Noct.
1000 2864 1065 2886 Attic.
1083 2864 1096 2886 1.
1115 2864 1146 2885 111.
1164 2870 1183 2885 c.
1201 2864 1223 2891 6,

377 2903 414 2926 ubi
433 2904 500 2926 etiam
519 2903 589 2926 verba
609 2904 721 2926 Plutarchi
741 2904 897 2926 inveniuntur.

439 2942 447 2955 ²
465 2944 546 2965 Psalm.
564 2944 602 2969 et,
621 2943 657 2965 13.
1001 2941 1010 2954 ³
1028 2942 1083 2970 Cap.
1105 2943 1144 2970 16,
1162 2943 1183 2964 2.
1201 2942 1223 2964 5.

438 2982 447 2994 4
466 2983 518 3004 Sive
535 2982 691 3010 Chrysologus
712 2989 781 3004 serm.
805 2983 840 3004 82.
865 2989 886 3004 n.
911 2982 932 3004 4.
955 2988 1016 3010 se(1.,
1040 2981 1079 3004 ubi
1103 2981 1224 3009 respicitur

377 3022 443 3044 Marc.
466 3022 505 3049 15,
525 3022 560 3044 33.

1342 2823 1351 2836 ⁵
1369 2824 1444 2847 Locus
1462 2825 1544 2846 trustra
1563 2824 1688 2853 quaesitus.

1344 2862 1352 2875 Β
1372 2863 1438 2885 Vers.
1457 2864 1498 2890 ‘26;
1516 2867 1645 2892 sequuntur
1663 2864 1716 2885 Luc.
1734 2862 1775 2889 24,
1794 2863 1830 2884 31.
1848 2865 1869 2884 et
1886 2862 1964 2884 Matth.
1983 2862 2024 2887 28,
2046 2861 2079 2883 18.

1343 2900 1351 2913 ⁷
1371 2903 1450 2924 Psalmi.
1468 2903 1507 2929 71,
1527 2903 1562 2924 16.

1343 2939 1352 2952 ⁸
1369 2942 1499 2969 Respicitnr
1516 2943 1592 2964 Malth.
1611 2943 1648 2968 ⁵2¹,
1666 2943 1687 2963 8.
1704 2947 1770 2970 seqq.
1787 2944 1809 2963 et
1826 2941 1886 2963 ioan,
1909 2941 1942 2967 12,
1961 2941 1997 2962 13.
2014 2946 2079 2968 seqq.

1343 2980 1435 3003 ⁹.v‹›i·s.
1454 2981 1475 3003 5.

1344 3019 1363 3032 ¹⁰
1381 3021 1445 3043 Vcrs.
1468 3021 1500 3043 15.
1519 3027 1568 3049 seq.

2136 725 2222 744 secunda
2232 731 2235 744 i

2151 749 2226 768 Ioanne.

2146 865 2209 884 Torua
2220 870 2230 885 a

2161 889 2218 907 Luca.

2143 912 2214 935 Quarta
2224 917 2234 932 a

2141 935 2236 955 Matthaw

2240 773 2243 789 Ι

2240 794 2243 809 1

2137 1006 2163 1024 De
2175 1005 2204 1024 his
2216 999 2243 1030 qu‘

2129 1031 2171 1048 tuor
2185 1034 2236 1052 genui

2130 1053 2170 1071 tim.

2137 1428 2184 1455 p.³?⁸
2196 1427 2217 1454 11.
2229 1432 2234 1446 t

2136 1456 2213 1470 visionis
2225 1456 2234 1474 g

2156 1474 2230 1493 nei-alis.

2141 1756 2236 1775 Florendnt

2139 1779 2236 1804 quadrupli

2166 1803 2228 1822 modo.

2143 1991 2213 2014 Primo,
2226 1996 2230 2015 1

2141 2014 2231 2039 sapientia
