<?xml version="1.0" encoding="UTF-8"?>
<!DOCTYPE html PUBLIC "-//W3C//DTD XHTML 1.0 Transitional//EN"
    "http://www.w3.org/TR/xhtml1/DTD/xhtml1-transitional.dtd">
<html xmlns="http://www.w3.org/1999/xhtml" xml:lang="en" lang="en">
 <head>
  <title>
</title>
<meta http-equiv="Content-Type" content="text/html;charset=utf-8" />
  <meta name='ocr-system' content='tesseract 3.04.00' />
  <meta name='ocr-capabilities' content='ocr_page ocr_carea ocr_par ocr_line ocrx_word'/>
</head>
<body>
  <div class='ocr_page' id='page_1' title='image "./doctorisseraphic09bona_0630.png"; bbox 0 0 2243 3348; ppageno 0'>
   <div class='ocr_carea' id='block_1_1' title="bbox 261 436 351 455">
    <p class='ocr_par' dir='ltr' id='par_1_1' title="bbox 261 436 351 455">
     <span class='ocr_line' id='line_1_1' title="bbox 261 436 351 455; baseline 0 0"><span class='ocrx_word' id='word_1_1' title='bbox 261 436 351 455; x_wconf 61' lang='lat' dir='ltr'>Eoi-tatio-</span> 
     </span>
    </p>
   </div>
   <div class='ocr_carea' id='block_1_2' title="bbox 239 1041 350 1084">
    <p class='ocr_par' dir='ltr' id='par_1_2' title="bbox 239 1041 350 1084">
     <span class='ocr_line' id='line_1_2' title="bbox 239 1041 350 1068; baseline -0.009 -8"><span class='ocrx_word' id='word_1_2' title='bbox 239 1042 290 1068; x_wconf 71' lang='lat' dir='ltr'>ltom,</span> <span class='ocrx_word' id='word_1_3' title='bbox 305 1041 350 1060; x_wconf 80' lang='lat' dir='ltr'>deli-</span> 
     </span>
     <span class='ocr_line' id='line_1_3' title="bbox 263 1070 320 1084; baseline 0 -1"><span class='ocrx_word' id='word_1_4' title='bbox 263 1070 320 1084; x_wconf 81' lang='lat' dir='ltr'>ciosa.</span> 
     </span>
    </p>
   </div>
   <div class='ocr_carea' id='block_1_3' title="bbox 222 1416 349 1458">
    <p class='ocr_par' dir='ltr' id='par_1_3' title="bbox 222 1416 349 1458">
     <span class='ocr_line' id='line_1_4' title="bbox 222 1416 349 1440; baseline 0 -6"><span class='ocrx_word' id='word_1_5' title='bbox 222 1416 269 1440; x_wconf 77' lang='lat' dir='ltr'>Quid</span> <span class='ocrx_word' id='word_1_6' title='bbox 283 1416 307 1434; x_wconf 85' lang='lat' dir='ltr'>sit</span> <span class='ocrx_word' id='word_1_7' title='bbox 319 1416 349 1434; x_wconf 86' lang='lat' dir='ltr'>de-</span> 
     </span>
     <span class='ocr_line' id='line_1_5' title="bbox 246 1439 327 1458; baseline -0.012 0"><span class='ocrx_word' id='word_1_8' title='bbox 246 1439 327 1458; x_wconf 26' lang='lat' dir='ltr'>lectatio*</span> 
     </span>
    </p>
   </div>
   <div class='ocr_carea' id='block_1_4' title="bbox 258 1884 347 1903">
    <p class='ocr_par' dir='ltr' id='par_1_4' title="bbox 258 1884 347 1903">
     <span class='ocr_line' id='line_1_6' title="bbox 258 1884 347 1903; baseline 0 -1"><span class='ocrx_word' id='word_1_9' title='bbox 258 1884 347 1903; x_wconf 74' lang='lat' dir='ltr'>floriano.</span> 
     </span>
    </p>
   </div>
   <div class='ocr_carea' id='block_1_5' title="bbox 241 2258 349 2300">
    <p class='ocr_par' dir='ltr' id='par_1_5' title="bbox 241 2258 349 2300">
     <span class='ocr_line' id='line_1_7' title="bbox 241 2258 349 2282; baseline 0.009 -6"><span class='ocrx_word' id='word_1_10' title='bbox 241 2258 292 2279; x_wconf 77' lang='lat' dir='ltr'>item,</span> <span class='ocrx_word' id='word_1_11' title='bbox 306 2264 349 2282; x_wconf 87' lang='lat' dir='ltr'>opu-</span> 
     </span>
     <span class='ocr_line' id='line_1_8' title="bbox 266 2282 322 2300; baseline 0.018 -1"><span class='ocrx_word' id='word_1_12' title='bbox 266 2282 322 2300; x_wconf 77' lang='lat' dir='ltr'>lenta.</span> 
     </span>
    </p>
   </div>
   <div class='ocr_carea' id='block_1_6' title="bbox 370 165 425 193">
    <p class='ocr_par' dir='ltr' id='par_1_6' title="bbox 370 165 425 193">
     <span class='ocr_line' id='line_1_9' title="bbox 370 165 425 193; baseline 0 0"><span class='ocrx_word' id='word_1_13' title='bbox 370 165 425 193; x_wconf 68' lang='lat'>602</span> 
     </span>
    </p>
   </div>
   <div class='ocr_carea' id='block_1_7' title="bbox 365 235 1215 2615">
    <p class='ocr_par' dir='ltr' id='par_1_7' title="bbox 366 235 1213 967">
     <span class='ocr_line' id='line_1_10' title="bbox 369 235 1213 279; baseline -0.007 -9"><span class='ocrx_word' id='word_1_14' title='bbox 369 241 441 279; x_wconf 85' lang='lat' dir='ltr'>quod</span> <span class='ocrx_word' id='word_1_15' title='bbox 465 241 530 278; x_wconf 67' lang='lat' dir='ltr'>ipsa</span> <span class='ocrx_word' id='word_1_16' title='bbox 551 240 655 268; x_wconf 70' lang='lat' dir='ltr'>civitas</span> <span class='ocrx_word' id='word_1_17' title='bbox 676 240 740 275; x_wconf 65' lang='lat' dir='ltr'>test)</span> <span class='ocrx_word' id='word_1_18' title='bbox 761 245 870 266; x_wconf 70' lang='lat' dir='ltr'>att-ram</span> <span class='ocrx_word' id='word_1_19' title='bbox 887 237 1042 269; x_wconf 63' lang='lat' dir='ltr'>eumdum,</span> <span class='ocrx_word' id='word_1_20' title='bbox 1064 235 1158 264; x_wconf 70' lang='lat' dir='ltr'>simile</span> <span class='ocrx_word' id='word_1_21' title='bbox 1172 236 1213 264; x_wconf 65' lang='lat' dir='ltr'>vl-</span> 
     </span>
     <span class='ocr_line' id='line_1_11' title="bbox 370 281 1213 321; baseline -0.008 -5"><span class='ocrx_word' id='word_1_22' title='bbox 370 292 414 317; x_wconf 81' lang='lat' dir='ltr'>tro</span> <span class='ocrx_word' id='word_1_23' title='bbox 435 287 561 316; x_wconf 61' lang='lat' dir='ltr'>mundo.-</span> <span class='ocrx_word' id='word_1_24' title='bbox 580 294 702 318; x_wconf 72' lang='lat' dir='ltr'>aztrwn,</span> <span class='ocrx_word' id='word_1_25' title='bbox 719 287 831 321; x_wconf 85' lang='lat' dir='ltr'>propter</span> <span class='ocrx_word' id='word_1_26' title='bbox 852 283 1003 319; x_wconf 77' lang='lat' dir='ltr'>fulgorem;</span> <span class='ocrx_word' id='word_1_27' title='bbox 1025 281 1118 310; x_wconf 54' lang='lat' dir='ltr'>sinete</span> <span class='ocrx_word' id='word_1_28' title='bbox 1139 281 1213 309; x_wconf 75' lang='lat' dir='ltr'>vitro</span> 
     </span>
     <span class='ocr_line' id='line_1_12' title="bbox 369 329 1213 370; baseline -0.009 -7"><span class='ocrx_word' id='word_1_29' title='bbox 369 335 488 367; x_wconf 77' lang='lat' dir='ltr'>mundo,</span> <span class='ocrx_word' id='word_1_30' title='bbox 512 336 623 370; x_wconf 88' lang='lat' dir='ltr'>propter</span> <span class='ocrx_word' id='word_1_31' title='bbox 646 330 882 367; x_wconf 85' lang='lat' dir='ltr'>transparentiam.</span> <span class='ocrx_word' id='word_1_32' title='bbox 906 329 1129 364; x_wconf 87' lang='lat' dir='ltr'>Uninscuiusque</span> <span class='ocrx_word' id='word_1_33' title='bbox 1150 335 1213 355; x_wconf 86' lang='lat' dir='ltr'>con-</span> 
     </span>
     <span class='ocr_line' id='line_1_13' title="bbox 369 374 1212 415; baseline -0.009 -5"><span class='ocrx_word' id='word_1_34' title='bbox 369 381 481 410; x_wconf 87' lang='lat' dir='ltr'>scientia</span> <span class='ocrx_word' id='word_1_35' title='bbox 502 380 536 408; x_wconf 89' lang='lat' dir='ltr'>ab</span> <span class='ocrx_word' id='word_1_36' title='bbox 558 385 726 415; x_wconf 86' lang='lat' dir='ltr'>unoquoque</span> <span class='ocrx_word' id='word_1_37' title='bbox 748 377 892 405; x_wconf 83' lang='lat' dir='ltr'>Beatorum</span> <span class='ocrx_word' id='word_1_38' title='bbox 921 378 1115 412; x_wconf 75' lang='lat' dir='ltr'>cognoscetur,</span> <span class='ocrx_word' id='word_1_39' title='bbox 1137 377 1164 402; x_wconf 86' lang='lat' dir='ltr'>et</span> <span class='ocrx_word' id='word_1_40' title='bbox 1186 374 1212 402; x_wconf 94' lang='lat' dir='ltr'>in</span> 
     </span>
     <span class='ocr_line' id='line_1_14' title="bbox 370 421 1213 460; baseline -0.012 -3"><span class='ocrx_word' id='word_1_41' title='bbox 370 428 421 456; x_wconf 83' lang='lat' dir='ltr'>hoc</span> <span class='ocrx_word' id='word_1_42' title='bbox 442 427 495 456; x_wconf 82' lang='lat' dir='ltr'>erit</span> <span class='ocrx_word' id='word_1_43' title='bbox 517 425 637 454; x_wconf 84' lang='lat' dir='ltr'>maxima</span> <span class='ocrx_word' id='word_1_44' title='bbox 659 423 824 460; x_wconf 70' lang='lat' dir='ltr'>pulcritudo</span> <span class='ocrx_word' id='word_1_45' title='bbox 847 438 883 442; x_wconf 90' lang='lat'>—</span> <span class='ocrx_word' id='word_1_46' title='bbox 908 422 1023 450; x_wconf 77' lang='lat' dir='ltr'>Econtra</span> <span class='ocrx_word' id='word_1_47' title='bbox 1042 429 1107 449; x_wconf 83' lang='lat' dir='ltr'>vero</span> <span class='ocrx_word' id='word_1_48' title='bbox 1129 421 1213 456; x_wconf 76' lang='lat' dir='ltr'>igitur</span> 
     </span>
     <span class='ocr_line' id='line_1_15' title="bbox 368 467 1212 506; baseline -0.009 -4"><span class='ocrx_word' id='word_1_49' title='bbox 368 473 523 502; x_wconf 83' lang='lat' dir='ltr'>miserrima</span> <span class='ocrx_word' id='word_1_50' title='bbox 544 471 642 503; x_wconf 81' lang='lat' dir='ltr'>anima,</span> <span class='ocrx_word' id='word_1_51' title='bbox 659 477 729 506; x_wconf 82' lang='lat' dir='ltr'>quae</span> <span class='ocrx_word' id='word_1_52' title='bbox 744 473 836 497; x_wconf 81' lang='lat' dir='ltr'>creata</span> <span class='ocrx_word' id='word_1_53' title='bbox 857 472 906 501; x_wconf 81' lang='lat' dir='ltr'>est,</span> <span class='ocrx_word' id='word_1_54' title='bbox 922 471 953 496; x_wconf 85' lang='lat' dir='ltr'>ut</span> <span class='ocrx_word' id='word_1_55' title='bbox 975 468 1047 496; x_wconf 87' lang='lat' dir='ltr'>illam</span> <span class='ocrx_word' id='word_1_56' title='bbox 1065 467 1152 495; x_wconf 79' lang='lat' dir='ltr'>lucem</span> <span class='ocrx_word' id='word_1_57' title='bbox 1168 474 1212 494; x_wconf 86' lang='lat' dir='ltr'>ae-</span> 
     </span>
     <span class='ocr_line' id='line_1_16' title="bbox 369 514 1212 553; baseline -0.008 -5"><span class='ocrx_word' id='word_1_58' title='bbox 369 523 473 548; x_wconf 84' lang='lat' dir='ltr'>ternam</span> <span class='ocrx_word' id='word_1_59' title='bbox 495 517 696 553; x_wconf 82' lang='lat' dir='ltr'>contempletur</span> <span class='ocrx_word' id='word_1_60' title='bbox 717 519 744 544; x_wconf 87' lang='lat' dir='ltr'>et</span> <span class='ocrx_word' id='word_1_61' title='bbox 758 516 793 543; x_wconf 91' lang='lat' dir='ltr'>ab</span> <span class='ocrx_word' id='word_1_62' title='bbox 815 515 867 543; x_wconf 86' lang='lat' dir='ltr'>illis</span> <span class='ocrx_word' id='word_1_63' title='bbox 882 514 1076 551; x_wconf 75' lang='lat' dir='ltr'>splendoribus</span> <span class='ocrx_word' id='word_1_64' title='bbox 1093 514 1212 541; x_wconf 88' lang='lat' dir='ltr'>illustre-</span> 
     </span>
     <span class='ocr_line' id='line_1_17' title="bbox 368 560 1211 598; baseline -0.008 -4"><span class='ocrx_word' id='word_1_65' title='bbox 368 570 423 598; x_wconf 81' lang='lat' dir='ltr'>tur,</span> <span class='ocrx_word' id='word_1_66' title='bbox 445 565 483 593; x_wconf 83' lang='lat' dir='ltr'>sic</span> <span class='ocrx_word' id='word_1_67' title='bbox 504 566 679 593; x_wconf 83' lang='lat' dir='ltr'>excaecatur,</span> <span class='ocrx_word' id='word_1_68' title='bbox 703 565 731 590; x_wconf 88' lang='lat' dir='ltr'>ut</span> <span class='ocrx_word' id='word_1_69' title='bbox 754 562 916 590; x_wconf 79' lang='lat' dir='ltr'>incurvetur</span> <span class='ocrx_word' id='word_1_70' title='bbox 941 561 974 588; x_wconf 88' lang='lat' dir='ltr'>ad</span> <span class='ocrx_word' id='word_1_71' title='bbox 997 561 1048 588; x_wconf 79' lang='lat' dir='ltr'>ista</span> <span class='ocrx_word' id='word_1_72' title='bbox 1070 560 1211 593; x_wconf 77' lang='lat' dir='ltr'>inferiora,</span> 
     </span>
     <span class='ocr_line' id='line_1_18' title="bbox 368 607 1212 647; baseline -0.007 -7"><span class='ocrx_word' id='word_1_73' title='bbox 368 612 409 641; x_wconf 91' lang='lat' dir='ltr'>vel</span> <span class='ocrx_word' id='word_1_74' title='bbox 432 612 457 640; x_wconf 93' lang='lat' dir='ltr'>in</span> <span class='ocrx_word' id='word_1_75' title='bbox 481 609 666 647; x_wconf 72' lang='lat' dir='ltr'>pulcritudine</span> <span class='ocrx_word' id='word_1_76' title='bbox 683 609 807 641; x_wconf 84' lang='lat' dir='ltr'>vestium,</span> <span class='ocrx_word' id='word_1_77' title='bbox 824 616 894 644; x_wconf 86' lang='lat' dir='ltr'>quae</span> <span class='ocrx_word' id='word_1_78' title='bbox 916 607 1026 644; x_wconf 80' lang='lat' dir='ltr'>quidem</span> <span class='ocrx_word' id='word_1_79' title='bbox 1045 611 1133 635; x_wconf 83' lang='lat' dir='ltr'>vestes</span> <span class='ocrx_word' id='word_1_80' title='bbox 1147 610 1212 635; x_wconf 87' lang='lat' dir='ltr'>sunt</span> 
     </span>
     <span class='ocr_line' id='line_1_19' title="bbox 367 653 1212 691; baseline -0.007 -4"><span class='ocrx_word' id='word_1_81' title='bbox 367 659 409 687; x_wconf 89' lang='lat' dir='ltr'>vel</span> <span class='ocrx_word' id='word_1_82' title='bbox 431 666 466 686; x_wconf 83' lang='lat' dir='ltr'>ex</span> <span class='ocrx_word' id='word_1_83' title='bbox 482 656 630 686; x_wconf 78' lang='lat' dir='ltr'>velleribus</span> <span class='ocrx_word' id='word_1_84' title='bbox 654 655 762 687; x_wconf 86' lang='lat' dir='ltr'>ovium,</span> <span class='ocrx_word' id='word_1_85' title='bbox 785 658 816 682; x_wconf 88' lang='lat' dir='ltr'>ut</span> <span class='ocrx_word' id='word_1_86' title='bbox 838 658 911 691; x_wconf 80' lang='lat' dir='ltr'>patet</span> <span class='ocrx_word' id='word_1_87' title='bbox 931 654 955 682; x_wconf 93' lang='lat' dir='ltr'>in</span> <span class='ocrx_word' id='word_1_88' title='bbox 974 654 1097 683; x_wconf 88' lang='lat' dir='ltr'>vestibus</span> <span class='ocrx_word' id='word_1_89' title='bbox 1119 653 1212 687; x_wconf 87' lang='lat' dir='ltr'>laneis,</span> 
     </span>
     <span class='ocr_line' id='line_1_20' title="bbox 367 701 1212 737; baseline -0.006 -4"><span class='ocrx_word' id='word_1_90' title='bbox 367 706 407 734; x_wconf 88' lang='lat' dir='ltr'>vel</span> <span class='ocrx_word' id='word_1_91' title='bbox 430 712 464 733; x_wconf 86' lang='lat' dir='ltr'>ex</span> <span class='ocrx_word' id='word_1_92' title='bbox 487 703 640 732; x_wconf 85' lang='lat' dir='ltr'>visceribus</span> <span class='ocrx_word' id='word_1_93' title='bbox 662 702 807 734; x_wconf 81' lang='lat' dir='ltr'>vermium,</span> <span class='ocrx_word' id='word_1_94' title='bbox 829 705 860 729; x_wconf 88' lang='lat' dir='ltr'>ut</span> <span class='ocrx_word' id='word_1_95' title='bbox 884 704 955 737; x_wconf 79' lang='lat' dir='ltr'>patet</span> <span class='ocrx_word' id='word_1_96' title='bbox 978 701 1003 729; x_wconf 89' lang='lat' dir='ltr'>in</span> <span class='ocrx_word' id='word_1_97' title='bbox 1027 701 1150 729; x_wconf 87' lang='lat' dir='ltr'>vestibus</span> <span class='ocrx_word' id='word_1_98' title='bbox 1171 708 1212 729; x_wconf 91' lang='lat' dir='ltr'>se-</span> 
     </span>
     <span class='ocr_line' id='line_1_21' title="bbox 367 747 1211 784; baseline -0.006 -4"><span class='ocrx_word' id='word_1_99' title='bbox 367 752 445 783; x_wconf 82' lang='lat' dir='ltr'>ricis;</span> <span class='ocrx_word' id='word_1_100' title='bbox 468 751 510 779; x_wconf 83' lang='lat' dir='ltr'>vel</span> <span class='ocrx_word' id='word_1_101' title='bbox 542 750 694 779; x_wconf 83' lang='lat' dir='ltr'>delectetur</span> <span class='ocrx_word' id='word_1_102' title='bbox 726 749 751 776; x_wconf 93' lang='lat' dir='ltr'>in</span> <span class='ocrx_word' id='word_1_103' title='bbox 785 748 971 784; x_wconf 67' lang='lat' dir='ltr'>pulcritudine</span> <span class='ocrx_word' id='word_1_104' title='bbox 1004 747 1211 781; x_wconf 89' lang='lat' dir='ltr'>membrorum,</span> 
     </span>
     <span class='ocr_line' id='line_1_22' title="bbox 366 794 1211 835; baseline -0.006 -8"><span class='ocrx_word' id='word_1_105' title='bbox 366 806 437 835; x_wconf 81' lang='lat' dir='ltr'>quae</span> <span class='ocrx_word' id='word_1_106' title='bbox 458 798 568 834; x_wconf 86' lang='lat' dir='ltr'>quidem</span> <span class='ocrx_word' id='word_1_107' title='bbox 585 797 610 825; x_wconf 90' lang='lat' dir='ltr'>in</span> <span class='ocrx_word' id='word_1_108' title='bbox 628 797 769 833; x_wconf 81' lang='lat' dir='ltr'>pulverem</span> <span class='ocrx_word' id='word_1_109' title='bbox 786 795 945 823; x_wconf 81' lang='lat' dir='ltr'>vilissimam</span> <span class='ocrx_word' id='word_1_110' title='bbox 962 797 989 822; x_wconf 85' lang='lat' dir='ltr'>et</span> <span class='ocrx_word' id='word_1_111' title='bbox 1007 794 1211 823; x_wconf 75' lang='lat' dir='ltr'>foetidissimam</span> 
     </span>
     <span class='ocr_line' id='line_1_23' title="bbox 366 840 1212 882; baseline -0.007 -8"><span class='ocrx_word' id='word_1_112' title='bbox 366 845 540 882; x_wconf 77' lang='lat' dir='ltr'>putredinem</span> <span class='ocrx_word' id='word_1_113' title='bbox 563 843 709 880; x_wconf 83' lang='lat' dir='ltr'>redigenda</span> <span class='ocrx_word' id='word_1_114' title='bbox 725 845 789 871; x_wconf 89' lang='lat' dir='ltr'>sunt</span> <span class='ocrx_word' id='word_1_115' title='bbox 804 846 831 870; x_wconf 90' lang='lat' dir='ltr'>et</span> <span class='ocrx_word' id='word_1_116' title='bbox 845 851 859 869; x_wconf 84' lang='lat' dir='ltr'>a</span> <span class='ocrx_word' id='word_1_117' title='bbox 878 841 1017 870; x_wconf 85' lang='lat' dir='ltr'>vermibus</span> <span class='ocrx_word' id='word_1_118' title='bbox 1032 840 1212 874; x_wconf 82' lang='lat' dir='ltr'>corrodenda,</span> 
     </span>
     <span class='ocr_line' id='line_1_24' title="bbox 366 887 1212 926; baseline -0.007 -5"><span class='ocrx_word' id='word_1_119' title='bbox 366 896 393 921; x_wconf 90' lang='lat' dir='ltr'>et</span> <span class='ocrx_word' id='word_1_120' title='bbox 414 892 533 920; x_wconf 86' lang='lat' dir='ltr'>dimittat</span> <span class='ocrx_word' id='word_1_121' title='bbox 554 891 627 918; x_wconf 90' lang='lat' dir='ltr'>illam</span> <span class='ocrx_word' id='word_1_122' title='bbox 657 888 870 926; x_wconf 82' lang='lat' dir='ltr'>pulcritudinem</span> <span class='ocrx_word' id='word_1_123' title='bbox 900 888 1112 924; x_wconf 75' lang='lat' dir='ltr'>sempiternain;</span> <span class='ocrx_word' id='word_1_124' title='bbox 1140 887 1212 916; x_wconf 90' lang='lat' dir='ltr'>istud</span> 
     </span>
     <span class='ocr_line' id='line_1_25' title="bbox 367 936 832 967; baseline -0.009 0"><span class='ocrx_word' id='word_1_125' title='bbox 367 939 476 967; x_wconf 89' lang='lat' dir='ltr'>videtur</span> <span class='ocrx_word' id='word_1_126' title='bbox 497 945 556 967; x_wconf 86' lang='lat' dir='ltr'>esse</span> <span class='ocrx_word' id='word_1_127' title='bbox 577 937 681 965; x_wconf 81' lang='lat' dir='ltr'>insania</span> <span class='ocrx_word' id='word_1_128' title='bbox 704 936 832 964; x_wconf 82' lang='lat' dir='ltr'>maxima.</span> 
     </span>
    </p>

    <p class='ocr_par' dir='ltr' id='par_1_8' title="bbox 365 981 1214 2194">
     <span class='ocr_line' id='line_1_26' title="bbox 445 981 1212 1019; baseline -0.005 -6"><span class='ocrx_word' id='word_1_129' title='bbox 445 985 552 1018; x_wconf 82' lang='lat' dir='ltr'>Tertio,</span> <span class='ocrx_word' id='word_1_130' title='bbox 574 984 707 1012; x_wconf 66' lang='lat' dir='ltr'>deliciosa</span> <span class='ocrx_word' id='word_1_131' title='bbox 739 990 787 1019; x_wconf 85' lang='lat' dir='ltr'>per</span> <span class='ocrx_word' id='word_1_132' title='bbox 809 982 980 1010; x_wconf 74' lang='lat' dir='ltr'>influentiam</span> <span class='ocrx_word' id='word_1_133' title='bbox 1007 981 1212 1010; x_wconf 87' lang='lat' dir='ltr'>benevolentiae</span> 
     </span>
     <span class='ocr_line' id='line_1_27' title="bbox 367 1028 1213 1069; baseline -0.007 -8"><span class='ocrx_word' id='word_1_134' title='bbox 367 1033 485 1069; x_wconf 78' lang='lat' dir='ltr'>Spiritus</span> <span class='ocrx_word' id='word_1_135' title='bbox 507 1031 608 1063; x_wconf 82' lang='lat' dir='ltr'>sancti;</span> <span class='ocrx_word' id='word_1_136' title='bbox 632 1030 704 1058; x_wconf 82' lang='lat' dir='ltr'>unde</span> <span class='ocrx_word' id='word_1_137' title='bbox 728 1030 849 1058; x_wconf 81' lang='lat' dir='ltr'>l’salinus</span> <span class='ocrx_word' id='word_1_138' title='bbox 866 1031 889 1056; x_wconf 91' lang='lat'>¹:</span> <span class='ocrx_word' id='word_1_139' title='bbox 915 1029 1060 1057; x_wconf 67' lang='lat' dir='ltr'>Fluminis</span> <span class='ocrx_word' id='word_1_140' title='bbox 1089 1028 1213 1064; x_wconf 71' lang='lat' dir='ltr'>impetus</span> 
     </span>
     <span class='ocr_line' id='line_1_28' title="bbox 367 1075 1213 1115; baseline -0.006 -7"><span class='ocrx_word' id='word_1_141' title='bbox 367 1079 504 1115; x_wconf 73' lang='lat' dir='ltr'>laetificat</span> <span class='ocrx_word' id='word_1_142' title='bbox 525 1078 666 1106; x_wconf 70' lang='lat' dir='ltr'>ciuitatem</span> <span class='ocrx_word' id='word_1_143' title='bbox 693 1077 751 1105; x_wconf 72' lang='lat' dir='ltr'>Del.</span> <span class='ocrx_word' id='word_1_144' title='bbox 781 1076 926 1104; x_wconf 69' lang='lat' dir='ltr'>blavnlnc&#39;s</span> <span class='ocrx_word' id='word_1_145' title='bbox 954 1076 1094 1112; x_wconf 56' lang='lat' dir='ltr'>impetus,</span> <span class='ocrx_word' id='word_1_146' title='bbox 1124 1075 1148 1103; x_wconf 92' lang='lat' dir='ltr'>id</span> <span class='ocrx_word' id='word_1_147' title='bbox 1171 1077 1213 1103; x_wconf 86' lang='lat' dir='ltr'>est</span> 
     </span>
     <span class='ocr_line' id='line_1_29' title="bbox 367 1122 1211 1162; baseline -0.006 -7"><span class='ocrx_word' id='word_1_148' title='bbox 367 1127 412 1155; x_wconf 75' lang='lat' dir='ltr'>ille</span> <span class='ocrx_word' id='word_1_149' title='bbox 432 1126 542 1162; x_wconf 65' lang='lat' dir='ltr'>fluctus</span> <span class='ocrx_word' id='word_1_150' title='bbox 564 1126 666 1162; x_wconf 69' lang='lat' dir='ltr'>lyncas</span> <span class='ocrx_word' id='word_1_151' title='bbox 689 1124 886 1161; x_wconf 62' lang='lat' dir='ltr'>rapidusque,</span> <span class='ocrx_word' id='word_1_152' title='bbox 909 1123 956 1160; x_wconf 87' lang='lat' dir='ltr'>qui</span> <span class='ocrx_word' id='word_1_153' title='bbox 972 1123 1007 1151; x_wconf 87' lang='lat' dir='ltr'>ab</span> <span class='ocrx_word' id='word_1_154' title='bbox 1021 1131 1069 1151; x_wconf 85' lang='lat' dir='ltr'>ore</span> <span class='ocrx_word' id='word_1_155' title='bbox 1084 1122 1211 1151; x_wconf 70' lang='lat' dir='ltr'>Altissimi</span> 
     </span>
     <span class='ocr_line' id='line_1_30' title="bbox 366 1169 1212 1210; baseline -0.006 -9"><span class='ocrx_word' id='word_1_156' title='bbox 366 1173 523 1210; x_wconf 68' lang='lat' dir='ltr'>eyreditur,</span> <span class='ocrx_word' id='word_1_157' title='bbox 540 1171 658 1199; x_wconf 81' lang='lat' dir='ltr'>Danielis</span> <span class='ocrx_word' id='word_1_158' title='bbox 679 1171 812 1207; x_wconf 84' lang='lat' dir='ltr'>septimo,</span> <span class='ocrx_word' id='word_1_159' title='bbox 834 1170 937 1198; x_wconf 85' lang='lat' dir='ltr'>seilicet</span> <span class='ocrx_word' id='word_1_160' title='bbox 957 1169 1076 1206; x_wconf 79' lang='lat' dir='ltr'>Spiritus</span> <span class='ocrx_word' id='word_1_161' title='bbox 1091 1172 1212 1202; x_wconf 82' lang='lat' dir='ltr'>sanctus,</span> 
     </span>
     <span class='ocr_line' id='line_1_31' title="bbox 366 1216 1211 1256; baseline -0.005 -8"><span class='ocrx_word' id='word_1_162' title='bbox 366 1220 412 1256; x_wconf 86' lang='lat' dir='ltr'>qni</span> <span class='ocrx_word' id='word_1_163' title='bbox 435 1223 475 1248; x_wconf 85' lang='lat' dir='ltr'>est</span> <span class='ocrx_word' id='word_1_164' title='bbox 489 1219 655 1247; x_wconf 85' lang='lat' dir='ltr'>desiderium</span> <span class='ocrx_word' id='word_1_165' title='bbox 672 1218 829 1251; x_wconf 85' lang='lat' dir='ltr'>Beatoruin,</span> <span class='ocrx_word' id='word_1_166' title='bbox 851 1217 897 1253; x_wconf 89' lang='lat' dir='ltr'>qui</span> <span class='ocrx_word' id='word_1_167' title='bbox 921 1217 959 1245; x_wconf 86' lang='lat' dir='ltr'>eis</span> <span class='ocrx_word' id='word_1_168' title='bbox 980 1216 1118 1250; x_wconf 84' lang='lat' dir='ltr'>illabitur;</span> <span class='ocrx_word' id='word_1_169' title='bbox 1135 1219 1211 1244; x_wconf 85' lang='lat' dir='ltr'>etex</span> 
     </span>
     <span class='ocr_line' id='line_1_32' title="bbox 366 1263 1212 1302; baseline -0.005 -7"><span class='ocrx_word' id='word_1_170' title='bbox 366 1268 425 1296; x_wconf 84' lang='lat' dir='ltr'>eius</span> <span class='ocrx_word' id='word_1_171' title='bbox 446 1267 543 1302; x_wconf 87' lang='lat' dir='ltr'>illapsu</span> <span class='ocrx_word' id='word_1_172' title='bbox 568 1265 731 1294; x_wconf 81' lang='lat' dir='ltr'>reficiuntur</span> <span class='ocrx_word' id='word_1_173' title='bbox 753 1268 780 1293; x_wconf 86' lang='lat' dir='ltr'>et</span> <span class='ocrx_word' id='word_1_174' title='bbox 802 1264 994 1297; x_wconf 78' lang='lat' dir='ltr'>laetificantur,</span> <span class='ocrx_word' id='word_1_175' title='bbox 1023 1264 1088 1300; x_wconf 80' lang='lat' dir='ltr'>qnia</span> <span class='ocrx_word' id='word_1_176' title='bbox 1108 1263 1212 1292; x_wconf 89' lang='lat' dir='ltr'>deside-</span> 
     </span>
     <span class='ocr_line' id='line_1_33' title="bbox 366 1310 1212 1349; baseline -0.006 -6"><span class='ocrx_word' id='word_1_177' title='bbox 366 1315 448 1346; x_wconf 86' lang='lat' dir='ltr'>rium,</span> <span class='ocrx_word' id='word_1_178' title='bbox 470 1314 490 1342; x_wconf 88' lang='lat' dir='ltr'>si</span> <span class='ocrx_word' id='word_1_179' title='bbox 515 1312 683 1349; x_wconf 84' lang='lat' dir='ltr'>perficiatur,</span> <span class='ocrx_word' id='word_1_180' title='bbox 701 1312 819 1340; x_wconf 82' lang='lat' dir='ltr'>delectat</span> <span class='ocrx_word' id='word_1_181' title='bbox 839 1311 976 1344; x_wconf 84' lang='lat' dir='ltr'>animam;</span> <span class='ocrx_word' id='word_1_182' title='bbox 1000 1310 1212 1339; x_wconf 85' lang='lat' dir='ltr'>Proverbiorum</span> 
     </span>
     <span class='ocr_line' id='line_1_34' title="bbox 366 1356 1213 1394; baseline -0.006 -5"><span class='ocrx_word' id='word_1_183' title='bbox 366 1361 471 1389; x_wconf 86' lang='lat' dir='ltr'>decimo</span> <span class='ocrx_word' id='word_1_184' title='bbox 494 1359 589 1387; x_wconf 82' lang='lat' dir='ltr'>tertio:</span> <span class='ocrx_word' id='word_1_185' title='bbox 616 1358 809 1391; x_wconf 67' lang='lat' dir='ltr'>Desideria-m,</span> <span class='ocrx_word' id='word_1_186' title='bbox 831 1358 859 1386; x_wconf 77' lang='lat' dir='ltr'>sl</span> <span class='ocrx_word' id='word_1_187' title='bbox 879 1357 1069 1394; x_wconf 73' lang='lat' dir='ltr'>compleatur,</span> <span class='ocrx_word' id='word_1_188' title='bbox 1095 1356 1213 1385; x_wconf 75' lang='lat' dir='ltr'>delectat</span> 
     </span>
     <span class='ocr_line' id='line_1_35' title="bbox 367 1405 1213 1446; baseline -0.005 -10"><span class='ocrx_word' id='word_1_189' title='bbox 367 1408 507 1437; x_wconf 75' lang='lat' dir='ltr'>animam.</span> <span class='ocrx_word' id='word_1_190' title='bbox 526 1406 618 1439; x_wconf 89' lang='lat' dir='ltr'>immo,</span> <span class='ocrx_word' id='word_1_191' title='bbox 632 1413 693 1434; x_wconf 84' lang='lat' dir='ltr'>cum</span> <span class='ocrx_word' id='word_1_192' title='bbox 715 1417 727 1430; x_wconf 88' lang='lat'>«</span> <span class='ocrx_word' id='word_1_193' title='bbox 740 1405 885 1434; x_wconf 69' lang='lat' dir='ltr'>delectatio</span> <span class='ocrx_word' id='word_1_194' title='bbox 897 1405 932 1433; x_wconf 86' lang='lat' dir='ltr'>sit</span> <span class='ocrx_word' id='word_1_195' title='bbox 947 1405 1103 1446; x_wconf 77' lang='lat' dir='ltr'>coniupctio</span> <span class='ocrx_word' id='word_1_196' title='bbox 1114 1411 1213 1432; x_wconf 86' lang='lat' dir='ltr'>conve—</span> 
     </span>
     <span class='ocr_line' id='line_1_36' title="bbox 367 1451 1213 1488; baseline -0.005 -5"><span class='ocrx_word' id='word_1_197' title='bbox 367 1454 465 1483; x_wconf 83' lang='lat' dir='ltr'>nientis</span> <span class='ocrx_word' id='word_1_198' title='bbox 487 1461 549 1482; x_wconf 90' lang='lat' dir='ltr'>cum</span> <span class='ocrx_word' id='word_1_199' title='bbox 572 1452 743 1481; x_wconf 84' lang='lat' dir='ltr'>convenienti</span> <span class='ocrx_word' id='word_1_200' title='bbox 760 1452 770 1468; x_wconf 69' lang='lat'>2</span> <span class='ocrx_word' id='word_1_201' title='bbox 786 1464 813 1485; x_wconf 84' lang='lat'>»,</span> <span class='ocrx_word' id='word_1_202' title='bbox 835 1455 861 1479; x_wconf 92' lang='lat' dir='ltr'>et</span> <span class='ocrx_word' id='word_1_203' title='bbox 883 1452 918 1480; x_wconf 89' lang='lat' dir='ltr'>ibi</span> <span class='ocrx_word' id='word_1_204' title='bbox 942 1452 1000 1488; x_wconf 87' lang='lat' dir='ltr'>ipse</span> <span class='ocrx_word' id='word_1_205' title='bbox 1019 1451 1137 1488; x_wconf 80' lang='lat' dir='ltr'>Spiritus</span> <span class='ocrx_word' id='word_1_206' title='bbox 1152 1459 1213 1480; x_wconf 91' lang='lat' dir='ltr'>san-</span> 
     </span>
     <span class='ocr_line' id='line_1_37' title="bbox 366 1497 1213 1535; baseline -0.004 -6"><span class='ocrx_word' id='word_1_207' title='bbox 366 1505 426 1530; x_wconf 88' lang='lat' dir='ltr'>ctus</span> <span class='ocrx_word' id='word_1_208' title='bbox 448 1500 535 1528; x_wconf 85' lang='lat' dir='ltr'>Beatis</span> <span class='ocrx_word' id='word_1_209' title='bbox 557 1500 651 1527; x_wconf 88' lang='lat' dir='ltr'>intime</span> <span class='ocrx_word' id='word_1_210' title='bbox 673 1499 871 1535; x_wconf 71' lang='lat' dir='ltr'>coniungatur,</span> <span class='ocrx_word' id='word_1_211' title='bbox 894 1498 928 1527; x_wconf 88' lang='lat' dir='ltr'>ibi</span> <span class='ocrx_word' id='word_1_212' title='bbox 952 1501 993 1526; x_wconf 89' lang='lat' dir='ltr'>est</span> <span class='ocrx_word' id='word_1_213' title='bbox 1014 1506 1123 1526; x_wconf 87' lang='lat' dir='ltr'>summa</span> <span class='ocrx_word' id='word_1_214' title='bbox 1141 1497 1213 1526; x_wconf 85' lang='lat' dir='ltr'>dele-</span> 
     </span>
     <span class='ocr_line' id='line_1_38' title="bbox 366 1545 1214 1578; baseline -0.006 -1"><span class='ocrx_word' id='word_1_215' title='bbox 366 1548 462 1578; x_wconf 82' lang='lat' dir='ltr'>ctatio:</span> <span class='ocrx_word' id='word_1_216' title='bbox 494 1551 521 1575; x_wconf 86' lang='lat' dir='ltr'>et</span> <span class='ocrx_word' id='word_1_217' title='bbox 543 1547 614 1575; x_wconf 84' lang='lat' dir='ltr'>sicut</span> <span class='ocrx_word' id='word_1_218' title='bbox 645 1554 681 1574; x_wconf 85' lang='lat' dir='ltr'>ex</span> <span class='ocrx_word' id='word_1_219' title='bbox 708 1554 773 1574; x_wconf 85' lang='lat' dir='ltr'>vera</span> <span class='ocrx_word' id='word_1_220' title='bbox 805 1545 997 1574; x_wconf 84' lang='lat' dir='ltr'>coniunctione</span> <span class='ocrx_word' id='word_1_221' title='bbox 1026 1545 1214 1574; x_wconf 85' lang='lat' dir='ltr'>convenientis</span> 
     </span>
     <span class='ocr_line' id='line_1_39' title="bbox 366 1592 1214 1628; baseline -0.005 -4"><span class='ocrx_word' id='word_1_222' title='bbox 366 1603 428 1624; x_wconf 85' lang='lat' dir='ltr'>cum</span> <span class='ocrx_word' id='word_1_223' title='bbox 444 1594 614 1623; x_wconf 80' lang='lat' dir='ltr'>convenienti</span> <span class='ocrx_word' id='word_1_224' title='bbox 632 1593 748 1622; x_wconf 86' lang='lat' dir='ltr'>resultat</span> <span class='ocrx_word' id='word_1_225' title='bbox 764 1600 829 1621; x_wconf 88' lang='lat' dir='ltr'>vera</span> <span class='ocrx_word' id='word_1_226' title='bbox 844 1593 1003 1626; x_wconf 76' lang='lat' dir='ltr'>delectatio,</span> <span class='ocrx_word' id='word_1_227' title='bbox 1026 1592 1063 1620; x_wconf 86' lang='lat' dir='ltr'>ita</span> <span class='ocrx_word' id='word_1_228' title='bbox 1078 1600 1112 1621; x_wconf 81' lang='lat' dir='ltr'>ex</span> <span class='ocrx_word' id='word_1_229' title='bbox 1130 1592 1214 1628; x_wconf 81' lang='lat' dir='ltr'>plian—</span> 
     </span>
     <span class='ocr_line' id='line_1_40' title="bbox 366 1639 1212 1677; baseline -0.004 -7"><span class='ocrx_word' id='word_1_230' title='bbox 366 1642 461 1670; x_wconf 84' lang='lat' dir='ltr'>tastica</span> <span class='ocrx_word' id='word_1_231' title='bbox 482 1641 673 1669; x_wconf 87' lang='lat' dir='ltr'>coniunctione</span> <span class='ocrx_word' id='word_1_232' title='bbox 696 1640 867 1677; x_wconf 83' lang='lat' dir='ltr'>phantastica</span> <span class='ocrx_word' id='word_1_233' title='bbox 888 1639 1040 1668; x_wconf 78' lang='lat' dir='ltr'>delectatio.</span> <span class='ocrx_word' id='word_1_234' title='bbox 1058 1639 1127 1673; x_wconf 84' lang='lat' dir='ltr'>ideo,</span> <span class='ocrx_word' id='word_1_235' title='bbox 1149 1647 1212 1667; x_wconf 89' lang='lat' dir='ltr'>cum</span> 
     </span>
     <span class='ocr_line' id='line_1_41' title="bbox 365 1687 1212 1722; baseline -0.005 -4"><span class='ocrx_word' id='word_1_236' title='bbox 365 1690 414 1718; x_wconf 85' lang='lat' dir='ltr'>ista</span> <span class='ocrx_word' id='word_1_237' title='bbox 437 1688 575 1717; x_wconf 80' lang='lat' dir='ltr'>sensibilia</span> <span class='ocrx_word' id='word_1_238' title='bbox 590 1695 643 1716; x_wconf 93' lang='lat' dir='ltr'>non</span> <span class='ocrx_word' id='word_1_239' title='bbox 660 1687 808 1716; x_wconf 86' lang='lat' dir='ltr'>immutent</span> <span class='ocrx_word' id='word_1_240' title='bbox 822 1695 934 1715; x_wconf 86' lang='lat' dir='ltr'>sensum</span> <span class='ocrx_word' id='word_1_241' title='bbox 957 1687 1007 1715; x_wconf 90' lang='lat' dir='ltr'>nisi</span> <span class='ocrx_word' id='word_1_242' title='bbox 1030 1694 1079 1722; x_wconf 91' lang='lat' dir='ltr'>per</span> <span class='ocrx_word' id='word_1_243' title='bbox 1094 1687 1212 1722; x_wconf 90' lang='lat' dir='ltr'>speciem</span> 
     </span>
     <span class='ocr_line' id='line_1_42' title="bbox 366 1733 1211 1770; baseline -0.004 -6"><span class='ocrx_word' id='word_1_244' title='bbox 366 1737 422 1764; x_wconf 83' lang='lat' dir='ltr'>sive</span> <span class='ocrx_word' id='word_1_245' title='bbox 443 1735 661 1768; x_wconf 87' lang='lat' dir='ltr'>similitudinem,</span> <span class='ocrx_word' id='word_1_246' title='bbox 682 1738 707 1763; x_wconf 80' lang='lat' dir='ltr'>et</span> <span class='ocrx_word' id='word_1_247' title='bbox 724 1734 828 1770; x_wconf 89' lang='lat' dir='ltr'>species</span> <span class='ocrx_word' id='word_1_248' title='bbox 850 1734 889 1762; x_wconf 85' lang='lat' dir='ltr'>rei</span> <span class='ocrx_word' id='word_1_249' title='bbox 908 1734 965 1762; x_wconf 84' lang='lat' dir='ltr'>sive</span> <span class='ocrx_word' id='word_1_250' title='bbox 987 1733 1137 1762; x_wconf 89' lang='lat' dir='ltr'>similitudo</span> <span class='ocrx_word' id='word_1_251' title='bbox 1158 1742 1211 1762; x_wconf 93' lang='lat' dir='ltr'>non</span> 
     </span>
     <span class='ocr_line' id='line_1_43' title="bbox 366 1780 1212 1817; baseline -0.004 -6"><span class='ocrx_word' id='word_1_252' title='bbox 366 1783 400 1811; x_wconf 86' lang='lat' dir='ltr'>sit</span> <span class='ocrx_word' id='word_1_253' title='bbox 422 1783 522 1811; x_wconf 87' lang='lat' dir='ltr'>veritas</span> <span class='ocrx_word' id='word_1_254' title='bbox 538 1782 592 1815; x_wconf 87' lang='lat' dir='ltr'>rei,</span> <span class='ocrx_word' id='word_1_255' title='bbox 615 1781 695 1810; x_wconf 85' lang='lat' dir='ltr'>etsie</span> <span class='ocrx_word' id='word_1_256' title='bbox 716 1789 769 1809; x_wconf 90' lang='lat' dir='ltr'>non</span> <span class='ocrx_word' id='word_1_257' title='bbox 787 1781 871 1817; x_wconf 85' lang='lat' dir='ltr'>possit</span> <span class='ocrx_word' id='word_1_258' title='bbox 886 1789 945 1809; x_wconf 85' lang='lat' dir='ltr'>esse</span> <span class='ocrx_word' id='word_1_259' title='bbox 961 1788 1026 1809; x_wconf 83' lang='lat' dir='ltr'>vera</span> <span class='ocrx_word' id='word_1_260' title='bbox 1047 1780 1212 1813; x_wconf 87' lang='lat' dir='ltr'>coniunctio,</span> 
     </span>
     <span class='ocr_line' id='line_1_44' title="bbox 366 1827 1213 1866; baseline -0.004 -8"><span class='ocrx_word' id='word_1_261' title='bbox 366 1830 411 1859; x_wconf 89' lang='lat' dir='ltr'>sed</span> <span class='ocrx_word' id='word_1_262' title='bbox 428 1829 612 1866; x_wconf 76' lang='lat' dir='ltr'>phantastica3</span> <span class='ocrx_word' id='word_1_263' title='bbox 637 1829 696 1857; x_wconf 89' lang='lat' dir='ltr'>ideo</span> <span class='ocrx_word' id='word_1_264' title='bbox 711 1836 760 1857; x_wconf 85' lang='lat' dir='ltr'>nec</span> <span class='ocrx_word' id='word_1_265' title='bbox 780 1836 846 1856; x_wconf 88' lang='lat' dir='ltr'>vera</span> <span class='ocrx_word' id='word_1_266' title='bbox 866 1827 1010 1856; x_wconf 80' lang='lat' dir='ltr'>delectatio</span> <span class='ocrx_word' id='word_1_267' title='bbox 1026 1828 1051 1856; x_wconf 91' lang='lat' dir='ltr'>in</span> <span class='ocrx_word' id='word_1_268' title='bbox 1076 1827 1133 1856; x_wconf 91' lang='lat' dir='ltr'>istis</span> <span class='ocrx_word' id='word_1_269' title='bbox 1154 1835 1213 1856; x_wconf 84' lang='lat' dir='ltr'>sen-</span> 
     </span>
     <span class='ocr_line' id='line_1_45' title="bbox 366 1873 1214 1911; baseline -0.004 -7"><span class='ocrx_word' id='word_1_270' title='bbox 366 1876 499 1905; x_wconf 84' lang='lat' dir='ltr'>sibilibus.</span> <span class='ocrx_word' id='word_1_271' title='bbox 514 1892 549 1895; x_wconf 92' lang='lat'>—</span> <span class='ocrx_word' id='word_1_272' title='bbox 566 1875 641 1904; x_wconf 85' lang='lat' dir='ltr'>Unde</span> <span class='ocrx_word' id='word_1_273' title='bbox 657 1875 701 1903; x_wconf 90' lang='lat' dir='ltr'>ille</span> <span class='ocrx_word' id='word_1_274' title='bbox 716 1875 763 1911; x_wconf 91' lang='lat' dir='ltr'>qni</span> <span class='ocrx_word' id='word_1_275' title='bbox 782 1874 841 1903; x_wconf 85' lang='lat' dir='ltr'>istis</span> <span class='ocrx_word' id='word_1_276' title='bbox 856 1874 916 1902; x_wconf 93' lang='lat' dir='ltr'>vuit</span> <span class='ocrx_word' id='word_1_277' title='bbox 929 1873 1069 1907; x_wconf 87' lang='lat' dir='ltr'>delectari,</span> <span class='ocrx_word' id='word_1_278' title='bbox 1084 1874 1214 1902; x_wconf 87' lang='lat' dir='ltr'>assimila—</span> 
     </span>
     <span class='ocr_line' id='line_1_46' title="bbox 366 1921 1214 1959; baseline -0.004 -8"><span class='ocrx_word' id='word_1_279' title='bbox 366 1927 412 1952; x_wconf 87' lang='lat' dir='ltr'>tur</span> <span class='ocrx_word' id='word_1_280' title='bbox 427 1931 523 1959; x_wconf 87' lang='lat' dir='ltr'>puer0‚</span> <span class='ocrx_word' id='word_1_281' title='bbox 538 1923 584 1959; x_wconf 89' lang='lat' dir='ltr'>qui</span> <span class='ocrx_word' id='word_1_282' title='bbox 602 1922 660 1950; x_wconf 92' lang='lat' dir='ltr'>vult</span> <span class='ocrx_word' id='word_1_283' title='bbox 675 1922 800 1958; x_wconf 85' lang='lat' dir='ltr'>accipere</span> <span class='ocrx_word' id='word_1_284' title='bbox 814 1929 915 1950; x_wconf 89' lang='lat' dir='ltr'>aurum</span> <span class='ocrx_word' id='word_1_285' title='bbox 932 1921 958 1949; x_wconf 90' lang='lat' dir='ltr'>in</span> <span class='ocrx_word' id='word_1_286' title='bbox 975 1921 1099 1957; x_wconf 88' lang='lat' dir='ltr'>pictura,</span> <span class='ocrx_word' id='word_1_287' title='bbox 1119 1921 1161 1949; x_wconf 85' lang='lat' dir='ltr'>vel</span> <span class='ocrx_word' id='word_1_288' title='bbox 1178 1921 1214 1949; x_wconf 80' lang='lat' dir='ltr'>fa-</span> 
     </span>
     <span class='ocr_line' id='line_1_47' title="bbox 366 1968 1213 2007; baseline -0.004 -8"><span class='ocrx_word' id='word_1_289' title='bbox 366 1975 423 2004; x_wconf 85' lang='lat' dir='ltr'>tuo,</span> <span class='ocrx_word' id='word_1_290' title='bbox 440 1971 501 2007; x_wconf 82' lang='lat' dir='ltr'>qui,</span> <span class='ocrx_word' id='word_1_291' title='bbox 518 1970 612 1998; x_wconf 88' lang='lat' dir='ltr'>videns</span> <span class='ocrx_word' id='word_1_292' title='bbox 628 1969 755 1997; x_wconf 87' lang='lat' dir='ltr'>umbram</span> <span class='ocrx_word' id='word_1_293' title='bbox 773 1969 853 1997; x_wconf 87' lang='lat' dir='ltr'>lunae</span> <span class='ocrx_word' id='word_1_294' title='bbox 869 1969 894 1996; x_wconf 94' lang='lat' dir='ltr'>in</span> <span class='ocrx_word' id='word_1_295' title='bbox 912 1973 1003 2005; x_wconf 82' lang='lat' dir='ltr'>puteo,</span> <span class='ocrx_word' id='word_1_296' title='bbox 1018 1968 1167 2002; x_wconf 84' lang='lat' dir='ltr'>descendit,</span> <span class='ocrx_word' id='word_1_297' title='bbox 1182 1971 1213 1997; x_wconf 92' lang='lat' dir='ltr'>ut</span> 
     </span>
     <span class='ocr_line' id='line_1_48' title="bbox 366 2015 1212 2054; baseline -0.004 -8"><span class='ocrx_word' id='word_1_298' title='bbox 366 2018 454 2054; x_wconf 84' lang='lat' dir='ltr'>capiat</span> <span class='ocrx_word' id='word_1_299' title='bbox 474 2025 549 2050; x_wconf 85' lang='lat' dir='ltr'>eam,</span> <span class='ocrx_word' id='word_1_300' title='bbox 572 2017 613 2045; x_wconf 83' lang='lat' dir='ltr'>vel</span> <span class='ocrx_word' id='word_1_301' title='bbox 637 2016 712 2049; x_wconf 86' lang='lat' dir='ltr'>cani,</span> <span class='ocrx_word' id='word_1_302' title='bbox 728 2016 790 2052; x_wconf 85' lang='lat' dir='ltr'>qui,</span> <span class='ocrx_word' id='word_1_303' title='bbox 807 2015 901 2044; x_wconf 88' lang='lat' dir='ltr'>videns</span> <span class='ocrx_word' id='word_1_304' title='bbox 922 2015 1050 2043; x_wconf 88' lang='lat' dir='ltr'>umbram</span> <span class='ocrx_word' id='word_1_305' title='bbox 1073 2015 1164 2044; x_wconf 91' lang='lat' dir='ltr'>carnis</span> <span class='ocrx_word' id='word_1_306' title='bbox 1186 2015 1212 2043; x_wconf 90' lang='lat' dir='ltr'>in</span> 
     </span>
     <span class='ocr_line' id='line_1_49' title="bbox 365 2062 1211 2101; baseline -0.002 -9"><span class='ocrx_word' id='word_1_307' title='bbox 365 2073 452 2101; x_wconf 82' lang='lat' dir='ltr'>aqua,</span> <span class='ocrx_word' id='word_1_308' title='bbox 484 2065 568 2092; x_wconf 83' lang='lat' dir='ltr'>intrat</span> <span class='ocrx_word' id='word_1_309' title='bbox 599 2071 709 2100; x_wconf 80' lang='lat' dir='ltr'>aquam.</span> <span class='ocrx_word' id='word_1_310' title='bbox 736 2063 787 2099; x_wconf 84' lang='lat' dir='ltr'>Qui</span> <span class='ocrx_word' id='word_1_311' title='bbox 820 2070 886 2099; x_wconf 85' lang='lat' dir='ltr'>ergo</span> <span class='ocrx_word' id='word_1_312' title='bbox 916 2062 1050 2091; x_wconf 88' lang='lat' dir='ltr'>veraciter</span> <span class='ocrx_word' id='word_1_313' title='bbox 1082 2062 1211 2090; x_wconf 85' lang='lat' dir='ltr'>delectari</span> 
     </span>
     <span class='ocr_line' id='line_1_50' title="bbox 366 2108 1214 2148; baseline -0.004 -9"><span class='ocrx_word' id='word_1_314' title='bbox 366 2111 489 2148; x_wconf 80' lang='lat' dir='ltr'>quaerit,</span> <span class='ocrx_word' id='word_1_315' title='bbox 512 2113 677 2147; x_wconf 81' lang='lat' dir='ltr'>properetur</span> <span class='ocrx_word' id='word_1_316' title='bbox 699 2109 732 2138; x_wconf 86' lang='lat' dir='ltr'>ad</span> <span class='ocrx_word' id='word_1_317' title='bbox 761 2109 835 2137; x_wconf 86' lang='lat' dir='ltr'>illam</span> <span class='ocrx_word' id='word_1_318' title='bbox 857 2109 994 2138; x_wconf 83' lang='lat' dir='ltr'>civitatem</span> <span class='ocrx_word' id='word_1_319' title='bbox 1017 2108 1214 2145; x_wconf 85' lang='lat' dir='ltr'>incorruptibi-</span> 
     </span>
     <span class='ocr_line' id='line_1_51' title="bbox 367 2157 699 2194; baseline -0.003 -9"><span class='ocrx_word' id='word_1_320' title='bbox 367 2158 436 2191; x_wconf 88' lang='lat' dir='ltr'>lem,</span> <span class='ocrx_word' id='word_1_321' title='bbox 461 2158 566 2194; x_wconf 80' lang='lat' dir='ltr'>plenam</span> <span class='ocrx_word' id='word_1_322' title='bbox 588 2157 699 2185; x_wconf 89' lang='lat' dir='ltr'>deliciis.</span> 
     </span>
    </p>

    <p class='ocr_par' dir='ltr' id='par_1_9' title="bbox 365 2203 1215 2615">
     <span class='ocr_line' id='line_1_52' title="bbox 445 2203 1214 2241; baseline -0.003 -8"><span class='ocrx_word' id='word_1_323' title='bbox 445 2206 561 2241; x_wconf 80' lang='lat' dir='ltr'>Quarto,</span> <span class='ocrx_word' id='word_1_324' title='bbox 584 2205 719 2241; x_wconf 73' lang='lat' dir='ltr'>opulenta</span> <span class='ocrx_word' id='word_1_325' title='bbox 747 2212 797 2241; x_wconf 89' lang='lat' dir='ltr'>per</span> <span class='ocrx_word' id='word_1_326' title='bbox 819 2203 990 2232; x_wconf 86' lang='lat' dir='ltr'>influentiam</span> <span class='ocrx_word' id='word_1_327' title='bbox 1015 2203 1214 2232; x_wconf 79' lang='lat' dir='ltr'>exuberantiae</span> 
     </span>
     <span class='ocr_line' id='line_1_53' title="bbox 366 2250 1215 2283; baseline -0.004 -3"><span class='ocrx_word' id='word_1_328' title='bbox 366 2253 450 2281; x_wconf 89' lang='lat' dir='ltr'>unius</span> <span class='ocrx_word' id='word_1_329' title='bbox 467 2253 511 2281; x_wconf 87' lang='lat' dir='ltr'>Dei</span> <span class='ocrx_word' id='word_1_330' title='bbox 534 2256 561 2281; x_wconf 87' lang='lat' dir='ltr'>et</span> <span class='ocrx_word' id='word_1_331' title='bbox 582 2252 662 2283; x_wconf 87' lang='lat' dir='ltr'>trini:</span> <span class='ocrx_word' id='word_1_332' title='bbox 685 2252 745 2280; x_wconf 91' lang='lat' dir='ltr'>ideo</span> <span class='ocrx_word' id='word_1_333' title='bbox 759 2251 862 2280; x_wconf 84' lang='lat' dir='ltr'>dicitur</span> <span class='ocrx_word' id='word_1_334' title='bbox 883 2251 910 2279; x_wconf 92' lang='lat' dir='ltr'>in</span> <span class='ocrx_word' id='word_1_335' title='bbox 933 2251 1000 2279; x_wconf 83' lang='lat' dir='ltr'>isaia</span> <span class='ocrx_word' id='word_1_336' title='bbox 1014 2251 1040 2278; x_wconf 80' lang='lat'>³:</span> <span class='ocrx_word' id='word_1_337' title='bbox 1066 2250 1150 2278; x_wconf 74' lang='lat' dir='ltr'>Oculi</span> <span class='ocrx_word' id='word_1_338' title='bbox 1171 2250 1215 2278; x_wconf 73' lang='lat' dir='ltr'>tui</span> 
     </span>
     <span class='ocr_line' id='line_1_54' title="bbox 367 2297 1213 2335; baseline -0.002 -8"><span class='ocrx_word' id='word_1_339' title='bbox 367 2299 502 2327; x_wconf 74' lang='lat' dir='ltr'>videbunt</span> <span class='ocrx_word' id='word_1_340' title='bbox 523 2298 729 2327; x_wconf 64' lang='lat' dir='ltr'>habitationem</span> <span class='ocrx_word' id='word_1_341' title='bbox 752 2298 926 2335; x_wconf 72' lang='lat' dir='ltr'>opulentam.</span> <span class='ocrx_word' id='word_1_342' title='bbox 951 2297 1092 2334; x_wconf 77' lang='lat' dir='ltr'>Opulcnla</span> <span class='ocrx_word' id='word_1_343' title='bbox 1112 2297 1213 2325; x_wconf 86' lang='lat' dir='ltr'>dicitur</span> 
     </span>
     <span class='ocr_line' id='line_1_55' title="bbox 368 2344 1214 2382; baseline -0.002 -8"><span class='ocrx_word' id='word_1_344' title='bbox 368 2348 479 2382; x_wconf 85' lang='lat' dir='ltr'>propter</span> <span class='ocrx_word' id='word_1_345' title='bbox 494 2346 662 2374; x_wconf 83' lang='lat' dir='ltr'>affluentiam</span> <span class='ocrx_word' id='word_1_346' title='bbox 678 2345 768 2374; x_wconf 89' lang='lat' dir='ltr'>omnis</span> <span class='ocrx_word' id='word_1_347' title='bbox 783 2345 856 2379; x_wconf 86' lang='lat' dir='ltr'>boni,</span> <span class='ocrx_word' id='word_1_348' title='bbox 872 2353 924 2373; x_wconf 92' lang='lat' dir='ltr'>non</span> <span class='ocrx_word' id='word_1_349' title='bbox 941 2344 1006 2381; x_wconf 84' lang='lat' dir='ltr'>quia</span> <span class='ocrx_word' id='word_1_350' title='bbox 1023 2344 1057 2373; x_wconf 88' lang='lat' dir='ltr'>ibi</span> <span class='ocrx_word' id='word_1_351' title='bbox 1077 2344 1132 2372; x_wconf 90' lang='lat' dir='ltr'>sint</span> <span class='ocrx_word' id='word_1_352' title='bbox 1147 2344 1214 2372; x_wconf 86' lang='lat' dir='ltr'>istae</span> 
     </span>
     <span class='ocr_line' id='line_1_56' title="bbox 368 2391 1214 2428; baseline -0.001 -8"><span class='ocrx_word' id='word_1_353' title='bbox 368 2393 513 2421; x_wconf 77' lang='lat' dir='ltr'>varietates</span> <span class='ocrx_word' id='word_1_354' title='bbox 536 2393 651 2421; x_wconf 87' lang='lat' dir='ltr'>vestium</span> <span class='ocrx_word' id='word_1_355' title='bbox 674 2397 701 2421; x_wconf 86' lang='lat' dir='ltr'>et</span> <span class='ocrx_word' id='word_1_356' title='bbox 723 2391 891 2425; x_wconf 86' lang='lat' dir='ltr'>huiusmodi,</span> <span class='ocrx_word' id='word_1_357' title='bbox 913 2391 961 2420; x_wconf 86' lang='lat' dir='ltr'>sed</span> <span class='ocrx_word' id='word_1_358' title='bbox 982 2391 1048 2428; x_wconf 81' lang='lat' dir='ltr'>quia</span> <span class='ocrx_word' id='word_1_359' title='bbox 1070 2391 1105 2419; x_wconf 84' lang='lat' dir='ltr'>ibi</span> <span class='ocrx_word' id='word_1_360' title='bbox 1128 2391 1214 2427; x_wconf 86' lang='lat' dir='ltr'>possi-</span> 
     </span>
     <span class='ocr_line' id='line_1_57' title="bbox 368 2437 1214 2475; baseline -0.001 -9"><span class='ocrx_word' id='word_1_361' title='bbox 368 2438 449 2466; x_wconf 88' lang='lat' dir='ltr'>detur</span> <span class='ocrx_word' id='word_1_362' title='bbox 471 2447 556 2467; x_wconf 89' lang='lat' dir='ltr'>unum</span> <span class='ocrx_word' id='word_1_363' title='bbox 573 2447 713 2467; x_wconf 86' lang='lat' dir='ltr'>summum</span> <span class='ocrx_word' id='word_1_364' title='bbox 729 2439 846 2472; x_wconf 87' lang='lat' dir='ltr'>bonum,</span> <span class='ocrx_word' id='word_1_365' title='bbox 862 2446 911 2475; x_wconf 88' lang='lat' dir='ltr'>per</span> <span class='ocrx_word' id='word_1_366' title='bbox 925 2437 1171 2474; x_wconf 79' lang='lat' dir='ltr'>aequivalentiam3</span> <span class='ocrx_word' id='word_1_367' title='bbox 1187 2441 1214 2466; x_wconf 91' lang='lat' dir='ltr'>et</span> 
     </span>
     <span class='ocr_line' id='line_1_58' title="bbox 369 2484 1214 2522; baseline -0.001 -9"><span class='ocrx_word' id='word_1_368' title='bbox 369 2485 430 2513; x_wconf 71' lang='lat' dir='ltr'>ideo</span> <span class='ocrx_word' id='word_1_369' title='bbox 449 2486 576 2522; x_wconf 75' lang='lat' dir='ltr'>populus</span> <span class='ocrx_word' id='word_1_370' title='bbox 598 2487 641 2514; x_wconf 90' lang='lat' dir='ltr'>ille</span> <span class='ocrx_word' id='word_1_371' title='bbox 663 2486 760 2515; x_wconf 82' lang='lat' dir='ltr'>beatus</span> <span class='ocrx_word' id='word_1_372' title='bbox 787 2485 862 2513; x_wconf 69' lang='lat' dir='ltr'>sedec</span> <span class='ocrx_word' id='word_1_373' title='bbox 891 2485 926 2513; x_wconf 94' lang='lat' dir='ltr'>ibi</span> <span class='ocrx_word' id='word_1_374' title='bbox 959 2485 988 2513; x_wconf 71' lang='lat' dir='ltr'>in</span> <span class='ocrx_word' id='word_1_375' title='bbox 1014 2484 1214 2521; x_wconf 73' lang='lat' dir='ltr'>pulcritudine</span> 
     </span>
     <span class='ocr_line' id='line_1_59' title="bbox 365 2531 1213 2570; baseline 0 -11"><span class='ocrx_word' id='word_1_376' title='bbox 365 2532 464 2568; x_wconf 73' lang='lat' dir='ltr'>pacis,</span> <span class='ocrx_word' id='word_1_377' title='bbox 487 2533 517 2560; x_wconf 70' lang='lat' dir='ltr'>t&#39;n</span> <span class='ocrx_word' id='word_1_378' title='bbox 539 2533 636 2570; x_wconf 67' lang='lat' dir='ltr'>requie</span> <span class='ocrx_word' id='word_1_379' title='bbox 651 2532 797 2569; x_wconf 68' lang='lat' dir='ltr'>opulenta,</span> <span class='ocrx_word' id='word_1_380' title='bbox 820 2533 850 2560; x_wconf 78' lang='lat' dir='ltr'>t&#39;n</span> <span class='ocrx_word' id='word_1_381' title='bbox 865 2532 1063 2560; x_wconf 77' lang='lat' dir='ltr'>tabernaculis</span> <span class='ocrx_word' id='word_1_382' title='bbox 1076 2531 1213 2568; x_wconf 74' lang='lat' dir='ltr'>fiduciae,</span> 
     </span>
     <span class='ocr_line' id='line_1_60' title="bbox 369 2579 1214 2615; baseline 0.001 -9"><span class='ocrx_word' id='word_1_383' title='bbox 369 2581 400 2606; x_wconf 85' lang='lat' dir='ltr'>ut</span> <span class='ocrx_word' id='word_1_384' title='bbox 421 2579 539 2607; x_wconf 80' lang='lat' dir='ltr'>liabetur</span> <span class='ocrx_word' id='word_1_385' title='bbox 568 2579 593 2607; x_wconf 92' lang='lat' dir='ltr'>in</span> <span class='ocrx_word' id='word_1_386' title='bbox 618 2579 690 2607; x_wconf 85' lang='lat' dir='ltr'>[saia.</span> <span class='ocrx_word' id='word_1_387' title='bbox 715 2580 744 2607; x_wconf 86' lang='lat' dir='ltr'>Et</span> <span class='ocrx_word' id='word_1_388' title='bbox 767 2579 826 2608; x_wconf 89' lang='lat' dir='ltr'>ideo</span> <span class='ocrx_word' id='word_1_389' title='bbox 853 2579 886 2608; x_wconf 87' lang='lat' dir='ltr'>de</span> <span class='ocrx_word' id='word_1_390' title='bbox 914 2579 958 2607; x_wconf 83' lang='lat' dir='ltr'>illa</span> <span class='ocrx_word' id='word_1_391' title='bbox 987 2579 1097 2607; x_wconf 85' lang='lat' dir='ltr'>civitate</span> <span class='ocrx_word' id='word_1_392' title='bbox 1126 2581 1214 2615; x_wconf 89' lang='lat' dir='ltr'>potest</span> 
     </span>
    </p>
   </div>
   <div class='ocr_carea' id='block_1_8' title="bbox 370 2758 1214 2979">
    <p class='ocr_par' dir='ltr' id='par_1_10' title="bbox 432 2758 1190 2788">
     <span class='ocr_line' id='line_1_61' title="bbox 432 2758 1190 2788; baseline 0.003 -8"><span class='ocrx_word' id='word_1_393' title='bbox 432 2758 439 2770; x_wconf 85' lang='lat'>¹</span> <span class='ocrx_word' id='word_1_394' title='bbox 460 2760 540 2781; x_wconf 78' lang='lat' dir='ltr'>Psalm.</span> <span class='ocrx_word' id='word_1_395' title='bbox 559 2759 595 2786; x_wconf 75' lang='lat'>45,</span> <span class='ocrx_word' id='word_1_396' title='bbox 613 2759 639 2787; x_wconf 80' lang='grc'>5;</span> <span class='ocrx_word' id='word_1_397' title='bbox 657 2763 785 2788; x_wconf 77' lang='lat' dir='ltr'>sequuntur</span> <span class='ocrx_word' id='word_1_398' title='bbox 804 2761 860 2782; x_wconf 84' lang='lat' dir='ltr'>Dan.</span> <span class='ocrx_word' id='word_1_399' title='bbox 876 2761 898 2788; x_wconf 79' lang='grc'>7,</span> <span class='ocrx_word' id='word_1_400' title='bbox 920 2761 953 2783; x_wconf 89' lang='grc'>10.</span> <span class='ocrx_word' id='word_1_401' title='bbox 971 2763 993 2783; x_wconf 88' lang='lat' dir='ltr'>et</span> <span class='ocrx_word' id='word_1_402' title='bbox 1010 2761 1077 2783; x_wconf 74' lang='lat' dir='ltr'>Prov.</span> <span class='ocrx_word' id='word_1_403' title='bbox 1096 2761 1133 2788; x_wconf 59' lang='lat'>43,</span> <span class='ocrx_word' id='word_1_404' title='bbox 1154 2760 1190 2782; x_wconf 75' lang='grc'>19.</span> 
     </span>
    </p>

    <p class='ocr_par' dir='ltr' id='par_1_11' title="bbox 370 2796 1214 2866">
     <span class='ocr_line' id='line_1_62' title="bbox 431 2796 1214 2827; baseline 0.001 -8"><span class='ocrx_word' id='word_1_405' title='bbox 431 2796 440 2809; x_wconf 66' lang='lat'>2</span> <span class='ocrx_word' id='word_1_406' title='bbox 458 2797 502 2820; x_wconf 80' lang='lat' dir='ltr'>Csr.</span> <span class='ocrx_word' id='word_1_407' title='bbox 517 2798 611 2824; x_wconf 81' lang='lat' dir='ltr'>Bonav.,</span> <span class='ocrx_word' id='word_1_408' title='bbox 624 2801 677 2820; x_wconf 85' lang='lat' dir='ltr'>tom.</span> <span class='ocrx_word' id='word_1_409' title='bbox 692 2800 706 2821; x_wconf 92' lang='lat' dir='ltr'>l.</span> <span class='ocrx_word' id='word_1_410' title='bbox 719 2805 771 2827; x_wconf 77' lang='lat' dir='ltr'>pag.</span> <span class='ocrx_word' id='word_1_411' title='bbox 785 2800 821 2826; x_wconf 70' lang='lat'>38,</span> <span class='ocrx_word' id='word_1_412' title='bbox 836 2802 888 2821; x_wconf 85' lang='lat' dir='ltr'>nota</span> <span class='ocrx_word' id='word_1_413' title='bbox 902 2799 923 2822; x_wconf 80' lang='lat'>4.</span> <span class='ocrx_word' id='word_1_414' title='bbox 940 2803 962 2822; x_wconf 85' lang='lat' dir='ltr'>et</span> <span class='ocrx_word' id='word_1_415' title='bbox 980 2803 1035 2821; x_wconf 85' lang='lat' dir='ltr'>tom.</span> <span class='ocrx_word' id='word_1_416' title='bbox 1048 2799 1084 2821; x_wconf 89' lang='lat' dir='ltr'>iV.</span> <span class='ocrx_word' id='word_1_417' title='bbox 1097 2805 1150 2827; x_wconf 79' lang='lat' dir='ltr'>pag.</span> <span class='ocrx_word' id='word_1_418' title='bbox 1161 2800 1214 2826; x_wconf 77' lang='lat'>391,</span> 
     </span>
     <span class='ocr_line' id='line_1_63' title="bbox 370 2837 1213 2866; baseline 0.004 -9"><span class='ocrx_word' id='word_1_419' title='bbox 370 2838 421 2858; x_wconf 86' lang='lat' dir='ltr'>nota</span> <span class='ocrx_word' id='word_1_420' title='bbox 434 2837 456 2858; x_wconf 85' lang='lat'>3.</span> <span class='ocrx_word' id='word_1_421' title='bbox 467 2849 496 2852; x_wconf 88' lang='lat'><strong>—</strong></span> <span class='ocrx_word' id='word_1_422' title='bbox 510 2837 567 2858; x_wconf 79' lang='lat' dir='ltr'>insi-a</span> <span class='ocrx_word' id='word_1_423' title='bbox 582 2837 611 2859; x_wconf 86' lang='lat' dir='ltr'>de</span> <span class='ocrx_word' id='word_1_424' title='bbox 629 2838 699 2859; x_wconf 83' lang='lat' dir='ltr'>forma</span> <span class='ocrx_word' id='word_1_425' title='bbox 716 2839 859 2866; x_wconf 73' lang='lat' dir='ltr'>properetur</span> <span class='ocrx_word' id='word_1_426' title='bbox 871 2839 912 2860; x_wconf 78' lang='lat' dir='ltr'>cfr.</span> <span class='ocrx_word' id='word_1_427' title='bbox 923 2838 1042 2861; x_wconf 87' lang='lat' dir='ltr'>Forcellini</span> <span class='ocrx_word' id='word_1_428' title='bbox 1060 2838 1158 2860; x_wconf 76' lang='lat' dir='ltr'>Lexicon</span> <span class='ocrx_word' id='word_1_429' title='bbox 1171 2840 1213 2860; x_wconf 82' lang='lat' dir='ltr'>etc.</span> 
     </span>
    </p>

    <p class='ocr_par' dir='ltr' id='par_1_12' title="bbox 432 2874 1213 2905">
     <span class='ocr_line' id='line_1_64' title="bbox 432 2874 1213 2905; baseline 0.003 -9"><span class='ocrx_word' id='word_1_430' title='bbox 432 2874 440 2886; x_wconf 76' lang='lat'><strong>³</strong></span> <span class='ocrx_word' id='word_1_431' title='bbox 458 2874 513 2903; x_wconf 80' lang='lat' dir='ltr'>Cap.</span> <span class='ocrx_word' id='word_1_432' title='bbox 523 2876 559 2903; x_wconf 82' lang='lat'>33,</span> <span class='ocrx_word' id='word_1_433' title='bbox 569 2876 611 2902; x_wconf 76' lang='lat'>20;</span> <span class='ocrx_word' id='word_1_434' title='bbox 624 2880 751 2904; x_wconf 84' lang='lat' dir='ltr'>sequuntur</span> <span class='ocrx_word' id='word_1_435' title='bbox 763 2882 783 2898; x_wconf 85' lang='lat' dir='ltr'>c.</span> <span class='ocrx_word' id='word_1_436' title='bbox 793 2877 829 2900; x_wconf 78' lang='lat'>32.</span> <span class='ocrx_word' id='word_1_437' title='bbox 842 2878 876 2898; x_wconf 72' lang='lat'>¹8.</span> <span class='ocrx_word' id='word_1_438' title='bbox 889 2880 911 2899; x_wconf 85' lang='lat' dir='ltr'>et</span> <span class='ocrx_word' id='word_1_439' title='bbox 923 2877 954 2899; x_wconf 89' lang='lat' dir='ltr'>lli.</span> <span class='ocrx_word' id='word_1_440' title='bbox 967 2878 1023 2905; x_wconf 79' lang='lat' dir='ltr'>Reg.</span> <span class='ocrx_word' id='word_1_441' title='bbox 1038 2878 1072 2904; x_wconf 77' lang='lat' dir='ltr'>lo,</span> <span class='ocrx_word' id='word_1_442' title='bbox 1086 2877 1119 2899; x_wconf 83' lang='grc'>18,</span> <span class='ocrx_word' id='word_1_443' title='bbox 1129 2878 1167 2898; x_wconf 76' lang='lat'>23.</span> <span class='ocrx_word' id='word_1_444' title='bbox 1177 2876 1213 2899; x_wconf 66' lang='lat'>2²7.</span> 
     </span>
    </p>

    <p class='ocr_par' dir='ltr' id='par_1_13' title="bbox 371 2912 1214 2979">
     <span class='ocr_line' id='line_1_65' title="bbox 432 2912 1214 2944; baseline 0.004 -9"><span class='ocrx_word' id='word_1_445' title='bbox 432 2912 441 2925; x_wconf 78' lang='lat'><strong>⁴</strong></span> <span class='ocrx_word' id='word_1_446' title='bbox 460 2913 518 2935; x_wconf 89' lang='lat' dir='ltr'>Libr.</span> <span class='ocrx_word' id='word_1_447' title='bbox 532 2914 588 2936; x_wconf 78' lang='lat' dir='ltr'>Xlli.</span> <span class='ocrx_word' id='word_1_448' title='bbox 599 2921 618 2936; x_wconf 85' lang='lat' dir='ltr'>c.</span> <span class='ocrx_word' id='word_1_449' title='bbox 632 2915 654 2936; x_wconf 80' lang='lat'>9.</span> <span class='ocrx_word' id='word_1_450' title='bbox 666 2921 689 2937; x_wconf 80' lang='lat' dir='ltr'>n.</span> <span class='ocrx_word' id='word_1_451' title='bbox 701 2916 722 2937; x_wconf 75' lang='lat'>9.</span> <span class='ocrx_word' id='word_1_452' title='bbox 734 2928 764 2930; x_wconf 97' lang='lat'><strong>—</strong></span> <span class='ocrx_word' id='word_1_453' title='bbox 777 2916 909 2944; x_wconf 83' lang='lat' dir='ltr'>Sequuntur</span> <span class='ocrx_word' id='word_1_454' title='bbox 924 2915 993 2938; x_wconf 86' lang='lat' dir='ltr'>Hebr.</span> <span class='ocrx_word' id='word_1_455' title='bbox 1014 2916 1047 2944; x_wconf 71' lang='lat'>¹3,</span> <span class='ocrx_word' id='word_1_456' title='bbox 1066 2915 1102 2938; x_wconf 48' lang='lat'>&#39;14-</span> <span class='ocrx_word' id='word_1_457' title='bbox 1120 2919 1142 2938; x_wconf 85' lang='lat' dir='ltr'>et</span> <span class='ocrx_word' id='word_1_458' title='bbox 1158 2916 1214 2938; x_wconf 84' lang='lat' dir='ltr'>Gon.</span> 
     </span>
     <span class='ocr_line' id='line_1_66' title="bbox 371 2953 462 2979; baseline 0 -5"><span class='ocrx_word' id='word_1_459' title='bbox 371 2953 407 2979; x_wconf 77' lang='grc'>-13,</span> <span class='ocrx_word' id='word_1_460' title='bbox 429 2953 462 2974; x_wconf 76' lang='lat'>15.</span> 
     </span>
    </p>
   </div>
   <div class='ocr_carea' id='block_1_9' title="bbox 1242 249 1244 2615">
    <p class='ocr_par' dir='ltr' id='par_1_14' title="bbox 1242 249 1244 2615">
     <span class='ocr_line' id='line_1_67' title="bbox 1242 249 1244 2615; baseline 0 0"><span class='ocrx_word' id='word_1_461' title='bbox 1242 249 1244 2615; x_wconf 95' lang='lat' dir='ltr'> </span> 
     </span>
    </p>
   </div>
   <div class='ocr_carea' id='block_1_10' title="bbox 1241 2877 1244 2980">
    <p class='ocr_par' dir='ltr' id='par_1_15' title="bbox 1241 2877 1244 2980">
     <span class='ocr_line' id='line_1_68' title="bbox 1241 2877 1244 2980; baseline 0 368"><span class='ocrx_word' id='word_1_462' title='bbox 1241 2877 1244 2980; x_wconf 95' lang='lat' dir='ltr'> </span> 
     </span>
    </p>
   </div>
   <div class='ocr_carea' id='block_1_11' title="bbox 1041 158 1440 187">
    <p class='ocr_par' dir='ltr' id='par_1_16' title="bbox 1041 158 1440 187">
     <span class='ocr_line' id='line_1_69' title="bbox 1041 158 1440 187; baseline 0 -1"><span class='ocrx_word' id='word_1_463' title='bbox 1041 158 1214 187; x_wconf 78' lang='lat' dir='ltr'>SERMONES</span> <span class='ocrx_word' id='word_1_464' title='bbox 1235 158 1278 186; x_wconf 88' lang='lat' dir='ltr'>DE</span> <span class='ocrx_word' id='word_1_465' title='bbox 1300 158 1440 187; x_wconf 81' lang='lat' dir='ltr'>SANCTlS.</span> 
     </span>
    </p>
   </div>
   <div class='ocr_carea' id='block_1_12' title="bbox 1269 235 2118 1676">
    <p class='ocr_par' dir='ltr' id='par_1_17' title="bbox 1269 235 2118 1676">
     <span class='ocr_line' id='line_1_70' title="bbox 1270 235 2116 272; baseline 0.006 -10"><span class='ocrx_word' id='word_1_466' title='bbox 1270 235 1372 271; x_wconf 82' lang='lat' dir='ltr'>exponi</span> <span class='ocrx_word' id='word_1_467' title='bbox 1396 235 1462 263; x_wconf 89' lang='lat' dir='ltr'>illud</span> <span class='ocrx_word' id='word_1_468' title='bbox 1492 235 1564 264; x_wconf 87' lang='lat' dir='ltr'>tertii</span> <span class='ocrx_word' id='word_1_469' title='bbox 1588 236 1690 272; x_wconf 80' lang='lat' dir='ltr'>Regum</span> <span class='ocrx_word' id='word_1_470' title='bbox 1712 236 1833 265; x_wconf 65' lang='lat' dir='ltr'>tlensium:</span> <span class='ocrx_word' id='word_1_471' title='bbox 1856 237 1933 266; x_wconf 71' lang='lat' dir='ltr'>Fecit</span> <span class='ocrx_word' id='word_1_472' title='bbox 1961 246 2013 266; x_wconf 59' lang='grc' dir='ltr'>νοω</span> <span class='ocrx_word' id='word_1_473' title='bbox 2034 238 2116 267; x_wconf 84' lang='lat' dir='ltr'>Salo-</span> 
     </span>
     <span class='ocr_line' id='line_1_71' title="bbox 1271 281 2116 321; baseline 0.006 -12"><span class='ocrx_word' id='word_1_474' title='bbox 1271 290 1355 314; x_wconf 82' lang='lat' dir='ltr'>mon,</span> <span class='ocrx_word' id='word_1_475' title='bbox 1378 281 1403 309; x_wconf 90' lang='lat' dir='ltr'>id</span> <span class='ocrx_word' id='word_1_476' title='bbox 1425 284 1466 310; x_wconf 89' lang='lat' dir='ltr'>est</span> <span class='ocrx_word' id='word_1_477' title='bbox 1480 281 1617 316; x_wconf 83' lang='lat' dir='ltr'>Christus,</span> <span class='ocrx_word' id='word_1_478' title='bbox 1634 282 1690 310; x_wconf 82' lang='lat' dir='ltr'>Rex</span> <span class='ocrx_word' id='word_1_479' title='bbox 1706 285 1798 311; x_wconf 90' lang='lat' dir='ltr'>noster</span> <span class='ocrx_word' id='word_1_480' title='bbox 1816 283 1962 320; x_wconf 87' lang='lat' dir='ltr'>pacificus,</span> <span class='ocrx_word' id='word_1_481' title='bbox 1984 285 2031 321; x_wconf 82' lang='lat' dir='ltr'>qui</span> <span class='ocrx_word' id='word_1_482' title='bbox 2053 293 2116 313; x_wconf 87' lang='lat' dir='ltr'>ma-</span> 
     </span>
     <span class='ocr_line' id='line_1_72' title="bbox 1269 327 2115 367; baseline 0.006 -11"><span class='ocrx_word' id='word_1_483' title='bbox 1269 327 1430 364; x_wconf 72' lang='lat' dir='ltr'>ym&#39;ficatzts</span> <span class='ocrx_word' id='word_1_484' title='bbox 1450 331 1490 356; x_wconf 76' lang='lat' dir='ltr'>cst</span> <span class='ocrx_word' id='word_1_485' title='bbox 1510 337 1599 365; x_wconf 74' lang='lat' dir='ltr'>super</span> <span class='ocrx_word' id='word_1_486' title='bbox 1621 337 1718 358; x_wconf 80' lang='lat' dir='ltr'>onmes</span> <span class='ocrx_word' id='word_1_487' title='bbox 1737 338 1818 367; x_wconf 69' lang='lat' dir='ltr'>reyes</span> <span class='ocrx_word' id='word_1_488' title='bbox 1843 331 1989 360; x_wconf 85' lang='lat' dir='ltr'>universae</span> <span class='ocrx_word' id='word_1_489' title='bbox 2010 335 2115 366; x_wconf 79' lang='lat' dir='ltr'>terrae,</span> 
     </span>
     <span class='ocr_line' id='line_1_73' title="bbox 1271 375 2116 414; baseline 0.006 -12"><span class='ocrx_word' id='word_1_490' title='bbox 1271 378 1302 402; x_wconf 81' lang='lat' dir='ltr'>ul</span> <span class='ocrx_word' id='word_1_491' title='bbox 1324 378 1407 403; x_wconf 77' lang='lat' dir='ltr'>tama</span> <span class='ocrx_word' id='word_1_492' title='bbox 1425 379 1496 403; x_wconf 75' lang='lat' dir='ltr'>esset</span> <span class='ocrx_word' id='word_1_493' title='bbox 1519 375 1666 404; x_wconf 89' lang='lat' dir='ltr'>multitudo</span> <span class='ocrx_word' id='word_1_494' title='bbox 1687 376 1748 404; x_wconf 84' lang='lat' dir='ltr'>auri</span> <span class='ocrx_word' id='word_1_495' title='bbox 1771 380 1797 405; x_wconf 85' lang='lat' dir='ltr'>et</span> <span class='ocrx_word' id='word_1_496' title='bbox 1818 378 1934 414; x_wconf 63' lang='lat' dir='ltr'>argenti</span> <span class='ocrx_word' id='word_1_497' title='bbox 1955 378 1985 406; x_wconf 70' lang='lat' dir='ltr'>in</span> <span class='ocrx_word' id='word_1_498' title='bbox 2007 378 2116 408; x_wconf 87' lang='lat' dir='ltr'>civitate</span> 
     </span>
     <span class='ocr_line' id='line_1_74' title="bbox 1270 420 2116 459; baseline 0.006 -11"><span class='ocrx_word' id='word_1_499' title='bbox 1270 420 1445 455; x_wconf 76' lang='lat' dir='ltr'>Jerusalem,</span> <span class='ocrx_word' id='word_1_500' title='bbox 1460 425 1572 459; x_wconf 72' lang='lat' dir='ltr'>quanta</span> <span class='ocrx_word' id='word_1_501' title='bbox 1587 426 1612 450; x_wconf 83' lang='lat' dir='ltr'>ct</span> <span class='ocrx_word' id='word_1_502' title='bbox 1627 422 1763 459; x_wconf 80' lang='lat' dir='ltr'>lapidibus</span> <span class='ocrx_word' id='word_1_503' title='bbox 1778 426 1891 452; x_wconf 83' lang='lat' dir='ltr'>constat.</span> <span class='ocrx_word' id='word_1_504' title='bbox 1913 424 1979 452; x_wconf 85' lang='lat' dir='ltr'>Nam</span> <span class='ocrx_word' id='word_1_505' title='bbox 1999 424 2020 453; x_wconf 88' lang='lat' dir='ltr'>si</span> <span class='ocrx_word' id='word_1_506' title='bbox 2044 424 2116 453; x_wconf 89' lang='lat' dir='ltr'>istud</span> 
     </span>
     <span class='ocr_line' id='line_1_75' title="bbox 1270 467 2116 507; baseline 0.005 -12"><span class='ocrx_word' id='word_1_507' title='bbox 1270 467 1432 504; x_wconf 80' lang='lat' dir='ltr'>intelligitur</span> <span class='ocrx_word' id='word_1_508' title='bbox 1454 468 1494 497; x_wconf 81' lang='lat' dir='ltr'>ad</span> <span class='ocrx_word' id='word_1_509' title='bbox 1515 468 1658 502; x_wconf 78' lang='lat' dir='ltr'>litteram,</span> <span class='ocrx_word' id='word_1_510' title='bbox 1680 469 1858 498; x_wconf 81' lang='lat' dir='ltr'>salsissimum</span> <span class='ocrx_word' id='word_1_511' title='bbox 1881 474 1938 504; x_wconf 88' lang='lat' dir='ltr'>est,</span> <span class='ocrx_word' id='word_1_512' title='bbox 1959 470 2025 507; x_wconf 85' lang='lat' dir='ltr'>quia</span> <span class='ocrx_word' id='word_1_513' title='bbox 2045 479 2116 499; x_wconf 89' lang='lat' dir='ltr'>nun—</span> 
     </span>
     <span class='ocr_line' id='line_1_76' title="bbox 1270 514 2115 554; baseline 0.006 -13"><span class='ocrx_word' id='word_1_514' title='bbox 1270 521 1352 550; x_wconf 80' lang='lat' dir='ltr'>quan]</span> <span class='ocrx_word' id='word_1_515' title='bbox 1372 514 1435 542; x_wconf 78' lang='lat' dir='ltr'>tecit</span> <span class='ocrx_word' id='word_1_516' title='bbox 1449 516 1503 550; x_wconf 78' lang='lat' dir='ltr'>(ea)</span> <span class='ocrx_word' id='word_1_517' title='bbox 1519 515 1645 543; x_wconf 81' lang='lat' dir='ltr'>Salomon</span> <span class='ocrx_word' id='word_1_518' title='bbox 1668 516 1700 543; x_wconf 84' lang='lat' dir='ltr'>ad</span> <span class='ocrx_word' id='word_1_519' title='bbox 1725 516 1858 550; x_wconf 86' lang='lat' dir='ltr'>litteram;</span> <span class='ocrx_word' id='word_1_520' title='bbox 1874 517 1896 545; x_wconf 90' lang='lat' dir='ltr'>si</span> <span class='ocrx_word' id='word_1_521' title='bbox 1910 517 2029 551; x_wconf 86' lang='lat' dir='ltr'>dicatur,</span> <span class='ocrx_word' id='word_1_522' title='bbox 2042 517 2115 554; x_wconf 84' lang='lat' dir='ltr'>quod</span> 
     </span>
     <span class='ocr_line' id='line_1_77' title="bbox 1270 560 2116 601; baseline 0.006 -13"><span class='ocrx_word' id='word_1_523' title='bbox 1270 560 1305 589; x_wconf 92' lang='lat' dir='ltr'>ibi</span> <span class='ocrx_word' id='word_1_524' title='bbox 1322 564 1363 589; x_wconf 90' lang='lat' dir='ltr'>est</span> <span class='ocrx_word' id='word_1_525' title='bbox 1378 560 1539 598; x_wconf 71' lang='lat' dir='ltr'>hyperbole,</span> <span class='ocrx_word' id='word_1_526' title='bbox 1556 562 1627 590; x_wconf 90' lang='lat' dir='ltr'>istud</span> <span class='ocrx_word' id='word_1_527' title='bbox 1643 563 1769 591; x_wconf 87' lang='lat' dir='ltr'>similiter</span> <span class='ocrx_word' id='word_1_528' title='bbox 1783 572 1837 592; x_wconf 93' lang='lat' dir='ltr'>non</span> <span class='ocrx_word' id='word_1_529' title='bbox 1856 567 1944 600; x_wconf 85' lang='lat' dir='ltr'>potest</span> <span class='ocrx_word' id='word_1_530' title='bbox 1958 572 2027 598; x_wconf 88' lang='lat' dir='ltr'>esse,</span> <span class='ocrx_word' id='word_1_531' title='bbox 2043 565 2116 601; x_wconf 78' lang='lat' dir='ltr'>quod</span> 
     </span>
     <span class='ocr_line' id='line_1_78' title="bbox 1270 607 2116 648; baseline 0.006 -13"><span class='ocrx_word' id='word_1_532' title='bbox 1270 607 1389 644; x_wconf 85' lang='lat' dir='ltr'>Spiritus</span> <span class='ocrx_word' id='word_1_533' title='bbox 1410 612 1522 637; x_wconf 85' lang='lat' dir='ltr'>sanctus</span> <span class='ocrx_word' id='word_1_534' title='bbox 1543 612 1639 637; x_wconf 87' lang='lat' dir='ltr'>utatur</span> <span class='ocrx_word' id='word_1_535' title='bbox 1661 610 1686 637; x_wconf 94' lang='lat' dir='ltr'>in</span> <span class='ocrx_word' id='word_1_536' title='bbox 1710 610 1853 646; x_wconf 78' lang='lat' dir='ltr'>Scriptura</span> <span class='ocrx_word' id='word_1_537' title='bbox 1868 610 1958 647; x_wconf 83' lang='lat' dir='ltr'>figura</span> <span class='ocrx_word' id='word_1_538' title='bbox 1980 611 2116 648; x_wconf 80' lang='lat' dir='ltr'>hyperbo-</span> 
     </span>
     <span class='ocr_line' id='line_1_79' title="bbox 1270 653 2116 695; baseline 0.006 -13"><span class='ocrx_word' id='word_1_539' title='bbox 1270 653 1309 683; x_wconf 89' lang='lat' dir='ltr'>les</span> <span class='ocrx_word' id='word_1_540' title='bbox 1324 654 1382 683; x_wconf 87' lang='lat' dir='ltr'>sine</span> <span class='ocrx_word' id='word_1_541' title='bbox 1398 654 1551 684; x_wconf 80' lang='lat' dir='ltr'>rationabili</span> <span class='ocrx_word' id='word_1_542' title='bbox 1574 664 1672 690; x_wconf 85' lang='lat' dir='ltr'>causa;</span> <span class='ocrx_word' id='word_1_543' title='bbox 1695 659 1721 685; x_wconf 90' lang='lat' dir='ltr'>et</span> <span class='ocrx_word' id='word_1_544' title='bbox 1738 656 1796 684; x_wconf 88' lang='lat' dir='ltr'>ideo</span> <span class='ocrx_word' id='word_1_545' title='bbox 1811 657 1930 695; x_wconf 74' lang='lat' dir='ltr'>mystice</span> <span class='ocrx_word' id='word_1_546' title='bbox 1944 658 2116 694; x_wconf 88' lang='lat' dir='ltr'>exponendo,</span> 
     </span>
     <span class='ocr_line' id='line_1_80' title="bbox 1271 700 2116 740; baseline 0.004 -11"><span class='ocrx_word' id='word_1_547' title='bbox 1271 708 1319 736; x_wconf 87' lang='lat' dir='ltr'>per</span> <span class='ocrx_word' id='word_1_548' title='bbox 1342 700 1452 737; x_wconf 77' lang='lat' dir='ltr'>lapides</span> <span class='ocrx_word' id='word_1_549' title='bbox 1475 701 1667 738; x_wconf 73' lang='lat' dir='ltr'>intelliguntur</span> <span class='ocrx_word' id='word_1_550' title='bbox 1684 702 1754 731; x_wconf 83' lang='lat' dir='ltr'>Beati</span> <span class='ocrx_word' id='word_1_551' title='bbox 1771 702 1797 730; x_wconf 95' lang='lat' dir='ltr'>in</span> <span class='ocrx_word' id='word_1_552' title='bbox 1814 703 1918 739; x_wconf 80' lang='lat' dir='ltr'>patria3</span> <span class='ocrx_word' id='word_1_553' title='bbox 1940 711 1989 740; x_wconf 89' lang='lat' dir='ltr'>per</span> <span class='ocrx_word' id='word_1_554' title='bbox 2004 712 2116 732; x_wconf 79' lang='lat' dir='ltr'>aurum</span> 
     </span>
     <span class='ocr_line' id='line_1_81' title="bbox 1269 748 2116 784; baseline 0.005 -9"><span class='ocrx_word' id='word_1_555' title='bbox 1269 751 1294 775; x_wconf 80' lang='lat' dir='ltr'>ct</span> <span class='ocrx_word' id='word_1_556' title='bbox 1315 752 1487 784; x_wconf 65' lang='lat' dir='ltr'>arpentum,</span> <span class='ocrx_word' id='word_1_557' title='bbox 1508 748 1625 777; x_wconf 81' lang='lat' dir='ltr'>dulcedo</span> <span class='ocrx_word' id='word_1_558' title='bbox 1653 753 1679 777; x_wconf 82' lang='lat' dir='ltr'>et</span> <span class='ocrx_word' id='word_1_559' title='bbox 1708 749 1818 778; x_wconf 84' lang='lat' dir='ltr'>claritas</span> <span class='ocrx_word' id='word_1_560' title='bbox 1839 749 1913 778; x_wconf 88' lang='lat' dir='ltr'>iliius</span> <span class='ocrx_word' id='word_1_561' title='bbox 1937 758 2061 779; x_wconf 86' lang='lat' dir='ltr'>summae</span> <span class='ocrx_word' id='word_1_562' title='bbox 2090 754 2116 779; x_wconf 90' lang='lat' dir='ltr'>et</span> 
     </span>
     <span class='ocr_line' id='line_1_82' title="bbox 1270 794 2116 831; baseline 0.005 -9"><span class='ocrx_word' id='word_1_563' title='bbox 1270 794 1394 822; x_wconf 85' lang='lat' dir='ltr'>caelestis</span> <span class='ocrx_word' id='word_1_564' title='bbox 1416 795 1564 831; x_wconf 77' lang='lat' dir='ltr'>sapientiae</span> <span class='ocrx_word' id='word_1_565' title='bbox 1586 795 1642 824; x_wconf 90' lang='lat' dir='ltr'>sive</span> <span class='ocrx_word' id='word_1_566' title='bbox 1657 796 1795 824; x_wconf 78' lang='lat' dir='ltr'>scientiae.</span> <span class='ocrx_word' id='word_1_567' title='bbox 1819 796 1864 824; x_wconf 88' lang='lat' dir='ltr'>Est</span> <span class='ocrx_word' id='word_1_568' title='bbox 1885 796 1921 825; x_wconf 88' lang='lat' dir='ltr'>ibi</span> <span class='ocrx_word' id='word_1_569' title='bbox 1945 800 2027 826; x_wconf 75' lang='lat' dir='ltr'>tanta</span> <span class='ocrx_word' id='word_1_570' title='bbox 2042 797 2116 826; x_wconf 72' lang='lat' dir='ltr'>mal-</span> 
     </span>
     <span class='ocr_line' id='line_1_83' title="bbox 1270 841 2117 881; baseline 0.005 -12"><span class='ocrx_word' id='word_1_571' title='bbox 1270 841 1363 870; x_wconf 72' lang='lat' dir='ltr'>titudo</span> <span class='ocrx_word' id='word_1_572' title='bbox 1385 842 1459 871; x_wconf 63' lang='lat' dir='ltr'>auo-z·</span> <span class='ocrx_word' id='word_1_573' title='bbox 1478 846 1503 870; x_wconf 80' lang='lat' dir='ltr'>et</span> <span class='ocrx_word' id='word_1_574' title='bbox 1531 843 1654 879; x_wconf 62' lang='lat' dir='ltr'>arpenti,</span> <span class='ocrx_word' id='word_1_575' title='bbox 1677 847 1789 880; x_wconf 77' lang='lat' dir='ltr'>quanta</span> <span class='ocrx_word' id='word_1_576' title='bbox 1814 847 1855 872; x_wconf 77' lang='lat' dir='ltr'>cst</span> <span class='ocrx_word' id='word_1_577' title='bbox 1881 843 2029 880; x_wconf 67' lang='lat' dir='ltr'>lapidum,</span> <span class='ocrx_word' id='word_1_578' title='bbox 2052 844 2117 881; x_wconf 80' lang='lat' dir='ltr'>quia</span> 
     </span>
     <span class='ocr_line' id='line_1_84' title="bbox 1269 888 2117 926; baseline 0.005 -10"><span class='ocrx_word' id='word_1_579' title='bbox 1269 888 1422 917; x_wconf 88' lang='lat' dir='ltr'>secundum</span> <span class='ocrx_word' id='word_1_580' title='bbox 1444 889 1666 926; x_wconf 86' lang='lat' dir='ltr'>uniuscuiusque</span> <span class='ocrx_word' id='word_1_581' title='bbox 1683 890 1753 919; x_wconf 83' lang='lat' dir='ltr'>Beati</span> <span class='ocrx_word' id='word_1_582' title='bbox 1770 890 1946 926; x_wconf 79' lang='lat' dir='ltr'>capacitatem</span> <span class='ocrx_word' id='word_1_583' title='bbox 1963 891 2117 920; x_wconf 79' lang='lat' dir='ltr'>infunditur</span> 
     </span>
     <span class='ocr_line' id='line_1_85' title="bbox 1269 934 2117 972; baseline 0.005 -10"><span class='ocrx_word' id='word_1_584' title='bbox 1269 934 1292 962; x_wconf 88' lang='lat' dir='ltr'>ei</span> <span class='ocrx_word' id='word_1_585' title='bbox 1315 934 1431 963; x_wconf 86' lang='lat' dir='ltr'>dulcedo</span> <span class='ocrx_word' id='word_1_586' title='bbox 1452 938 1479 964; x_wconf 90' lang='lat' dir='ltr'>et</span> <span class='ocrx_word' id='word_1_587' title='bbox 1500 935 1611 964; x_wconf 81' lang='lat' dir='ltr'>claritas</span> <span class='ocrx_word' id='word_1_588' title='bbox 1632 936 1782 972; x_wconf 80' lang='lat' dir='ltr'>sapientiae</span> <span class='ocrx_word' id='word_1_589' title='bbox 1812 940 1839 965; x_wconf 90' lang='lat' dir='ltr'>et</span> <span class='ocrx_word' id='word_1_590' title='bbox 1860 937 2004 972; x_wconf 87' lang='lat' dir='ltr'>scientiae,</span> <span class='ocrx_word' id='word_1_591' title='bbox 2032 938 2117 966; x_wconf 89' lang='lat' dir='ltr'>immo</span> 
     </span>
     <span class='ocr_line' id='line_1_86' title="bbox 1270 981 2117 1018; baseline 0.005 -9"><span class='ocrx_word' id='word_1_592' title='bbox 1270 981 1327 1017; x_wconf 86' lang='lat' dir='ltr'>ipsa</span> <span class='ocrx_word' id='word_1_593' title='bbox 1357 982 1494 1018; x_wconf 83' lang='lat' dir='ltr'>Sapientia</span> <span class='ocrx_word' id='word_1_594' title='bbox 1522 982 1658 1017; x_wconf 81' lang='lat' dir='ltr'>increata;</span> <span class='ocrx_word' id='word_1_595' title='bbox 1680 986 1707 1012; x_wconf 90' lang='lat' dir='ltr'>et</span> <span class='ocrx_word' id='word_1_596' title='bbox 1730 984 1755 1011; x_wconf 93' lang='lat' dir='ltr'>in</span> <span class='ocrx_word' id='word_1_597' title='bbox 1779 984 1830 1012; x_wconf 81' lang='lat' dir='ltr'>lioc</span> <span class='ocrx_word' id='word_1_598' title='bbox 1858 984 1982 1013; x_wconf 87' lang='lat' dir='ltr'>consistit</span> <span class='ocrx_word' id='word_1_599' title='bbox 2009 992 2117 1014; x_wconf 84' lang='lat' dir='ltr'>summa</span> 
     </span>
     <span class='ocr_line' id='line_1_87' title="bbox 1269 1028 2117 1066; baseline 0.004 -10"><span class='ocrx_word' id='word_1_600' title='bbox 1269 1028 1410 1057; x_wconf 85' lang='lat' dir='ltr'>affluentia</span> <span class='ocrx_word' id='word_1_601' title='bbox 1431 1031 1458 1057; x_wconf 88' lang='lat' dir='ltr'>et</span> <span class='ocrx_word' id='word_1_602' title='bbox 1479 1037 1588 1057; x_wconf 84' lang='lat' dir='ltr'>summa</span> <span class='ocrx_word' id='word_1_603' title='bbox 1608 1030 1764 1066; x_wconf 84' lang='lat' dir='ltr'>opulentia,</span> <span class='ocrx_word' id='word_1_604' title='bbox 1794 1030 1867 1066; x_wconf 82' lang='lat' dir='ltr'>quia,</span> <span class='ocrx_word' id='word_1_605' title='bbox 1889 1030 2041 1060; x_wconf 82' lang='lat' dir='ltr'>secundnm</span> <span class='ocrx_word' id='word_1_606' title='bbox 2064 1032 2117 1059; x_wconf 85' lang='lat' dir='ltr'>Au-</span> 
     </span>
     <span class='ocr_line' id='line_1_88' title="bbox 1269 1075 2117 1114; baseline 0.004 -11"><span class='ocrx_word' id='word_1_607' title='bbox 1269 1075 1411 1111; x_wconf 76' lang='lat' dir='ltr'>gustinum</span> <span class='ocrx_word' id='word_1_608' title='bbox 1434 1075 1460 1104; x_wconf 95' lang='lat' dir='ltr'>in</span> <span class='ocrx_word' id='word_1_609' title='bbox 1484 1076 1555 1104; x_wconf 84' lang='lat' dir='ltr'>libro</span> <span class='ocrx_word' id='word_1_610' title='bbox 1575 1076 1758 1105; x_wconf 77' lang='lat' dir='ltr'>Confessionis</span> <span class='ocrx_word' id='word_1_611' title='bbox 1773 1084 1839 1105; x_wconf 86' lang='lat' dir='ltr'>suae</span> <span class='ocrx_word' id='word_1_612' title='bbox 1850 1077 1870 1111; x_wconf 73' lang='lat'>4,</span> <span class='ocrx_word' id='word_1_613' title='bbox 1898 1077 2016 1106; x_wconf 88' lang='lat' dir='ltr'>«omnis</span> <span class='ocrx_word' id='word_1_614' title='bbox 2030 1077 2117 1114; x_wconf 85' lang='lat' dir='ltr'>copia,</span> 
     </span>
     <span class='ocr_line' id='line_1_89' title="bbox 1269 1122 2116 1160; baseline 0.002 -10"><span class='ocrx_word' id='word_1_615' title='bbox 1269 1130 1340 1159; x_wconf 85' lang='lat' dir='ltr'>quae</span> <span class='ocrx_word' id='word_1_616' title='bbox 1364 1122 1435 1151; x_wconf 87' lang='lat' dir='ltr'>Dens</span> <span class='ocrx_word' id='word_1_617' title='bbox 1456 1131 1510 1151; x_wconf 93' lang='lat' dir='ltr'>non</span> <span class='ocrx_word' id='word_1_618' title='bbox 1532 1126 1588 1156; x_wconf 84' lang='lat' dir='ltr'>est,</span> <span class='ocrx_word' id='word_1_619' title='bbox 1610 1127 1716 1159; x_wconf 81' lang='lat' dir='ltr'>egestas</span> <span class='ocrx_word' id='word_1_620' title='bbox 1738 1127 1778 1152; x_wconf 89' lang='lat' dir='ltr'>est</span> <span class='ocrx_word' id='word_1_621' title='bbox 1793 1135 1820 1151; x_wconf 79' lang='grc'>».</span> <span class='ocrx_word' id='word_1_622' title='bbox 1845 1124 1874 1152; x_wconf 85' lang='lat' dir='ltr'>Et</span> <span class='ocrx_word' id='word_1_623' title='bbox 1902 1125 1967 1160; x_wconf 81' lang='lat' dir='ltr'>quia</span> <span class='ocrx_word' id='word_1_624' title='bbox 1995 1124 2067 1152; x_wconf 86' lang='lat' dir='ltr'>Beati</span> <span class='ocrx_word' id='word_1_625' title='bbox 2089 1124 2116 1153; x_wconf 94' lang='lat' dir='ltr'>in</span> 
     </span>
     <span class='ocr_line' id='line_1_90' title="bbox 1269 1169 2116 1206; baseline 0.004 -9"><span class='ocrx_word' id='word_1_626' title='bbox 1269 1169 1357 1206; x_wconf 81' lang='lat' dir='ltr'>patria</span> <span class='ocrx_word' id='word_1_627' title='bbox 1379 1169 1502 1198; x_wconf 84' lang='lat' dir='ltr'>ditantur</span> <span class='ocrx_word' id='word_1_628' title='bbox 1525 1170 1550 1198; x_wconf 94' lang='lat' dir='ltr'>in</span> <span class='ocrx_word' id='word_1_629' title='bbox 1572 1170 1674 1198; x_wconf 81' lang='lat' dir='ltr'>lumine</span> <span class='ocrx_word' id='word_1_630' title='bbox 1692 1173 1804 1199; x_wconf 85' lang='lat' dir='ltr'>aeterno</span> <span class='ocrx_word' id='word_1_631' title='bbox 1829 1171 1882 1199; x_wconf 86' lang='lat' dir='ltr'>Deo</span> <span class='ocrx_word' id='word_1_632' title='bbox 1904 1171 1976 1200; x_wconf 91' lang='lat' dir='ltr'>trino</span> <span class='ocrx_word' id='word_1_633' title='bbox 1997 1174 2025 1200; x_wconf 88' lang='lat' dir='ltr'>et</span> <span class='ocrx_word' id='word_1_634' title='bbox 2045 1179 2116 1200; x_wconf 87' lang='lat' dir='ltr'>uno:</span> 
     </span>
     <span class='ocr_line' id='line_1_91' title="bbox 1270 1215 2116 1253; baseline 0.002 -9"><span class='ocrx_word' id='word_1_635' title='bbox 1270 1215 1329 1244; x_wconf 89' lang='lat' dir='ltr'>ideo</span> <span class='ocrx_word' id='word_1_636' title='bbox 1351 1216 1386 1244; x_wconf 87' lang='lat' dir='ltr'>ibi</span> <span class='ocrx_word' id='word_1_637' title='bbox 1410 1224 1517 1244; x_wconf 84' lang='lat' dir='ltr'>summa</span> <span class='ocrx_word' id='word_1_638' title='bbox 1538 1217 1693 1253; x_wconf 84' lang='lat' dir='ltr'>opulentia,</span> <span class='ocrx_word' id='word_1_639' title='bbox 1709 1225 1817 1245; x_wconf 84' lang='lat' dir='ltr'>sumina</span> <span class='ocrx_word' id='word_1_640' title='bbox 1832 1217 1981 1246; x_wconf 80' lang='lat' dir='ltr'>affluentia.</span> <span class='ocrx_word' id='word_1_641' title='bbox 2003 1217 2032 1246; x_wconf 87' lang='lat' dir='ltr'>Et</span> <span class='ocrx_word' id='word_1_642' title='bbox 2048 1217 2116 1251; x_wconf 89' lang='lat' dir='ltr'>ideo,</span> 
     </span>
     <span class='ocr_line' id='line_1_92' title="bbox 1270 1262 2116 1299; baseline 0.002 -9"><span class='ocrx_word' id='word_1_643' title='bbox 1270 1262 1341 1291; x_wconf 84' lang='lat' dir='ltr'>sicut</span> <span class='ocrx_word' id='word_1_644' title='bbox 1362 1262 1427 1291; x_wconf 88' lang='lat' dir='ltr'>dicit</span> <span class='ocrx_word' id='word_1_645' title='bbox 1448 1263 1592 1299; x_wconf 79' lang='lat' dir='ltr'>Apostolus</span> <span class='ocrx_word' id='word_1_646' title='bbox 1607 1264 1638 1291; x_wconf 86' lang='lat' dir='ltr'>ad</span> <span class='ocrx_word' id='word_1_647' title='bbox 1663 1263 1799 1292; x_wconf 80' lang='lat' dir='ltr'>Hebraeos</span> <span class='ocrx_word' id='word_1_648' title='bbox 1813 1264 1919 1292; x_wconf 87' lang='lat' dir='ltr'>decimo</span> <span class='ocrx_word' id='word_1_649' title='bbox 1941 1264 2036 1298; x_wconf 84' lang='lat' dir='ltr'>tertio,</span> <span class='ocrx_word' id='word_1_650' title='bbox 2058 1273 2116 1292; x_wconf 64' lang='lat' dir='ltr'>ozon</span> 
     </span>
     <span class='ocr_line' id='line_1_93' title="bbox 1270 1308 2117 1348; baseline 0.002 -11"><span class='ocrx_word' id='word_1_651' title='bbox 1270 1308 1410 1338; x_wconf 71' lang='lat' dir='ltr'>habemus</span> <span class='ocrx_word' id='word_1_652' title='bbox 1431 1309 1478 1338; x_wconf 75' lang='lat' dir='ltr'>liic</span> <span class='ocrx_word' id='word_1_653' title='bbox 1499 1314 1660 1338; x_wconf 72' lang='lat' dir='ltr'>mammem</span> <span class='ocrx_word' id='word_1_654' title='bbox 1676 1310 1836 1344; x_wconf 74' lang='lat' dir='ltr'>ciuitatem,</span> <span class='ocrx_word' id='word_1_655' title='bbox 1857 1311 1908 1339; x_wconf 60' lang='lat' dir='ltr'>scil</span> <span class='ocrx_word' id='word_1_656' title='bbox 1921 1310 2058 1348; x_wconf 71' lang='lat' dir='ltr'>futuram</span> <span class='ocrx_word' id='word_1_657' title='bbox 2076 1311 2117 1339; x_wconf 77' lang='lat' dir='ltr'>in-</span> 
     </span>
     <span class='ocr_line' id='line_1_94' title="bbox 1270 1356 2117 1394; baseline 0.002 -10"><span class='ocrx_word' id='word_1_658' title='bbox 1270 1356 1428 1393; x_wconf 64' lang='lat' dir='ltr'>quirimus.</span> <span class='ocrx_word' id='word_1_659' title='bbox 1452 1357 1521 1385; x_wconf 84' lang='lat' dir='ltr'>llaec</span> <span class='ocrx_word' id='word_1_660' title='bbox 1548 1361 1590 1385; x_wconf 89' lang='lat' dir='ltr'>est</span> <span class='ocrx_word' id='word_1_661' title='bbox 1618 1357 1662 1385; x_wconf 85' lang='lat' dir='ltr'>illa</span> <span class='ocrx_word' id='word_1_662' title='bbox 1685 1365 1767 1393; x_wconf 83' lang='lat' dir='ltr'>quam</span> <span class='ocrx_word' id='word_1_663' title='bbox 1797 1358 1923 1394; x_wconf 86' lang='lat' dir='ltr'>promisit</span> <span class='ocrx_word' id='word_1_664' title='bbox 1946 1358 2018 1386; x_wconf 87' lang='lat' dir='ltr'>Deus</span> <span class='ocrx_word' id='word_1_665' title='bbox 2047 1358 2117 1394; x_wconf 84' lang='lat' dir='ltr'>patri</span> 
     </span>
     <span class='ocr_line' id='line_1_95' title="bbox 1271 1403 2118 1442; baseline 0.002 -11"><span class='ocrx_word' id='word_1_666' title='bbox 1271 1407 1366 1432; x_wconf 90' lang='lat' dir='ltr'>nostro</span> <span class='ocrx_word' id='word_1_667' title='bbox 1388 1403 1542 1432; x_wconf 73' lang='lat' dir='ltr'>Abraham</span> <span class='ocrx_word' id='word_1_668' title='bbox 1563 1409 1587 1432; x_wconf 81' lang='lat' dir='ltr'>et</span> <span class='ocrx_word' id='word_1_669' title='bbox 1609 1404 1713 1432; x_wconf 61' lang='lat' dir='ltr'>sommi</span> <span class='ocrx_word' id='word_1_670' title='bbox 1744 1405 1806 1432; x_wconf 71' lang='lat' dir='ltr'>cius</span> <span class='ocrx_word' id='word_1_671' title='bbox 1834 1405 1864 1433; x_wconf 67' lang='lat' dir='ltr'>in</span> <span class='ocrx_word' id='word_1_672' title='bbox 1892 1406 2118 1442; x_wconf 57' lang='lat' dir='ltr'>scnzpltcruunu</span> 
     </span>
     <span class='ocr_line' id='line_1_96' title="bbox 1270 1450 2118 1488; baseline 0.002 -10"><span class='ocrx_word' id='word_1_673' title='bbox 1270 1450 1350 1479; x_wconf 87' lang='lat' dir='ltr'>aliter</span> <span class='ocrx_word' id='word_1_674' title='bbox 1372 1451 1443 1479; x_wconf 81' lang='lat' dir='ltr'>enim</span> <span class='ocrx_word' id='word_1_675' title='bbox 1467 1450 1552 1479; x_wconf 85' lang='lat' dir='ltr'>salsus</span> <span class='ocrx_word' id='word_1_676' title='bbox 1573 1451 1668 1479; x_wconf 84' lang='lat' dir='ltr'>suisset</span> <span class='ocrx_word' id='word_1_677' title='bbox 1691 1451 1716 1479; x_wconf 90' lang='lat' dir='ltr'>in</span> <span class='ocrx_word' id='word_1_678' title='bbox 1738 1451 1932 1487; x_wconf 86' lang='lat' dir='ltr'>promittendo,</span> <span class='ocrx_word' id='word_1_679' title='bbox 1954 1452 2019 1488; x_wconf 85' lang='lat' dir='ltr'>quia</span> <span class='ocrx_word' id='word_1_680' title='bbox 2048 1460 2118 1480; x_wconf 91' lang='lat' dir='ltr'>nun-</span> 
     </span>
     <span class='ocr_line' id='line_1_97' title="bbox 1271 1498 2117 1534; baseline 0.002 -9"><span class='ocrx_word' id='word_1_681' title='bbox 1271 1505 1354 1534; x_wconf 82' lang='lat' dir='ltr'>quam</span> <span class='ocrx_word' id='word_1_682' title='bbox 1384 1498 1456 1526; x_wconf 86' lang='lat' dir='ltr'>illam</span> <span class='ocrx_word' id='word_1_683' title='bbox 1483 1498 1580 1527; x_wconf 83' lang='lat' dir='ltr'>habuit</span> <span class='ocrx_word' id='word_1_684' title='bbox 1602 1498 1737 1526; x_wconf 72' lang='lat' dir='ltr'>Abraham</span> <span class='ocrx_word' id='word_1_685' title='bbox 1767 1506 1816 1527; x_wconf 85' lang='lat' dir='ltr'>nec</span> <span class='ocrx_word' id='word_1_686' title='bbox 1846 1499 1918 1527; x_wconf 84' lang='lat' dir='ltr'>isaac</span> <span class='ocrx_word' id='word_1_687' title='bbox 1947 1506 1995 1527; x_wconf 81' lang='lat' dir='ltr'>nee</span> <span class='ocrx_word' id='word_1_688' title='bbox 2024 1499 2117 1533; x_wconf 85' lang='lat' dir='ltr'>Iacob,</span> 
     </span>
     <span class='ocr_line' id='line_1_98' title="bbox 1271 1545 2118 1582; baseline 0.002 -10"><span class='ocrx_word' id='word_1_689' title='bbox 1271 1545 1374 1582; x_wconf 82' lang='lat' dir='ltr'>quibus</span> <span class='ocrx_word' id='word_1_690' title='bbox 1395 1545 1465 1573; x_wconf 84' lang='lat' dir='ltr'>sacta</span> <span class='ocrx_word' id='word_1_691' title='bbox 1486 1545 1713 1582; x_wconf 77' lang='lat' dir='ltr'>fuitp1·01nissio;</span> <span class='ocrx_word' id='word_1_692' title='bbox 1736 1545 1796 1574; x_wconf 89' lang='lat' dir='ltr'>ideo</span> <span class='ocrx_word' id='word_1_693' title='bbox 1810 1545 1912 1574; x_wconf 87' lang='lat' dir='ltr'>dicitur</span> <span class='ocrx_word' id='word_1_694' title='bbox 1926 1546 1960 1574; x_wconf 88' lang='lat' dir='ltr'>ad</span> <span class='ocrx_word' id='word_1_695' title='bbox 1983 1546 2118 1575; x_wconf 82' lang='lat' dir='ltr'>Hebraeos</span> 
     </span>
     <span class='ocr_line' id='line_1_99' title="bbox 1271 1591 2118 1629; baseline 0.001 -10"><span class='ocrx_word' id='word_1_696' title='bbox 1271 1591 1417 1620; x_wconf 86' lang='lat' dir='ltr'>undecimo</span> <span class='ocrx_word' id='word_1_697' title='bbox 1431 1591 1457 1620; x_wconf 88' lang='lat'>5:</span> <span class='ocrx_word' id='word_1_698' title='bbox 1482 1591 1674 1628; x_wconf 74' lang='lat' dir='ltr'>Exspectabat</span> <span class='ocrx_word' id='word_1_699' title='bbox 1692 1591 1889 1629; x_wconf 67' lang='lat' dir='ltr'>sicndamerzta</span> <span class='ocrx_word' id='word_1_700' title='bbox 1910 1591 2058 1620; x_wconf 73' lang='lat' dir='ltr'>habentem</span> <span class='ocrx_word' id='word_1_701' title='bbox 2079 1592 2118 1620; x_wconf 82' lang='lat' dir='ltr'>cz&#39;-</span> 
     </span>
     <span class='ocr_line' id='line_1_100' title="bbox 1270 1638 1952 1676; baseline 0.001 -10"><span class='ocrx_word' id='word_1_702' title='bbox 1270 1639 1405 1672; x_wconf 76' lang='lat' dir='ltr'>vz&#39;talcm,</span> <span class='ocrx_word' id='word_1_703' title='bbox 1427 1639 1514 1667; x_wconf 72' lang='lat' dir='ltr'>caius</span> <span class='ocrx_word' id='word_1_704' title='bbox 1535 1638 1646 1676; x_wconf 63' lang='lat' dir='ltr'>artifex</span> <span class='ocrx_word' id='word_1_705' title='bbox 1667 1643 1692 1667; x_wconf 84' lang='lat' dir='ltr'>ct</span> <span class='ocrx_word' id='word_1_706' title='bbox 1713 1639 1845 1667; x_wconf 73' lang='lat' dir='ltr'>conditor</span> <span class='ocrx_word' id='word_1_707' title='bbox 1869 1639 1952 1667; x_wconf 74' lang='lat' dir='ltr'>Deus.</span> 
     </span>
    </p>
   </div>
   <div class='ocr_carea' id='block_1_13' title="bbox 1350 1685 2239 1723">
    <p class='ocr_par' dir='ltr' id='par_1_18' title="bbox 1350 1685 2239 1723">
     <span class='ocr_line' id='line_1_101' title="bbox 1350 1685 2239 1723; baseline -0.001 -10"><span class='ocrx_word' id='word_1_708' title='bbox 1350 1686 1378 1713; x_wconf 90' lang='lat' dir='ltr'>ll.</span> <span class='ocrx_word' id='word_1_709' title='bbox 1401 1685 1476 1714; x_wconf 85' lang='lat' dir='ltr'>Sicut</span> <span class='ocrx_word' id='word_1_710' title='bbox 1497 1693 1563 1722; x_wconf 83' lang='lat' dir='ltr'>ergo</span> <span class='ocrx_word' id='word_1_711' title='bbox 1583 1686 1703 1714; x_wconf 87' lang='lat' dir='ltr'>Verbum</span> <span class='ocrx_word' id='word_1_712' title='bbox 1726 1686 1878 1714; x_wconf 82' lang='lat' dir='ltr'>increatum</span> <span class='ocrx_word' id='word_1_713' title='bbox 1896 1686 1922 1714; x_wconf 93' lang='lat' dir='ltr'>in</span> <span class='ocrx_word' id='word_1_714' title='bbox 1937 1685 2037 1722; x_wconf 77' lang='lat' dir='ltr'>gloria,</span> <span class='ocrx_word' id='word_1_715' title='bbox 2053 1694 2118 1723; x_wconf 79' lang='lat' dir='ltr'>qua-</span> <span class='ocrx_word' id='word_1_716' title='bbox 2136 1693 2180 1712; x_wconf 69' lang='lat' dir='ltr'>ears</span> <span class='ocrx_word' id='word_1_717' title='bbox 2192 1693 2213 1712; x_wconf 91' lang='lat' dir='ltr'>u.</span> <span class='ocrx_word' id='word_1_718' title='bbox 2226 1693 2239 1713; x_wconf 83' lang='lat' dir='ltr'>n</span> 
     </span>
    </p>
   </div>
   <div class='ocr_carea' id='block_1_14' title="bbox 2141 1717 2239 1736">
    <p class='ocr_par' dir='ltr' id='par_1_19' title="bbox 2141 1717 2239 1736">
     <span class='ocr_line' id='line_1_102' title="bbox 2141 1717 2239 1736; baseline 0.01 -1"><span class='ocrx_word' id='word_1_719' title='bbox 2141 1717 2216 1736; x_wconf 71' lang='lat' dir='ltr'>civitate</span> <span class='ocrx_word' id='word_1_720' title='bbox 2228 1717 2239 1736; x_wconf 83' lang='lat' dir='ltr'>ii</span> 
     </span>
    </p>
   </div>
   <div class='ocr_carea' id='block_1_15' title="bbox 1269 1732 2239 1767">
    <p class='ocr_par' dir='ltr' id='par_1_20' title="bbox 1269 1732 2239 1767">
     <span class='ocr_line' id='line_1_103' title="bbox 1269 1732 2239 1767; baseline 0.001 -7"><span class='ocrx_word' id='word_1_721' title='bbox 1269 1732 1440 1761; x_wconf 77' lang='lat' dir='ltr'>drisorniiter</span> <span class='ocrx_word' id='word_1_722' title='bbox 1457 1732 1589 1766; x_wconf 86' lang='lat' dir='ltr'>influens,</span> <span class='ocrx_word' id='word_1_723' title='bbox 1605 1733 1675 1761; x_wconf 83' lang='lat' dir='ltr'>lianc</span> <span class='ocrx_word' id='word_1_724' title='bbox 1696 1732 1833 1761; x_wconf 85' lang='lat' dir='ltr'>civitatem</span> <span class='ocrx_word' id='word_1_725' title='bbox 1855 1732 1995 1767; x_wconf 81' lang='lat' dir='ltr'>aedificat,</span> <span class='ocrx_word' id='word_1_726' title='bbox 2017 1733 2055 1762; x_wconf 80' lang='lat' dir='ltr'>sie</span> <span class='ocrx_word' id='word_1_727' title='bbox 2072 1733 2118 1761; x_wconf 80' lang='lat' dir='ltr'>clc-</span> <span class='ocrx_word' id='word_1_728' title='bbox 2144 1740 2198 1759; x_wconf 65' lang='lat' dir='ltr'>terris</span> <span class='ocrx_word' id='word_1_729' title='bbox 2211 1740 2239 1760; x_wconf 82' lang='lat' dir='ltr'>run</span> 
     </span>
    </p>
   </div>
   <div class='ocr_carea' id='block_1_16' title="bbox 2131 1764 2234 1787">
    <p class='ocr_par' dir='ltr' id='par_1_21' title="bbox 2131 1764 2234 1787">
     <span class='ocr_line' id='line_1_104' title="bbox 2131 1764 2234 1787; baseline 0 -5"><span class='ocrx_word' id='word_1_730' title='bbox 2131 1764 2175 1782; x_wconf 81' lang='lat' dir='ltr'>dala</span> <span class='ocrx_word' id='word_1_731' title='bbox 2189 1764 2234 1787; x_wconf 79' lang='lat' dir='ltr'>quad</span> 
     </span>
    </p>
   </div>
   <div class='ocr_carea' id='block_1_17' title="bbox 1268 1778 2238 1813">
    <p class='ocr_par' dir='ltr' id='par_1_22' title="bbox 1268 1778 2238 1813">
     <span class='ocr_line' id='line_1_105' title="bbox 1268 1778 2238 1813; baseline -0.001 -6"><span class='ocrx_word' id='word_1_732' title='bbox 1268 1779 1405 1807; x_wconf 72' lang='lat' dir='ltr'>sccndens</span> <span class='ocrx_word' id='word_1_733' title='bbox 1426 1778 1459 1807; x_wconf 86' lang='lat' dir='ltr'>ad</span> <span class='ocrx_word' id='word_1_734' title='bbox 1475 1787 1538 1813; x_wconf 90' lang='lat' dir='ltr'>nos,</span> <span class='ocrx_word' id='word_1_735' title='bbox 1555 1779 1676 1807; x_wconf 86' lang='lat' dir='ltr'>Verbum</span> <span class='ocrx_word' id='word_1_736' title='bbox 1699 1779 1871 1808; x_wconf 86' lang='lat' dir='ltr'>incarnatum</span> <span class='ocrx_word' id='word_1_737' title='bbox 1889 1779 1960 1808; x_wconf 90' lang='lat' dir='ltr'>hanc</span> <span class='ocrx_word' id='word_1_738' title='bbox 1981 1779 2119 1808; x_wconf 86' lang='lat' dir='ltr'>civitatem</span> <span class='ocrx_word' id='word_1_739' title='bbox 2152 1788 2238 1807; x_wconf 70' lang='lat' dir='ltr'>formiter.</span> 
     </span>
    </p>
   </div>
   <div class='ocr_carea' id='block_1_18' title="bbox 1269 1826 2119 1863">
    <p class='ocr_par' dir='ltr' id='par_1_23' title="bbox 1269 1826 2119 1863">
     <span class='ocr_line' id='line_1_106' title="bbox 1269 1826 2119 1863; baseline 0 -9"><span class='ocrx_word' id='word_1_740' title='bbox 1269 1826 1394 1855; x_wconf 85' lang='lat' dir='ltr'>aedificat</span> <span class='ocrx_word' id='word_1_741' title='bbox 1406 1827 1444 1862; x_wconf 90' lang='lat' dir='ltr'>(in</span> <span class='ocrx_word' id='word_1_742' title='bbox 1460 1826 1553 1862; x_wconf 81' lang='lat' dir='ltr'>terris)</span> <span class='ocrx_word' id='word_1_743' title='bbox 1565 1826 1791 1862; x_wconf 79' lang='lat' dir='ltr'>quadriformiter</span> <span class='ocrx_word' id='word_1_744' title='bbox 1804 1834 1852 1863; x_wconf 89' lang='lat' dir='ltr'>per</span> <span class='ocrx_word' id='word_1_745' title='bbox 1861 1826 2005 1863; x_wconf 62' lang='lat' dir='ltr'>graciam,</span> <span class='ocrx_word' id='word_1_746' title='bbox 2017 1826 2119 1855; x_wconf 85' lang='lat' dir='ltr'>scilicet</span> 
     </span>
    </p>
   </div>
   <div class='ocr_carea' id='block_1_19' title="bbox 1270 1873 2239 1910">
    <p class='ocr_par' dir='ltr' id='par_1_24' title="bbox 1270 1873 2239 1910">
     <span class='ocr_line' id='line_1_107' title="bbox 1270 1873 2239 1910; baseline -0.002 -8"><span class='ocrx_word' id='word_1_747' title='bbox 1270 1881 1319 1910; x_wconf 91' lang='lat' dir='ltr'>per</span> <span class='ocrx_word' id='word_1_748' title='bbox 1333 1873 1419 1910; x_wconf 71' lang='lat' dir='ltr'>(idem</span> <span class='ocrx_word' id='word_1_749' title='bbox 1440 1874 1467 1902; x_wconf 90' lang='lat' dir='ltr'>in</span> <span class='ocrx_word' id='word_1_750' title='bbox 1489 1874 1624 1907; x_wconf 86' lang='lat' dir='ltr'>rationali,</span> <span class='ocrx_word' id='word_1_751' title='bbox 1641 1881 1689 1910; x_wconf 91' lang='lat' dir='ltr'>per</span> <span class='ocrx_word' id='word_1_752' title='bbox 1707 1881 1786 1910; x_wconf 80' lang='lat' dir='ltr'>spem</span> <span class='ocrx_word' id='word_1_753' title='bbox 1809 1874 1834 1902; x_wconf 92' lang='lat' dir='ltr'>in</span> <span class='ocrx_word' id='word_1_754' title='bbox 1851 1873 1990 1907; x_wconf 86' lang='lat' dir='ltr'>irascibili,</span> <span class='ocrx_word' id='word_1_755' title='bbox 2008 1881 2055 1910; x_wconf 88' lang='lat' dir='ltr'>per</span> <span class='ocrx_word' id='word_1_756' title='bbox 2071 1882 2119 1902; x_wconf 82' lang='lat' dir='ltr'>ca—</span> <span class='ocrx_word' id='word_1_757' title='bbox 2137 1881 2239 1900; x_wconf 79' lang='lat' dir='ltr'>Subdivisio</span> 
     </span>
    </p>
   </div>
   <div class='ocr_carea' id='block_1_20' title="bbox 1269 1920 2119 2615">
    <p class='ocr_par' dir='ltr' id='par_1_25' title="bbox 1269 1920 2119 2615">
     <span class='ocr_line' id='line_1_108' title="bbox 1269 1920 2119 1957; baseline 0.001 -9"><span class='ocrx_word' id='word_1_758' title='bbox 1269 1921 1384 1949; x_wconf 67' lang='lat' dir='ltr'>ritatem</span> <span class='ocrx_word' id='word_1_759' title='bbox 1408 1921 1434 1949; x_wconf 89' lang='lat' dir='ltr'>in</span> <span class='ocrx_word' id='word_1_760' title='bbox 1457 1920 1672 1957; x_wconf 84' lang='lat' dir='ltr'>concupiscibili,</span> <span class='ocrx_word' id='word_1_761' title='bbox 1694 1928 1743 1956; x_wconf 90' lang='lat' dir='ltr'>per</span> <span class='ocrx_word' id='word_1_762' title='bbox 1757 1920 1941 1949; x_wconf 71' lang='lat' dir='ltr'>sanctitatem</span> <span class='ocrx_word' id='word_1_763' title='bbox 1956 1920 2040 1949; x_wconf 86' lang='lat' dir='ltr'>totius</span> <span class='ocrx_word' id='word_1_764' title='bbox 2055 1928 2119 1949; x_wconf 85' lang='lat' dir='ltr'>con-</span> 
     </span>
     <span class='ocr_line' id='line_1_109' title="bbox 1270 1967 2119 2004; baseline -0.001 -8"><span class='ocrx_word' id='word_1_765' title='bbox 1270 1968 1355 1996; x_wconf 88' lang='lat' dir='ltr'>iuncti</span> <span class='ocrx_word' id='word_1_766' title='bbox 1371 1968 1397 2002; x_wconf 67' lang='lat'>⁶3</span> <span class='ocrx_word' id='word_1_767' title='bbox 1422 1968 1462 1996; x_wconf 89' lang='lat' dir='ltr'>vel</span> <span class='ocrx_word' id='word_1_768' title='bbox 1486 1976 1535 2004; x_wconf 88' lang='lat' dir='ltr'>per</span> <span class='ocrx_word' id='word_1_769' title='bbox 1549 1967 1633 2004; x_wconf 74' lang='lat' dir='ltr'>fldem</span> <span class='ocrx_word' id='word_1_770' title='bbox 1654 1967 1802 2004; x_wconf 83' lang='lat' dir='ltr'>potentiam</span> <span class='ocrx_word' id='word_1_771' title='bbox 1825 1967 1988 2003; x_wconf 83' lang='lat' dir='ltr'>cognitivam</span> <span class='ocrx_word' id='word_1_772' title='bbox 2010 1967 2119 1995; x_wconf 72' lang='lat' dir='ltr'>illumi-</span> 
     </span>
     <span class='ocr_line' id='line_1_110' title="bbox 1270 2012 2118 2051; baseline 0 -9"><span class='ocrx_word' id='word_1_773' title='bbox 1270 2023 1361 2048; x_wconf 70' lang='lat' dir='ltr'>nans,</span> <span class='ocrx_word' id='word_1_774' title='bbox 1385 2022 1433 2051; x_wconf 88' lang='lat' dir='ltr'>per</span> <span class='ocrx_word' id='word_1_775' title='bbox 1454 2023 1531 2051; x_wconf 76' lang='lat' dir='ltr'>spem</span> <span class='ocrx_word' id='word_1_776' title='bbox 1552 2014 1700 2050; x_wconf 85' lang='lat' dir='ltr'>potentiam</span> <span class='ocrx_word' id='word_1_777' title='bbox 1723 2014 1914 2050; x_wconf 82' lang='lat' dir='ltr'>potestativam</span> <span class='ocrx_word' id='word_1_778' title='bbox 1936 2012 2118 2050; x_wconf 72' lang='lat' dir='ltr'>confortans,</span> 
     </span>
     <span class='ocr_line' id='line_1_111' title="bbox 1271 2061 2118 2098; baseline -0.001 -8"><span class='ocrx_word' id='word_1_779' title='bbox 1271 2070 1319 2098; x_wconf 90' lang='lat' dir='ltr'>per</span> <span class='ocrx_word' id='word_1_780' title='bbox 1348 2062 1501 2090; x_wconf 75' lang='lat' dir='ltr'>caritatem</span> <span class='ocrx_word' id='word_1_781' title='bbox 1530 2062 1679 2098; x_wconf 87' lang='lat' dir='ltr'>potentiam</span> <span class='ocrx_word' id='word_1_782' title='bbox 1711 2061 1856 2089; x_wconf 85' lang='lat' dir='ltr'>amativam</span> <span class='ocrx_word' id='word_1_783' title='bbox 1879 2061 2040 2095; x_wconf 71' lang='lat' dir='ltr'>delectans,</span> <span class='ocrx_word' id='word_1_784' title='bbox 2070 2069 2118 2098; x_wconf 89' lang='lat' dir='ltr'>per</span> 
     </span>
     <span class='ocr_line' id='line_1_112' title="bbox 1269 2108 2012 2145; baseline -0.001 -8"><span class='ocrx_word' id='word_1_785' title='bbox 1269 2109 1453 2137; x_wconf 73' lang='lat' dir='ltr'>sanccita-cem</span> <span class='ocrx_word' id='word_1_786' title='bbox 1476 2108 1624 2145; x_wconf 85' lang='lat' dir='ltr'>potentiam</span> <span class='ocrx_word' id='word_1_787' title='bbox 1646 2108 1815 2145; x_wconf 82' lang='lat' dir='ltr'>operativam</span> <span class='ocrx_word' id='word_1_788' title='bbox 1838 2108 2012 2144; x_wconf 68' lang='lat' dir='ltr'>iustificam.</span> 
     </span>
     <span class='ocr_line' id='line_1_113' title="bbox 1349 2155 2118 2191; baseline 0 -7"><span class='ocrx_word' id='word_1_789' title='bbox 1349 2155 1513 2184; x_wconf 81' lang='lat' dir='ltr'>Construxit</span> <span class='ocrx_word' id='word_1_790' title='bbox 1533 2163 1599 2191; x_wconf 78' lang='lat' dir='ltr'>ergo</span> <span class='ocrx_word' id='word_1_791' title='bbox 1627 2155 1697 2183; x_wconf 79' lang='lat' dir='ltr'>lianc</span> <span class='ocrx_word' id='word_1_792' title='bbox 1726 2155 1862 2183; x_wconf 84' lang='lat' dir='ltr'>civitatem</span> <span class='ocrx_word' id='word_1_793' title='bbox 1893 2155 1919 2183; x_wconf 94' lang='lat' dir='ltr'>in</span> <span class='ocrx_word' id='word_1_794' title='bbox 1948 2155 2030 2184; x_wconf 85' lang='lat' dir='ltr'>terris</span> <span class='ocrx_word' id='word_1_795' title='bbox 2051 2155 2118 2184; x_wconf 85' lang='lat' dir='ltr'>Ver-</span> 
     </span>
     <span class='ocr_line' id='line_1_114' title="bbox 1271 2201 2117 2239; baseline -0.001 -8"><span class='ocrx_word' id='word_1_796' title='bbox 1271 2203 1336 2232; x_wconf 86' lang='lat' dir='ltr'>bum</span> <span class='ocrx_word' id='word_1_797' title='bbox 1360 2203 1533 2231; x_wconf 81' lang='lat' dir='ltr'>incarnatum</span> <span class='ocrx_word' id='word_1_798' title='bbox 1556 2210 1605 2238; x_wconf 90' lang='lat' dir='ltr'>per</span> <span class='ocrx_word' id='word_1_799' title='bbox 1620 2201 1804 2238; x_wconf 67' lang='lat' dir='ltr'>influentiam</span> <span class='ocrx_word' id='word_1_800' title='bbox 1823 2201 1955 2239; x_wconf 52' lang='lat' dir='ltr'>,qi-aliae,</span> <span class='ocrx_word' id='word_1_801' title='bbox 1978 2202 2055 2239; x_wconf 88' lang='lat' dir='ltr'>prius</span> <span class='ocrx_word' id='word_1_802' title='bbox 2077 2202 2117 2230; x_wconf 90' lang='lat' dir='ltr'>in-</span> 
     </span>
     <span class='ocr_line' id='line_1_115' title="bbox 1271 2248 2118 2286; baseline -0.002 -7"><span class='ocrx_word' id='word_1_803' title='bbox 1271 2250 1410 2278; x_wconf 80' lang='lat' dir='ltr'>fundendo</span> <span class='ocrx_word' id='word_1_804' title='bbox 1430 2249 1514 2286; x_wconf 77' lang='lat' dir='ltr'>fidem</span> <span class='ocrx_word' id='word_1_805' title='bbox 1538 2249 1587 2285; x_wconf 87' lang='lat' dir='ltr'>ipsi</span> <span class='ocrx_word' id='word_1_806' title='bbox 1611 2248 1752 2281; x_wconf 81' lang='lat' dir='ltr'>rationali,</span> <span class='ocrx_word' id='word_1_807' title='bbox 1775 2256 1846 2285; x_wconf 83' lang='lat' dir='ltr'>quae</span> <span class='ocrx_word' id='word_1_808' title='bbox 1868 2248 1935 2277; x_wconf 81' lang='lat' dir='ltr'>[ides</span> <span class='ocrx_word' id='word_1_809' title='bbox 1963 2249 2118 2285; x_wconf 86' lang='lat' dir='ltr'>specialiter</span> 
     </span>
     <span class='ocr_line' id='line_1_116' title="bbox 1271 2295 2118 2333; baseline 0 -9"><span class='ocrx_word' id='word_1_810' title='bbox 1271 2297 1404 2333; x_wconf 75' lang='lat' dir='ltr'>Apostolis</span> <span class='ocrx_word' id='word_1_811' title='bbox 1424 2296 1589 2333; x_wconf 83' lang='lat' dir='ltr'>applicatur,</span> <span class='ocrx_word' id='word_1_812' title='bbox 1611 2303 1731 2332; x_wconf 84' lang='lat' dir='ltr'>quorum</span> <span class='ocrx_word' id='word_1_813' title='bbox 1755 2295 1807 2324; x_wconf 83' lang='lat' dir='ltr'>fide</span> <span class='ocrx_word' id='word_1_814' title='bbox 1830 2295 1888 2332; x_wconf 84' lang='lat' dir='ltr'>ipsa</span> <span class='ocrx_word' id='word_1_815' title='bbox 1908 2295 2004 2324; x_wconf 86' lang='lat' dir='ltr'>civitas</span> <span class='ocrx_word' id='word_1_816' title='bbox 2024 2296 2118 2324; x_wconf 89' lang='lat' dir='ltr'>incon-</span> 
     </span>
     <span class='ocr_line' id='line_1_117' title="bbox 1271 2342 2118 2379; baseline -0.001 -7"><span class='ocrx_word' id='word_1_817' title='bbox 1271 2351 1350 2372; x_wconf 83' lang='lat' dir='ltr'>cusse</span> <span class='ocrx_word' id='word_1_818' title='bbox 1372 2343 1521 2376; x_wconf 85' lang='lat' dir='ltr'>fundatur;</span> <span class='ocrx_word' id='word_1_819' title='bbox 1543 2343 1569 2371; x_wconf 91' lang='lat' dir='ltr'>in</span> <span class='ocrx_word' id='word_1_820' title='bbox 1592 2342 1672 2371; x_wconf 83' lang='lat' dir='ltr'>cuius</span> <span class='ocrx_word' id='word_1_821' title='bbox 1693 2342 1802 2379; x_wconf 81' lang='lat' dir='ltr'>signum</span> <span class='ocrx_word' id='word_1_822' title='bbox 1823 2342 1925 2371; x_wconf 85' lang='lat' dir='ltr'>dieitur</span> <span class='ocrx_word' id='word_1_823' title='bbox 1943 2342 2118 2379; x_wconf 82' lang='lat' dir='ltr'>Apocalypsis</span> 
     </span>
     <span class='ocr_line' id='line_1_118' title="bbox 1270 2387 2118 2427; baseline -0.001 -9"><span class='ocrx_word' id='word_1_824' title='bbox 1270 2390 1402 2427; x_wconf 80' lang='lat' dir='ltr'>vigesimo</span> <span class='ocrx_word' id='word_1_825' title='bbox 1423 2389 1512 2426; x_wconf 88' lang='lat' dir='ltr'>primo</span> <span class='ocrx_word' id='word_1_826' title='bbox 1528 2390 1548 2423; x_wconf 88' lang='lat'>⁷,</span> <span class='ocrx_word' id='word_1_827' title='bbox 1570 2389 1642 2426; x_wconf 84' lang='lat' dir='ltr'>quod</span> <span class='ocrx_word' id='word_1_828' title='bbox 1664 2397 1772 2417; x_wconf 76' lang='lat' dir='ltr'>murus</span> <span class='ocrx_word' id='word_1_829' title='bbox 1786 2389 1913 2417; x_wconf 65' lang='lat' dir='ltr'>civitatis</span> <span class='ocrx_word' id='word_1_830' title='bbox 1928 2387 2031 2420; x_wconf 72' lang='lat' dir='ltr'>habeat</span> <span class='ocrx_word' id='word_1_831' title='bbox 2046 2389 2118 2417; x_wconf 76' lang='lat' dir='ltr'>‹luo-</span> 
     </span>
     <span class='ocr_line' id='line_1_119' title="bbox 1270 2436 2118 2474; baseline -0.001 -9"><span class='ocrx_word' id='word_1_832' title='bbox 1270 2437 1361 2466; x_wconf 74' lang='lat' dir='ltr'>(lecim</span> <span class='ocrx_word' id='word_1_833' title='bbox 1383 2436 1597 2474; x_wconf 75' lang='lat' dir='ltr'>fumlcmwnta,</span> <span class='ocrx_word' id='word_1_834' title='bbox 1618 2440 1643 2464; x_wconf 83' lang='lat' dir='ltr'>et</span> <span class='ocrx_word' id='word_1_835' title='bbox 1666 2436 1695 2464; x_wconf 73' lang='lat' dir='ltr'>in</span> <span class='ocrx_word' id='word_1_836' title='bbox 1718 2436 1790 2473; x_wconf 65' lang='lat' dir='ltr'>ipsis</span> <span class='ocrx_word' id='word_1_837' title='bbox 1817 2436 1968 2464; x_wconf 64' lang='lat' dir='ltr'>duodecim</span> <span class='ocrx_word' id='word_1_838' title='bbox 1996 2436 2118 2465; x_wconf 72' lang='lat' dir='ltr'>nomina</span> 
     </span>
     <span class='ocr_line' id='line_1_120' title="bbox 1271 2482 2118 2521; baseline -0.001 -9"><span class='ocrx_word' id='word_1_839' title='bbox 1271 2484 1421 2512; x_wconf 71' lang='lat' dir='ltr'>duodecim</span> <span class='ocrx_word' id='word_1_840' title='bbox 1450 2483 1656 2521; x_wconf 77' lang='lat' dir='ltr'>Apostolorum</span> <span class='ocrx_word' id='word_1_841' title='bbox 1686 2483 1772 2520; x_wconf 71' lang='lat' dir='ltr'>Aym&#39;.</span> <span class='ocrx_word' id='word_1_842' title='bbox 1802 2483 1833 2512; x_wconf 87' lang='lat' dir='ltr'>Et</span> <span class='ocrx_word' id='word_1_843' title='bbox 1860 2482 2016 2511; x_wconf 81' lang='lat' dir='ltr'>notabiliter</span> <span class='ocrx_word' id='word_1_844' title='bbox 2044 2483 2118 2512; x_wconf 87' lang='lat' dir='ltr'>addit</span> 
     </span>
     <span class='ocr_line' id='line_1_121' title="bbox 1273 2529 2116 2568; baseline -0.002 -9"><span class='ocrx_word' id='word_1_845' title='bbox 1273 2531 1367 2568; x_wconf 74' lang='lat' dir='ltr'>Aym&#39;,</span> <span class='ocrx_word' id='word_1_846' title='bbox 1389 2539 1423 2560; x_wconf 90' lang='lat' dir='ltr'>ne</span> <span class='ocrx_word' id='word_1_847' title='bbox 1445 2531 1548 2560; x_wconf 86' lang='lat' dir='ltr'>scilicet</span> <span class='ocrx_word' id='word_1_848' title='bbox 1576 2538 1660 2567; x_wconf 88' lang='lat' dir='ltr'>super</span> <span class='ocrx_word' id='word_1_849' title='bbox 1690 2530 1815 2558; x_wconf 86' lang='lat' dir='ltr'>homines</span> <span class='ocrx_word' id='word_1_850' title='bbox 1843 2529 1952 2558; x_wconf 86' lang='lat' dir='ltr'>fundari</span> <span class='ocrx_word' id='word_1_851' title='bbox 1982 2529 2116 2559; x_wconf 88' lang='lat' dir='ltr'>videatur.</span> 
     </span>
     <span class='ocr_line' id='line_1_122' title="bbox 1272 2576 2116 2615; baseline -0.004 -8"><span class='ocrx_word' id='word_1_852' title='bbox 1272 2578 1330 2615; x_wconf 87' lang='lat' dir='ltr'>lpse</span> <span class='ocrx_word' id='word_1_853' title='bbox 1362 2578 1433 2606; x_wconf 84' lang='lat' dir='ltr'>enim</span> <span class='ocrx_word' id='word_1_854' title='bbox 1467 2581 1508 2606; x_wconf 85' lang='lat' dir='ltr'>est</span> <span class='ocrx_word' id='word_1_855' title='bbox 1536 2577 1669 2614; x_wconf 75' lang='lat' dir='ltr'>primum</span> <span class='ocrx_word' id='word_1_856' title='bbox 1699 2576 1925 2610; x_wconf 73' lang='lat' dir='ltr'>fundamentum,</span> <span class='ocrx_word' id='word_1_857' title='bbox 1957 2576 2116 2613; x_wconf 81' lang='lat' dir='ltr'>Apostolus:</span> 
     </span>
    </p>
   </div>
   <div class='ocr_carea' id='block_1_21' title="bbox 1271 2758 2117 2982">
    <p class='ocr_par' dir='ltr' id='par_1_26' title="bbox 1335 2758 1482 2781">
     <span class='ocr_line' id='line_1_123' title="bbox 1335 2758 1482 2781; baseline 0 0"><span class='ocrx_word' id='word_1_858' title='bbox 1335 2758 1344 2771; x_wconf 88' lang='lat'>⁵</span> <span class='ocrx_word' id='word_1_859' title='bbox 1363 2760 1428 2781; x_wconf 85' lang='lat' dir='ltr'>Vers.</span> <span class='ocrx_word' id='word_1_860' title='bbox 1449 2760 1482 2781; x_wconf 86' lang='grc'>10.</span> 
     </span>
    </p>

    <p class='ocr_par' dir='ltr' id='par_1_27' title="bbox 1271 2794 2117 2937">
     <span class='ocr_line' id='line_1_124' title="bbox 1333 2794 2117 2826; baseline -0.005 -6"><span class='ocrx_word' id='word_1_861' title='bbox 1333 2797 1343 2810; x_wconf 71' lang='lat'><strong>⁶</strong></span> <span class='ocrx_word' id='word_1_862' title='bbox 1360 2798 1415 2820; x_wconf 90' lang='lat' dir='ltr'>Cod.</span> <span class='ocrx_word' id='word_1_863' title='bbox 1430 2797 1551 2820; x_wconf 81' lang='lat' dir='ltr'>Trecensis</span> <span class='ocrx_word' id='word_1_864' title='bbox 1563 2797 1590 2819; x_wconf 84' lang='lat' dir='ltr'>ita</span> <span class='ocrx_word' id='word_1_865' title='bbox 1605 2800 1693 2826; x_wconf 79' lang='lat' dir='ltr'>partem</span> <span class='ocrx_word' id='word_1_866' title='bbox 1707 2797 1730 2819; x_wconf 91' lang='lat' dir='ltr'>ll.</span> <span class='ocrx_word' id='word_1_867' title='bbox 1743 2795 1832 2824; x_wconf 84' lang='lat' dir='ltr'>incipit:</span> <span class='ocrx_word' id='word_1_868' title='bbox 1846 2795 1954 2824; x_wconf 83' lang='lat' dir='ltr'>Sequitur</span> <span class='ocrx_word' id='word_1_869' title='bbox 1966 2795 1995 2817; x_wconf 86' lang='lat' dir='ltr'>de</span> <span class='ocrx_word' id='word_1_870' title='bbox 2006 2794 2117 2822; x_wconf 83' lang='lat' dir='ltr'>secundo,</span> 
     </span>
     <span class='ocr_line' id='line_1_125' title="bbox 1271 2833 2117 2866; baseline -0.005 -7"><span class='ocrx_word' id='word_1_871' title='bbox 1271 2837 1300 2859; x_wconf 92' lang='lat' dir='ltr'>de</span> <span class='ocrx_word' id='word_1_872' title='bbox 1313 2843 1360 2866; x_wconf 91' lang='lat' dir='ltr'>quo</span> <span class='ocrx_word' id='word_1_873' title='bbox 1378 2836 1518 2863; x_wconf 86' lang='lat' dir='ltr'>notandum,</span> <span class='ocrx_word' id='word_1_874' title='bbox 1535 2836 1599 2864; x_wconf 86' lang='lat' dir='ltr'>quod</span> <span class='ocrx_word' id='word_1_875' title='bbox 1615 2836 1674 2858; x_wconf 87' lang='lat' dir='ltr'>sicut</span> <span class='ocrx_word' id='word_1_876' title='bbox 1690 2841 1732 2864; x_wconf 86' lang='lat' dir='ltr'>per</span> <span class='ocrx_word' id='word_1_877' title='bbox 1749 2834 1926 2857; x_wconf 78' lang='lat' dir='ltr'>deiformitatem</span> <span class='ocrx_word' id='word_1_878' title='bbox 1937 2834 2018 2856; x_wconf 83' lang='lat' dir='ltr'>civitas</span> <span class='ocrx_word' id='word_1_879' title='bbox 2030 2833 2117 2861; x_wconf 81' lang='lat' dir='ltr'>patriae</span> 
     </span>
     <span class='ocr_line' id='line_1_126' title="bbox 1272 2873 2117 2905; baseline -0.004 -7"><span class='ocrx_word' id='word_1_880' title='bbox 1272 2876 1293 2898; x_wconf 90' lang='lat' dir='ltr'>in</span> <span class='ocrx_word' id='word_1_881' title='bbox 1311 2879 1411 2905; x_wconf 78' lang='lat' dir='ltr'>quatuor</span> <span class='ocrx_word' id='word_1_882' title='bbox 1427 2879 1461 2898; x_wconf 86' lang='lat' dir='ltr'>est</span> <span class='ocrx_word' id='word_1_883' title='bbox 1478 2878 1615 2901; x_wconf 76' lang='lat' dir='ltr'>constructa,</span> <span class='ocrx_word' id='word_1_884' title='bbox 1633 2875 1662 2897; x_wconf 83' lang='lat' dir='ltr'>ita</span> <span class='ocrx_word' id='word_1_885' title='bbox 1680 2880 1722 2902; x_wconf 86' lang='lat' dir='ltr'>per</span> <span class='ocrx_word' id='word_1_886' title='bbox 1740 2873 1956 2897; x_wconf 71' lang='lat' dir='ltr'>christiformitatern</span> <span class='ocrx_word' id='word_1_887' title='bbox 1975 2873 1997 2895; x_wconf 93' lang='lat' dir='ltr'>in</span> <span class='ocrx_word' id='word_1_888' title='bbox 2018 2875 2117 2902; x_wconf 78' lang='lat' dir='ltr'>quatuor</span> 
     </span>
     <span class='ocr_line' id='line_1_127' title="bbox 1271 2914 1614 2937; baseline -0.003 0"><span class='ocrx_word' id='word_1_889' title='bbox 1271 2915 1351 2937; x_wconf 84' lang='lat' dir='ltr'>civitas</span> <span class='ocrx_word' id='word_1_890' title='bbox 1368 2915 1419 2936; x_wconf 77' lang='lat' dir='ltr'>viae</span> <span class='ocrx_word' id='word_1_891' title='bbox 1436 2918 1470 2937; x_wconf 79' lang='lat' dir='ltr'>est</span> <span class='ocrx_word' id='word_1_892' title='bbox 1487 2914 1614 2937; x_wconf 79' lang='lat' dir='ltr'>aedificata.</span> 
     </span>
    </p>

    <p class='ocr_par' dir='ltr' id='par_1_28' title="bbox 1334 2951 2078 2982">
     <span class='ocr_line' id='line_1_128' title="bbox 1334 2951 2078 2982; baseline -0.004 -6"><span class='ocrx_word' id='word_1_893' title='bbox 1334 2953 1342 2966; x_wconf 73' lang='lat'>⁷</span> <span class='ocrx_word' id='word_1_894' title='bbox 1362 2955 1426 2976; x_wconf 78' lang='lat' dir='ltr'>Vers.</span> <span class='ocrx_word' id='word_1_895' title='bbox 1447 2953 1484 2981; x_wconf 70' lang='lat'>¹43</span> <span class='ocrx_word' id='word_1_896' title='bbox 1502 2957 1630 2982; x_wconf 84' lang='lat' dir='ltr'>sequuntur</span> <span class='ocrx_word' id='word_1_897' title='bbox 1648 2954 1663 2975; x_wconf 91' lang='lat' dir='ltr'>l.</span> <span class='ocrx_word' id='word_1_898' title='bbox 1680 2952 1731 2976; x_wconf 82' lang='lat' dir='ltr'>Cor.</span> <span class='ocrx_word' id='word_1_899' title='bbox 1749 2953 1774 2980; x_wconf 85' lang='lat'>3,</span> <span class='ocrx_word' id='word_1_900' title='bbox 1793 2953 1830 2975; x_wconf 48' lang='lat' dir='ltr'>sii.</span> <span class='ocrx_word' id='word_1_901' title='bbox 1847 2955 1869 2975; x_wconf 90' lang='lat' dir='ltr'>et</span> <span class='ocrx_word' id='word_1_902' title='bbox 1886 2952 1927 2974; x_wconf 88' lang='lat' dir='ltr'>ios.</span> <span class='ocrx_word' id='word_1_903' title='bbox 1946 2951 1971 2980; x_wconf 76' lang='lat'>4,</span> <span class='ocrx_word' id='word_1_904' title='bbox 1989 2952 2011 2974; x_wconf 84' lang='lat'>2.</span> <span class='ocrx_word' id='word_1_905' title='bbox 2028 2957 2078 2980; x_wconf 82' lang='lat' dir='ltr'>seq.</span> 
     </span>
    </p>
   </div>
   <div class='ocr_carea' id='block_1_22' title="bbox 2135 2162 2243 2181">
    <p class='ocr_par' dir='ltr' id='par_1_29' title="bbox 2135 2162 2243 2181">
     <span class='ocr_line' id='line_1_129' title="bbox 2135 2162 2243 2181; baseline 0 0"><span class='ocrx_word' id='word_1_906' title='bbox 2135 2162 2243 2181; x_wconf 77' lang='lat' dir='ltr'>Aodificatm</span> 
     </span>
    </p>
   </div>
   <div class='ocr_carea' id='block_1_23' title="bbox 2146 2186 2238 2228">
    <p class='ocr_par' dir='ltr' id='par_1_30' title="bbox 2146 2186 2238 2228">
     <span class='ocr_line' id='line_1_130' title="bbox 2146 2186 2238 2205; baseline 0 -1"><span class='ocrx_word' id='word_1_907' title='bbox 2146 2186 2238 2205; x_wconf 76' lang='lat' dir='ltr'>infusione</span> 
     </span>
     <span class='ocr_line' id='line_1_131' title="bbox 2167 2209 2217 2228; baseline 0 0"><span class='ocrx_word' id='word_1_908' title='bbox 2167 2209 2217 2228; x_wconf 77' lang='lat' dir='ltr'>fidei.</span> 
     </span>
    </p>
   </div>
   <div class='ocr_carea' id='block_1_24' title="bbox 2135 2396 2243 2416">
    <p class='ocr_par' dir='ltr' id='par_1_31' title="bbox 2135 2396 2243 2416">
     <span class='ocr_line' id='line_1_132' title="bbox 2135 2396 2243 2416; baseline 0 -1"><span class='ocrx_word' id='word_1_909' title='bbox 2135 2396 2156 2415; x_wconf 82' lang='lat' dir='ltr'>ln</span> <span class='ocrx_word' id='word_1_910' title='bbox 2168 2397 2184 2416; x_wconf 75' lang='lat' dir='ltr'>A</span> <span class='ocrx_word' id='word_1_911' title='bbox 2199 2396 2243 2415; x_wconf 72' lang='lat' dir='ltr'>estol</span> 
     </span>
    </p>
   </div>
   <div class='ocr_carea' id='block_1_25' title="bbox 2150 2419 2241 2463">
    <p class='ocr_par' dir='ltr' id='par_1_32' title="bbox 2150 2419 2241 2463">
     <span class='ocr_line' id='line_1_133' title="bbox 2150 2419 2241 2439; baseline 0 -1"><span class='ocrx_word' id='word_1_912' title='bbox 2150 2420 2173 2438; x_wconf 68' lang='grc' dir='ltr'>(Ξ</span> <span class='ocrx_word' id='word_1_913' title='bbox 2194 2419 2241 2439; x_wconf 75' lang='lat' dir='ltr'>unda</span> 
     </span>
     <span class='ocr_line' id='line_1_134' title="bbox 2164 2446 2231 2463; baseline 0 -1"><span class='ocrx_word' id='word_1_914' title='bbox 2164 2446 2231 2463; x_wconf 75' lang='lat' dir='ltr'>menta.</span> 
     </span>
    </p>
   </div>
  </div>
 </body>
</html>
