2243 3348
1 461 7 479 t

3 481 8 500 ς
16 475 124 495 confitentur

19 499 61 519 rimo
72 498 130 516 incar-

0 498 99 556 {gastonem

0 596 90 624 ''Secundm
98 606 130 620 au-

1 658 4 730 1

29 627 102 646 εισι-ειη,

19 1451 84 1472 Tertio,
96 1455 126 1469 na-

24 1475 117 1494 tivitatem.

729 157 760 184 ΙΝ
781 157 976 185 NATlVlTATE
999 158 1122 186 DOMtNl.
1144 159 1254 187 SERMO
1277 159 1292 187 1.

139 233 231 262 verbis
242 232 348 269 Angeli,
363 235 487 269 pastores
501 232 567 261 dant
581 233 766 262 testimonium
790 242 854 262 vero
869 235 943 271 Agno
955 246 982 270 »,

139 279 300 308 confitentes
321 278 424 307 scilicet
445 278 612 308 Salvatorem
637 280 730 308 mundi
753 280 874 309 Verbum
897 282 983 310 iucar-

139 329 234 354 natum
256 328 284 354 et
312 327 423 359 natum;
446 325 519 353 unde
541 325 567 353 in
590 325 759 354 confessione
790 327 912 362 ipsorum
935 336 982 356 no-

139 376 234 401 tantur
255 372 324 400 tria:
346 371 514 400 confitentur
535 372 607 400 enim
634 372 781 401 Salvatoris
802 373 982 402 incarnatio-

138 428 213 453 nem,
228 418 423 447 incarnationis
434 421 583 446 auctorem
598 421 625 446 et
640 418 772 447 incarnati
784 419 983 453 nativitatem;

140 466 270 503 primum,
294 472 356 493 cum
371 464 482 493 dicunt:
498 463 550 492 ltoe
564 464 694 498 verbum,
711 465 788 500 quod
801 464 915 502 sactum
930 470 982 500 est,

141 512 262 541 Verbum
285 511 388 540 scilicet
410 511 497 539 Patris
518 511 632 544 aeterni,
655 511 727 547 quod
749 519 802 539 non
824 512 925 540 dicitur
947 513 984 540 t'a-

140 561 226 592 ctum,
245 566 308 587 cum
322 566 374 595 per
388 558 486 594 ipsum
500 557 560 585 sim
573 558 673 585 onmitt
687 556 780 594 facta,
795 559 842 586 sed
863 559 984 587 Verbum

141 614 212 635 caro
226 604 340 642 factum
355 608 405 638 est,
421 604 527 632 loannis
542 604 633 640 primo
644 605 662 631 ¹.
676 620 712 624 —
724 605 879 632 Secundum
895 609 984 633 osten-

141 653 219 686 dunt,
241 660 304 680 cum
326 651 437 680 dicunt:
460 651 537 688 quod
567 651 708 679 Dominus
736 651 814 684 fecit;
847 652 983 680 Psalmus:

143 701 164 728 A
193 698 314 727 Domino
328 697 441 735 fctctztm
458 702 498 725 est
513 697 593 725 istud
607 701 632 725 et
646 700 687 725 est
700 697 834 725 mirabile
849 700 879 726 in
895 698 985 726 ocutis

141 746 258 775 nostris.
285 756 298 770 «
314 745 376 773 Tria
398 752 482 781 opera
503 748 530 772 et
552 747 608 772 tres
630 744 768 772 mixturas
788 744 851 772 feeit
866 745 911 772 illa
932 745 984 773 Ma-

141 793 224 822 iestas
245 791 418 828 omnipotens
439 791 466 819 in
487 791 657 819 assumtione
678 794 793 819 naturae
815 792 905 820 carnis
936 793 984 819 mi-

142 839 266 868 rabiliter
288 838 438 875 singularia
456 841 483 865 et
497 837 674 874 singulariter
690 838 834 871 mirabilia,
850 841 880 866 ut
896 839 985 867 taliter

141 894 191 915 nec
214 886 283 914 facta
304 893 354 914 nec
383 884 506 913 facienda
534 885 588 912 sint
614 884 733 920 amplius
760 892 843 921 super
872 888 984 913 terram.

141 933 293 962 Coniuncta
314 931 416 969 quippe
432 935 496 960 sunt
512 932 584 959 Deus
599 934 625 959 et
640 931 735 964 nomo,
752 934 840 959 mater
854 934 881 959 et
900 932 985 968 virgo,

142 980 209 1008 fides
230 983 257 1008 et
278 987 325 1007 cor
347 979 509 1007 humanum.
532 978 669 1006 Mirabiles
700 978 751 1006 hae
773 978 928 1006 mixturae!
959 979 984 1006 ln

142 1027 232 1064 prima
254 1026 378 1055 videmus
400 1025 488 1063 quit&
510 1025 535 1053 in
558 1025 687 1058 secunda,
709 1034 760 1061 per
775 1025 861 1063 quit&
885 1026 909 1053 in
933 1029 986 1054 ter-

143 1074 188 1109 tia,
208 1077 327 1111 propter
348 1073 428 1111 quid.
444 1073 517 1101 Deus
538 1072 612 1100 dedit
633 1072 691 1105 tibi,
707 1075 734 1100 et
754 1072 827 1100 dedit
842 1073 889 1100 tibi
911 1073 986 1100 Chri-

143 1124 215 1149 stum
240 1128 287 1157 per
302 1119 414 1148 Mariam
430 1121 543 1155 propter
565 1119 717 1147 sanitatem.
742 1119 767 1146 ln
786 1119 873 1155 prima
888 1122 929 1147 est
944 1128 986 1147 re-

141 1167 280 1200 medium,
302 1167 328 1195 in
345 1166 465 1195 secunda
480 1165 673 1198 adiutorium,
689 1166 754 1202 quia
769 1166 834 1193 nibil
852 1174 900 1193 nos
915 1166 987 1194 Deus

143 1214 245 1243 habere
274 1213 368 1246 voluit,
391 1212 463 1249 quod
488 1220 536 1248 per
558 1212 658 1240 Mariae
681 1220 777 1240 [nanus
799 1220 852 1240 non
876 1212 987 1240 transie-

142 1261 194 1294 rit;
217 1261 242 1288 in
265 1261 346 1289 tertia
373 1259 527 1292 meritum,
550 1259 615 1295 quia
636 1266 699 1287 cum
724 1259 774 1286 boc
797 1259 912 1287 tirmiter
934 1267 988 1287 cre-

143 1308 250 1340 dimus,
281 1307 335 1335 iam
363 1307 494 1335 meritum
524 1306 668 1339 babemus,
701 1306 774 1333 etin
808 1306 859 1334 tide
889 1306 989 1334 sanitas

143 1358 184 1383 est
199 1355 209 1371 2
224 1366 250 1382 ».

223 1401 314 1430 Tertio
326 1401 493 1430 confitentur
505 1399 657 1428 incarnati
666 1399 857 1433 nativitatem,
869 1407 930 1428 cum
944 1399 989 1427 ad-

144 1448 235 1477 ditur:
258 1451 283 1475 et
304 1447 425 1476 ostendit
446 1446 544 1479 nobis,
566 1449 597 1474 ut
619 1446 665 1482 qui
684 1446 761 1482 prius
775 1449 833 1474 erat
848 1446 990 1474 invisibilis

144 1495 223 1523 nobis
246 1494 322 1523 fieret
345 1493 473 1527 visibilis3
496 1496 523 1521 et
548 1493 619 1521 sicut
643 1493 757 1521 verbum
786 1493 911 1525 mentale,
938 1501 989 1520 non

145 1549 211 1570 voce
232 1549 397 1578 expressum
421 1544 461 1568 est
490 1540 656 1571 insensibile,
689 1539 735 1568 sed
767 1548 832 1567 vore
864 1539 989 1567 nidulum

145 1588 223 1616 nobis
244 1587 275 1616 fit
296 1587 438 1619 sensibile;
468 1586 506 1615 sie
535 1589 562 1614 et
582 1586 703 1614 Verbum
726 1586 897 1614 incarnatum
930 1589 991 1613 ante

144 1635 313 1663 nativitatem
328 1636 369 1663 est
390 1633 598 1670 inintelligibile,
614 1633 660 1661 sed
676 1636 736 1669 post
751 1633 929 1667 nativitatem,
945 1640 992 1668 per

144 1681 257 1710 modum
278 1681 355 1710 verbi
377 1688 443 1709 voce
471 1680 613 1717 expressi,
635 1687 717 1708 carne
745 1679 872 1707 indutum
893 1679 924 1707 fit
945 1687 994 1707 no-

144 1728 187 1757 bis
217 1728 353 1757 sensibile.
380 1727 454 1756 Unde
485 1727 654 1764 Augustinus
686 1727 776 1763 primo
800 1727 833 1755 de
865 1726 993 1754 Doctrina

146 1776 296 1805 christiana
311 1775 336 1803 ³:
363 1787 377 1800 «
392 1775 475 1804 Sicuti
499 1783 562 1804 cum
578 1774 728 1811 loquimur,
743 1777 775 1802 ut
796 1774 821 1802 id
841 1773 912 1810 quod
935 1773 991 1801 ani-

146 1831 192 1852 mo
212 1823 345 1860 gerimus,
367 1830 416 1859 per
438 1830 521 1851 aures
542 1829 657 1850 carneas
671 1822 697 1849 in
720 1821 856 1849 audientis
870 1821 991 1848 animmn

146 1870 285 1904 illabatur,
306 1869 338 1897 fit
358 1877 442 1898 sonus
464 1869 591 1903 verbum,
607 1868 679 1905 quod
702 1868 784 1897 eorde
804 1871 952 1905 gestamus,
967 1871 993 1895 et

146 1917 248 1946 locutio
271 1920 400 1950 vocatur;
422 1924 472 1945 nec
495 1919 585 1944 tamen
609 1916 635 1943 in
657 1915 775 1944 eundem
801 1923 899 1943 sonum
921 1914 992 1951 cogi-

147 1964 213 1992 tatio
234 1967 328 1992 nostra
348 1963 529 1996 convertitur,
545 1962 591 1991 sed
606 1962 679 1999 apud
695 1970 723 1990 se
746 1969 858 1990 manens
878 1961 993 1997 integra,

146 2011 263 2040 formam
288 2011 372 2044 vocis,
395 2018 450 2047 qua
471 2018 499 2038 se
522 2010 642 2038 insinuet
670 2009 795 2042 auribus,
824 2009 881 2036 sine
903 2008 993 2044 aliqua

148 2058 208 2086 labe
230 2065 295 2086 suae
316 2057 477 2085 mutationis
505 2056 637 2089 assumit:
660 2056 697 2084 ita
719 2056 840 2084 Verbum
865 2055 910 2083 Dei
940 2063 992 2082 non

147 2108 357 2138 commutatum,
379 2112 443 2132 caro
458 2107 548 2132 tamen
571 2103 673 2131 sactum
695 2106 745 2136 est,
767 2105 798 2130 ut
816 2102 952 2130 babitaret
967 2102 993 2129 in

148 2152 268 2180 nobis».
292 2151 322 2179 Et
344 2151 382 2179 sic
403 2151 505 2179 factum
532 2153 573 2179 est
594 2150 716 2178 Verbum
739 2149 854 2181 visibile,
877 2157 928 2176 non
952 2156 993 2176 so-

148 2199 205 2227 lum
228 2198 356 2227 audibile.
378 2198 469 2226 Verbo
488 2198 560 2226 enim
576 2196 728 2225 secundum
746 2204 774 2224 se
790 2196 851 2232 plus
866 2196 994 2231 competit

149 2245 237 2274 audiri
254 2253 336 2282 quam
354 2245 438 2273 videri
450 2255 456 2277 ;
468 2244 515 2273 sed
531 2243 597 2272 illud
614 2243 735 2271 Verbum
752 2243 845 2276 Patris,
861 2242 933 2279 quod
949 2250 995 2270 an—

148 2292 200 2321 diri
224 2300 277 2320 non
298 2295 406 2328 poterat
426 2299 475 2319 nec
497 2291 593 2324 videri,
616 2291 642 2318 in
666 2298 716 2318 sua
737 2290 877 2318 nativitate
893 2289 993 2317 sactum

149 2342 190 2368 est
205 2339 310 2368 visibile
324 2342 351 2367 et
365 2338 501 2372 audibile3
519 2338 622 2375 primae
639 2337 744 2365 loannis
759 2336 848 2372 primo
863 2337 888 2363 ⁴:
914 2335 996 2371 Quod

150 2385 209 2423 sitit
223 2386 259 2414 ab
275 2386 368 2419 initio,
384 2386 460 2423 quod
475 2385 656 2417 audiuimtw,
672 2384 749 2422 quoti
762 2383 890 2411 uidimus·
905 2382 995 2410 ocutis

149 2433 268 2467 nosti-ts,
284 2433 360 2470 quod
372 2432 586 2469 perspeximus,
598 2436 623 2459 et
634 2439 742 2459 memus
758 2434 874 2458 nostrae
889 2433 996 2457 contre-

150 2483 302 2509 eraverunt
316 2480 350 2507 (te
372 2479 457 2507 Verbo
472 2480 564 2507 vitae:
587 2482 611 2506 et
628 2478 687 2506 uita
702 2476 891 2513 manifestata
907 2480 956 2509 est,
972 2479 997 2503 et

150 2527 278 2555 vidimus
293 2530 319 2554 et
329 2530 471 2554 testamur
485 2530 510 2555 et
524 2525 740 2554 ttnizttiitittimts
755 2523 834 2551 uobis
847 2523 933 2551 uitam
950 2531 995 2550 tte-

153 2578 275 2608 ternum,
292 2583 365 2611 qttcte
380 2577 443 2602 erat
458 2573 540 2610 apud
563 2573 680 2600 Patrem
702 2575 726 2599 et
741 2570 884 2608 apparuit
905 2569 994 2597 nobis.

1825 162 1877 191 '103

1040 236 1092 264 Hoc
1110 239 1170 264 erat
1190 236 1328 271 Verbum,
1350 237 1423 274 quod
1444 238 1635 267 desiderabant
1656 241 1794 275 pastores,
1816 247 1878 267 cum

1039 282 1179 311 dicebant:
1195 283 1347 311 videa-mus
1359 283 1409 312 lioe
1424 284 1541 312 verbum
1554 288 1604 313 etc.
1617 285 1670 313 Nec
1683 285 1793 319 mirum,
1805 286 1878 322 quia,

1040 328 1127 356 Lucae
1151 329 1271 363 decimo,
1292 330 1378 358 multi
1399 329 1559 366 Propltetae
1579 334 1604 358 et
1626 339 1704 367 reyes
1725 331 1879 359 votuerunt

1039 374 1134 402 videre
1146 383 1219 412 quae
1230 384 1280 403 vos
1294 376 1405 409 videti&
1420 380 1445 404 et
1458 385 1516 405 mm
1530 377 1664 405 uiderunt
1678 380 1728 405 etc.
1740 388 1746 411 ;
1761 381 1792 405 ut
1807 380 1880 413 patet

1040 421 1066 448 in
1089 422 1189 449 sanctis
1211 422 1350 457 Patribus;
1374 423 1455 451 lsaiae
1470 423 1641 460 sexagesimo
1656 424 1793 460 quarto⁵:
1821 424 1880 452 Uti—

1040 476 1109 495 itam
1138 468 1321 505 dirumperes
1348 469 1441 497 caelos
1468 473 1492 497 et
1513 470 1711 503 deseencleres;
1732 473 1759 498 et
1786 478 1880 499 omnes

1040 514 1100 547 alii;
1122 518 1147 542 et
1169 515 1284 549 audire,
1306 515 1408 544 scilieet
1430 516 1524 544 Filium
1546 516 1592 544 Dei
1615 516 1641 543 in
1664 524 1745 544 carne
1768 516 1880 553 loquen—

1043 564 1111 594 tem,
1139 564 1164 588 et
1184 570 1242 589 non
1270 562 1437 590 studim-unt.
1461 562 1535 591 Unde
1565 562 1598 591 ad
1620 563 1754 591 Hebraeos
1775 564 1878 599 primo:

1042 606 1239 644 Jlultisstriam
1267 608 1420 646 multisque
1448 609 1540 637 modis
1567 609 1633 637 olim
1665 610 1740 637 Deus
1765 609 1880 647 loquens

1043 654 1185 682 Patribus
1205 654 1236 682 in
1264 654 1427 691 Prophetis,
1452 655 1606 683 nouissime
1630 655 1730 684 diebus
1751 656 1813 684 istis
1841 656 1880 684 lo-

1042 704 1125 728 eutus
1145 705 1184 728 est
1207 701 1286 729 nobis
1311 702 1342 729 in
1372 702 1452 730 Fitio.
1477 702 1506 730 Et
1535 702 1594 730 ideo
1622 705 1744 738 pastores
1771 702 1880 731 festina-

1043 751 1142 775 verunt
1164 747 1255 775 videre
1277 748 1349 784 quod
1371 748 1414 776 alii
1431 748 1523 777 videre
1539 757 1591 776 non
1612 752 1770 785 potuerunt.
1787 765 1822 768 —-
1838 749 1879 777 Sic

1042 794 1125 829 igitur
1147 794 1267 830 tangitur
1291 798 1429 830 pastorum
1451 794 1560 823 fervens
1580 795 1688 823 dilectio
1709 798 1735 823 et
1756 795 1879 831 ipsorum

1043 840 1085 876 pia
1106 840 1238 868 confessio
1260 841 1410 869 secundum
1435 841 1579 869 litteralem
1599 849 1709 869 sensum
1726 841 1745 868 θ.

1121 886 1148 913 ll.
1168 887 1322 914 Secundum
1337 891 1428 915 autem
1443 887 1626 923 spiritualem
1641 895 1751 915 sensum
1767 890 1881 923 possunt

1042 940 1100 961 esse
1116 933 1199 961 verba
1214 933 1500 970 contemplativorum
1515 934 1757 969 contemplantium
1779 933 1879 961 Cliristi

1044 979 1266 1012 incarnationem,
1281 983 1307 1008 et
1329 983 1443 1016 possunt
1458 980 1492 1008 ibi
1509 980 1563 1008 duo
1578 980 1680 1008 notari:
1705 980 1823 1016 primum
1839 982 1881 1008 est

1043 1026 1076 1053 ad
1097 1026 1226 1054 visionem
1256 1026 1448 1062 praeparatio
1476 1026 1649 1062 dispositiva,
1671 1034 1734 1054 cuin
1762 1026 1878 1054 dicitur:

1050 1072 1265 1104 Transetrmus:
1287 1072 1437 1100 secundum
1459 1076 1500 1101 est
1523 1072 1593 1100 visio
1609 1072 1797 1106 confortativa,
1817 1080 1880 1101 cum

1043 1118 1158 1147 dieitur:
1180 1122 1204 1146 et
1226 1119 1383 1147 videmnus.
1407 1119 1451 1147 Est
1472 1122 1562 1147 autem
1585 1119 1760 1155 quadruplex
1783 1119 1881 1147 transi-

1045 1170 1089 1194 tus
1109 1166 1254 1202 disponens
1275 1166 1307 1193 ad
1330 1166 1537 1202 quadruplicem
1561 1166 1691 1194 visionem
1715 1166 1769 1195 Dei.

1122 1213 1167 1241 Est
1178 1213 1248 1241 enim
1266 1213 1396 1241 transitus
1411 1213 1446 1240 (th
1460 1213 1629 1249 iynorctntict
1641 1214 1680 1241 ud
1690 1213 1882 1249 septenarium

1045 1260 1219 1288 Erclesiaslae
1241 1260 1360 1288 seeundo
1373 1260 1398 1287 ⁷:
1421 1261 1559 1288 Trtmsiui
1579 1261 1618 1288 citt
1632 1260 1882 1296 contemptsti‘ttlttm

1044 1307 1218 1343 sapientiam
1240 1315 1408 1343 erroresque
1429 1311 1453 1334 et
1473 1306 1636 1334 stultitiam.
1661 1307 1690 1334 Et
1712 1310 1787 1340 nota,
1809 1306 1883 1342 quod

1045 1354 1145 1382 dicitur
1167 1353 1292 1381 trcmsiui
1312 1354 1344 1381 ad
1366 1353 1570 1381 similitudinem
1593 1352 1704 1381 illorum
1728 1353 1773 1389 qui
1801 1353 1882 1381 relin*

1045 1404 1133 1436 [luunt
1157 1400 1280 1436 patriam,
1302 1403 1332 1428 ut
1347 1400 1499 1436 percipiant
1519 1400 1688 1436 sapientiam.
1704 1400 1884 1435 Hieronymus

1048 1446 1072 1473 in
1095 1446 1207 1482 epistola
1228 1446 1259 1473 ad
1287 1446 1428 1474 Paulinum
1444 1446 1470 1473 ³:
1505 1458 1517 1470 «
1534 1446 1658 1482 Legimus
1686 1446 1711 1473 in
1744 1445 1884 1474 veteribus

1046 1493 1176 1526 historiis,
1199 1493 1328 1529 quosdam
1352 1493 1482 1521 lustrasse
1505 1492 1666 1529 provincias,
1683 1500 1766 1520 novos
1786 1492 1884 1519 adiisse

1048 1540 1171 1576 populos⁷
1187 1540 1269 1567 maria
1288 1540 1417 1567 transisse
1432 1552 1444 1564 »
1470 1543 1520 1567 etc.
1537 1539 1568 1567 ad
1591 1538 1825 1575 contemplandam
1842 1546 1883 1566 sa-

1048 1587 1185 1623 pientiam,
1207 1586 1357 1614 secundum
1380 1586 1522 1614 consilium
1546 1586 1630 1622 ipsius
1652 1585 1828 1613 Ecclesiastici
1845 1585 1884 1612 vi-

1048 1634 1150 1670 gesimo
1165 1637 1264 1669 quarto
1279 1632 1303 1660 ⁹:
1323 1633 1454 1660 Trttnsite
1475 1633 1515 1660 att
1528 1641 1581 1666 me,
1597 1641 1702 1666 omnes,
1718 1632 1768 1670 qui
1782 1640 1884 1660 eoncu-

1047 1679 1159 1716 piscatis
1190 1687 1242 1711 me,
1274 1682 1298 1706 et
1320 1687 1339 1706 (ι
1358 1678 1593 1715 gyenercttionibtts
1621 1678 1690 1706 meis
1715 1678 1883 1714 implemini.

1048 1726 1116 1754 Cum
1138 1725 1272 1753 desiderio
1293 1726 1364 1753 enim
1386 1725 1549 1753 attendenda
1569 1728 1610 1753 est
1630 1725 1791 1762 sapientia,
1820 1725 1885 1761 quia

1049 1773 1107 1809 ipsa
1127 1776 1168 1800 est
1184 1772 1340 1809 pretiosior
1355 1772 1466 1800 ettiietis
1481 1771 1582 1808 opibus
1597 1774 1657 1805 etc„
1675 1772 1884 1800 Proverbiorum

1050 1821 1137 1849 tertio.
1161 1821 1336 1857 Erroresque
1356 1823 1381 1847 et
1400 1819 1564 1852 stultitiam,
1586 1819 1651 1855 quia
1678 1818 1885 1855 contemplando

1049 1868 1190 1896 stultitiam
1212 1867 1325 1894 alienam
1348 1866 1456 1902 prolicit
1478 1866 1558 1893 l‘iomo
1579 1865 1612 1893 ad
1633 1865 1808 1901 sapientiam3
1825 1865 1886 1892 Pro-

1049 1914 1205 1943 verbiorum
1229 1912 1357 1949 vigesimo
1389 1916 1501 1949 quarto:
1537 1912 1592 1940 Per
1623 1920 1731 1948 (tyrum
1762 1910 1886 1939 hominis

1047 1961 1129 1998 pieri
1144 1960 1269 1988 transivi
1285 1963 1308 1987 et
1320 1968 1373 1996 per
1394 1959 1507 1987 vineam
1530 1959 1588 1986 uiri
1600 1958 1687 1986 stulti.
1706 1959 1738 1986 Et
1758 1966 1827 1991 eece,
1847 1961 1887 1986 to-

1050 2012 1110 2037 tum
1125 2007 1301 2043 repleverunt
1320 2006 1432 2034 urticae
1446 2009 1496 2034 etc.
1514 2006 1547 2033 Et
1562 2014 1625 2033 cum
1644 2005 1787 2038 uidissem,
1801 2004 1888 2041 posui

1049 2055 1080 2082 iu
1101 2055 1184 2082 eorde
1204 2062 1264 2081 meo
1285 2056 1310 2080 et
1331 2052 1454 2089 eoeempto
1476 2052 1568 2079 didici
1588 2051 1791 2087 disciplinatum
1823 2050 1887 2086 quia

1049 2108 1082 2129 ex
1106 2099 1320 2128 consideratione
1342 2098 1471 2126 stultitiae
1486 2098 1588 2125 alienae
1603 2097 1717 2125 assumit
1740 2097 1821 2125 liomo
1836 2096 1885 2124 sibi

1049 2147 1207 2182 exelt'lplum
1224 2146 1353 2178 cautelae,
1372 2149 1402 2172 ut
1418 2148 1490 2180 patet
1504 2145 1530 2172 in
1546 2144 1591 2172 illo
1605 2144 1696 2177 divite,
1719 2144 1805 2171 Lucae
1819 2143 1887 2171 duo—

1049 2195 1168 2223 decimo:
1191 2193 1288 2226 Stulte,
1311 2192 1365 2220 litte
1388 2195 1464 2219 noete
1489 2191 1620 2219 (mimam
1647 2194 1728 2219 tuum
1757 2194 1887 2227 repetunt

1050 2250 1069 2269 tt
1091 2245 1114 2268 te
1135 2244 1184 2268 ete.

1130 2288 1173 2315 Est
1194 2287 1273 2315 etiam
1298 2286 1428 2314 transitus
1449 2285 1482 2312 tle
1504 2284 1590 2320 eulpa
1611 2284 1650 2312 att
1665 2283 1887 2320 poenitentium,-

1052 2335 1132 2363 lsaiae
1154 2332 1362 2370 quadragesimo
1377 2332 1473 2368 quinto
1489 2332 1526 2358 10;
1552 2330 1645 2358 Lcthor
1661 2330 1784 2367 Aegypti
1797 2333 1821 2357 et
1841 2338 1887 2357 ne-

1049 2381 1169 2418 yote'ctti'o
1193 2379 1359 2415 Aethiopiae
1380 2382 1404 2406 et
1426 2377 1545 2406 Sttbctim
1568 2377 1626 2405 viri
1645 2376 1780 2404 sublimes
1801 2377 1840 2404 citt
1865 2380 1888 2404 te

1051 2427 1217 2456 transibunt
1237 2430 1261 2454 et
1283 2426 1326 2453 tui
1346 2429 1438 2452 erunt.
1460 2425 1527 2452 Post
1542 2428 1565 2452 te
1580 2423 1779 2455 ambutabunt,
1803 2423 1890 2451 vineti

1051 2474 1175 2503 manicis
1193 2476 1311 2509 peryent
1332 2475 1356 2499 et
1378 2476 1402 2499 te
1416 2470 1582 2499 adorabunt
1598 2474 1676 2506 teque
1694 2470 1888 2507 deprecabun-

1052 2525 1109 2549 tur.
1133 2521 1158 2548 ln
1176 2519 1272 2547 tutiore
1285 2518 1407 2555 Aegypti
1424 2517 1585 2553 intelligitur
1602 2517 1722 2545 luxuria.
1740 2518 1886 2553 Aeyyptzts

1053 2568 1250 2603 interpretatur
1273 2565 1414 2598 tenebrae,
1436 2563 1469 2591 ad
1490 2571 1558 2599 quas
1578 2563 1734 2596 observant,
1752 2562 1887 2591 luxuriosi

216 2755 222 2768 ¹
243 2755 301 2777 loan.
320 2755 340 2783 J,
359 2754 380 2776 3.
398 2757 419 2776 et
437 2754 477 2781 ¹lst;
496 2754 600 2782 sequitur
618 2754 652 2775 vs.
676 2752 724 2776 117.
740 2752 776 2774 23.

215 2794 223 2808 ‘³
242 2793 358 2821 Bernard.⁷
375 2794 447 2815 Serm.
466 2793 498 2815 lll.
515 2793 537 2815 in
562 2792 642 2819 Vigilia
666 2791 754 2813 Nativit.
773 2791 871 2818 Domini.
888 2796 910 2812 n,
933 2790 996 2815 7-10,

154 2833 230 2855 multis
247 2833 339 2855 omissis
355 2836 377 2854 et
394 2832 507 2854 nonnullis
525 2831 676 2859 transpositis.

216 2871 225 2884 ³
242 2871 298 2900 Cap.
322 2872 354 2893 13.
373 2878 395 2893 n.
417 2873 451 2893 12.

215 2910 225 2923 4
242 2911 308 2934 Vers.
330 2912 346 2933 1.
364 2917 425 2940 seq.;
443 2912 546 2939 sequitur
563 2911 616 2932 Luc.
639 2910 672 2935 10,
690 2909 725 2931 ⁴24..

216 2950 225 2962 ⁵
245 2951 307 2973 vers.
330 2951 348 2972 l.
367 2954 389 2972 et
406 2950 490 2972 deinde
507 2949 576 2971 Hebr.
598 2950 616 2975 l,
637 2949 653 2970 l.
672 2954 720 2976 seq.

1113 2746 1122 2759 ⁶
1140 2748 1199 2769 Haec
1217 2747 1289 2774 prima
1308 2751 1361 2772 pars
1378 2750 1423 2766 non
1436 2743 1532 2765 liabetur
1550 2743 1591 2765 nisi
1604 2743 1625 2764 in
1638 2743 1685 2764 solo
1697 2742 1748 2764 cod.
1766 2741 1889 2764 Tudertino

1053 2794 1074 2809 n.
1095 2787 1142 2808 182.

1115 2825 1122 2837 ⁷
1143 2825 1204 2847 Vers.
1226 2825 1259 2846 12.

1023 2843 1026 2968 ν
1115 2863 1123 2875 ‘³
1141 2865 1208 2891 Epist.
1227 2864 1264 2885 53.
1282 2863 1346 2890 (alias
1367 2862 1424 2889 103.)
1443 2868 1464 2883 n.
1487 2862 1504 2883 1.

1115 2902 1124 2915 o
1136 2903 1201 2925 Vers.
1212 2903 1252 2929 263
1265 2902 1368 2930 sequitur
1380 2901 1445 2922 prov.
1456 2901 1476 2928 3,
1491 2900 1526 2921 l5.
1539 2903 1560 2922 et
1570 2899 1607 2925 ⁴24,
1620 2899 1697 2921 30-3-2.
1710 2901 1732 2920 ot
1744 2900 1796 2921 Luc.
1811 2899 1844 2927 12,
1854 2898 1892 2921 20.

1115 2942 1135 2955 ²⁰
1153 2942 1215 2964 Vers.
1238 2941 1271 2963 11.

1895 896 1939 914 Pars
1952 895 1972 913 ll.
1984 895 2025 919 Spi-

1891 919 1963 937 ritualis
1970 924 2025 942 expo-

1899 942 1941 960 sitio
1955 942 2012 965 tangit

1932 965 1975 983 duo.

1898 1127 2016 1153 Quadruplex

1911 1153 2004 1168 transitus.

1909 1220 2004 1246 Transitus

1920 1248 1995 1267 primus.

1909 2288 2012 2307 Secundus.
