2243 3348
39 425 92 446 Ratio
104 424 121 443 2.

42 1734 95 1754 Ratio
107 1734 125 1753 3.

710 148 869 177 DOMINICA
890 148 929 176 lll.
951 148 1133 177 ADVENTUS.
1156 147 1265 176 SERMO
1287 148 1315 175 ll.

138 231 267 261 sectando
287 230 432 259 salsitatem
454 228 630 257 infidelitatis.
653 227 684 256 Et
706 229 819 263 propter
841 226 893 255 hoc
918 225 983 254 dici-

139 282 185 307 tur
197 277 409 306 Proverbiorum
425 278 525 313 quarto
538 276 562 302 1:
581 274 634 302 Via
649 273 809 310 impiorum
824 272 983 306 tenebrosa,

138 324 281 357 nesciunt,
304 323 355 351 ubi
375 325 527 351 corruunt.

218 370 342 399 Secundo
354 369 476 398 nescitur
488 368 615 397 Christus
626 369 741 404 propter
749 365 985 403 impedimentum

138 416 385 454 argumentationis
399 415 578 452 sophisticae;
592 414 665 443 unde
679 413 786 442 Baruch
803 412 885 441 tertio
896 414 906 429 ὅ
917 422 922 440 :
935 412 985 440 Fi-

139 463 172 492 lii
193 465 213 492 A
218 471 287 500 yar,
302 462 354 500 qui
367 462 527 500 exquirunt
546 460 752 498 prudentiam,
768 467 843 497 quae
856 459 890 487 de
905 462 986 487 terra

139 513 189 544 est,
210 509 403 546 nepotiatores
423 507 556 537 Meri-hae
577 511 602 535 et
630 505 774 539 Theman,
792 509 817 534 et
838 504 985 542 fabulato—

139 564 185 584 res
203 559 228 584 et
242 555 433 593 exquisitores
448 554 624 591 prudentiae.
638 557 663 581 et
677 552 890 589 intelliyentiae,
906 551 986 580 viam

138 606 237 631 autem
251 601 411 639 sapientiae
428 601 601 629 nescierunt.
618 616 654 620 —
669 599 743 628 Licet
764 599 853 627 omnis
874 598 987 627 scientia

139 649 173 678 sit
194 649 281 682 bona,
303 648 368 685 quia
385 656 402 676 a
417 648 471 676 Deo
486 650 536 680 est,
553 650 642 675 tamen
657 646 723 683 quia
737 645 850 674 scientia
865 645 987 674 humana

140 703 271 732 perverse
301 695 444 723 utentibus
475 694 644 722 occasionem
678 692 835 729 cupiditatis
864 691 986 728 praebet,

140 742 201 771 ideo
214 742 346 771 dicuntur
361 741 417 778 filii
432 742 517 778 Ayar
531 740 684 778 exquirere
696 738 897 776 prudentiam,
913 746 988 776 quae

139 789 173 817 cle
190 792 271 817 terra
293 792 341 816 est.
365 789 449 825 Ayar
471 787 543 816 enim
562 786 712 824 perversio
735 786 933 822 interpretatur
961 787 988 813 et

139 835 264 871 designat
286 842 416 871 perverse
438 836 547 863 utentes
568 833 707 862 mundana
722 832 844 865 scientia,
859 832 906 868 qui
928 835 988 860 sta-

141 885 261 911 tuerunt
281 881 379 910 ocutos
393 889 462 909 suos
477 880 623 909 declinare
638 879 670 908 111
685 883 795 907 terram
812 879 831 906 ³.
851 879 988 907 Dicuntur

137 928 221 957 etiam
243 928 434 965 iteyotiacores
462 926 589 955 Theman
610 926 716 955 ratione
737 926 901 962 voluptatis3
924 924 989 953 Tlte-

139 983 210 1003 man
231 975 303 1004 enim
324 974 400 1010 fieus
421 974 621 1010 interpretatur
648 975 676 1001 et
701 972 836 1009 significat
864 973 989 1009 volupta-

140 1024 193 1051 tem
216 1021 321 1050 ratione
343 1028 409 1049 suae
429 1020 590 1049 dulcedinis.
607 1019 701 1048 Adhuc
715 1019 847 1048 dicuntur
871 1018 990 1057 [11011111-

141 1072 215 1097 tores
236 1072 261 1097 et
275 1067 466 1106 exquisitores
486 1067 661 1104 prudentiae
675 1070 700 1095 et
721 1066 924 1103 intelliyentiae
946 1074 989 1095 ra-

141 1114 214 1143 tione
237 1114 363 1143 vanitatis
384 1117 411 1142 et
432 1113 588 1142 inflationis.
613 1113 643 1141 Et
664 1113 702 1141 sic
721 1113 888 1149 <plaudoque
902 1112 990 1141 scien-

140 1161 178 1190 tia
192 1161 294 1190 dicitur
308 1161 478 1193 mundana,
494 1160 559 1197 quia
574 1160 744 1189 occasionem
768 1160 881 1196 praebet
896 1160 990 1188 multi—

140 1208 218 1246 plicis
229 1208 334 1237 erroris
348 1215 479 1244 perverse
493 1207 644 1240 utentibus,
656 1215 727 1243 quae
738 1207 849 1235 nomine
859 1206 990 1242 fitiorum

142 1257 227 1293 Agar
261 1255 421 1292 designatur
430 1265 436 1289 3
465 1254 567 1283 dicitur
596 1253 682 1282 Iacobi
712 1254 820 1282 tertio4
856 1258 989 1287 terrena,

141 1303 247 1331 ratione
268 1301 425 1338 cupiditatis
446 1301 640 1337 deprimentis3
657 1301 807 1334 animali&
823 1301 929 1329 ratione
944 1309 988 1329 vo-

141 1348 255 1385 luptatis
275 1348 477 1381 subvertentis;
496 1347 597 1376 dicitur
612 1347 694 1376 etiam
710 1347 866 1381 diabolica,
883 1347 989 1375 ratione

142 1394 291 1423 inflationis
312 1394 505 1431 superbientis.
530 1394 561 1422 Et
581 1393 647 1431 quia
668 1394 735 1422 tales
757 1394 855 1422 nolunt
876 1393 991 1422 credere

141 1450 192 1471 1160
213 1442 389 1478 acquiescere
405 1442 510 1478 primae
526 1442 633 1470 veritati
652 1444 781 1477 tanquam
799 1440 877 1469 matri
894 1441 990 1474 bonae,

142 1489 240 1517 merito
263 1489 375 1517 credent
397 1489 484 1517 malae
506 1496 650 1522 novercae,
680 1488 706 1516 id
734 1491 776 1516 est
804 1488 991 1524 phantasticae

143 1535 251 1564 rationi.
276 1535 389 1572 Propter
411 1536 463 1564 hoc
484 1535 626 1572 sequitur:
657 1535 739 1563 Viam
761 1538 856 1563 autem
878 1535 991 1571 sapien-

143 1582 200 1611 tiae
214 1582 388 1616 nescierunt,
405 1590 459 1612 non
475 1581 655 1615 attendentes,
672 1589 754 1610 suum
769 1581 905 1610 defectum
922 1589 991 1615 esse,

142 1637 196 1658 non
217 1629 326 1658 divinae
347 1629 503 1665 sapientiae.

222 1676 314 1704 Tertio
335 1676 458 1705 nescitur
479 1675 607 1704 Christus
628 1679 741 1712 propter
763 1675 864 1704 odium
891 1675 991 1704 trater-

142 1730 193 1753 nae
207 1722 414 1756 aemulationis;
431 1722 535 1759 primae
550 1722 657 1751 Ioannis
672 1722 793 1751 secundo
808 1722 835 1750 ⁵:
860 1722 918 1758 Qui
938 1730 992 1751 au-

143 1772 198 1798 tem
229 1769 288 1798 odit
318 1768 446 1806 fmtrem
473 1777 563 1798 suum
591 1769 622 1798 111
650 1769 771 1797 tenebris
804 1768 938 1798 ambalat
968 1773 994 1797 et

143 1816 243 1850 nescit,
264 1824 320 1854 quo
342 1819 397 1850 eat,
419 1816 491 1854 quia
506 1815 637 1845 tenebrae
652 1815 881 1844 obcaecaverunt
896 1816 993 1844 oculos

143 1862 215 1891 eius.
238 1863 308 1899 Quia
329 1863 449 1899 populus
471 1862 606 1897 Iudaicus,
621 1870 685 1891 cum
700 1863 863 1899 loqueretur
878 1862 901 1891 ei
917 1863 993 1891 Chri-

143 1913 203 1938 stus
224 1910 366 1938 veritatem
389 1910 476 1943 vitae,
498 1909 594 1947 matis·
616 1909 810 1947 impuquabat
839 1909 865 1938 in
891 1917 923 1938 eo
944 1910 992 1938 bo-

144 1965 211 1985 num
235 1964 371 1993 supernae
401 1956 514 1993 gratiae,
544 1956 604 1985 ideo
631 1956 733 1985 dicitur
755 1956 836 1985 odire
864 1955 992 1993 fratrem

142 2012 231 2032 suum
244 2003 384 2033 Christum
401 2007 428 2032 et
442 2003 473 2032 in
489 2003 611 2032 tenebris
626 2011 694 2038 esse,
710 2004 809 2037 immo⁷
825 2003 898 2040 quod
915 2003 993 2040 peius

144 2053 194 2085 est,
210 2050 341 2079 (licebant
357 2050 464 2079 bonum
481 2050 593 2078 malum
609 2054 635 2079 et
647 2050 791 2087 ponebant
806 2050 899 2078 lucem
921 2054 992 2078 tene-

146 2097 215 2126 bras
229 2097 251 2131 ⁶,
278 2097 393 2126 dic-endo
420 2097 586 2125 miraculosa
611 2105 694 2134 opera
716 2097 817 2125 Christi
839 2097 910 2125 facta
938 2105 991 2125 non

145 2144 176 2173 in
197 2144 287 2182 cliyito
311 2144 371 2178 Dei,
400 2145 450 2173 secl
472 2144 502 2172 111
534 2143 689 2172 Beelzebub
716 2144 850 2181 principe
878 2143 994 2172 daemo—

144 2191 282 2224 niorum,·
311 2191 371 2219 ideo
399 2191 430 2219 111
459 2190 581 2219 tenebris
610 2190 762 2219 ambulant
794 2194 819 2219 et
844 2190 992 2224 nesciunt,

146 2246 203 2276 quo
227 2238 345 2271 vadant,
367 2241 395 2266 et
417 2238 468 2266 hoc
489 2238 555 2274 quia
577 2237 707 2266 tenebrae
728 2237 846 2266 invidiae
867 2240 894 2266 et
921 2237 993 2265 falsi-

146 2285 209 2314 tatis
231 2285 451 2314 obcaecaverunt
475 2285 570 2313 oculos
599 2292 705 2318 eorum,
734 2287 765 2312 ut
793 2292 851 2312 11011
878 2284 994 2312 videant

145 2331 281 2364 videntes,
293 2335 318 2360 et
329 2331 514 2368 intelliyentes
525 2340 583 2360 non
596 2331 771 2368 intelliyant‚·
785 2331 866 2359 isaiae
877 2334 957 2359 sexto
969 2331 993 2358 ⁷:

147 2379 280 2407 Excaeca
302 2386 352 2406 cor
371 2378 474 2415 populi
488 2377 578 2406 liuius
596 2382 621 2407 et
636 2386 725 2406 aures
740 2378 803 2407 etus
817 2386 953 2415 ayyraua
969 2382 994 2406 et

147 2426 243 2454 oculos
264 2425 326 2454 eius
341 2425 443 2454 claude
450 2436 460 2459 ‚·
481 2434 515 2454 ne
535 2424 610 2462 forte
638 2426 735 2454 videat
756 2425 846 2453 oculi-s
874 2425 938 2453 suis
969 2428 994 2453 et

147 2472 274 2500 auribus
295 2472 359 2500 suis
380 2472 486 2500 audiat
507 2476 533 2500 et
553 2473 638 2501 corde
659 2480 712 2500 suo
735 2471 876 2509 intelligat
890 2471 909 2499 ⁸.

1846 149 1881 177 59

1382 225 1472 253 Sannio
1494 225 1514 252 ll
1529 225 1548 252 ⁹.

1120 317 1232 346 Medius
1255 320 1382 346 oestrum
1403 318 1487 351 stetit,
1509 326 1589 355 quem
1614 327 1661 347 vos
1683 319 1806 347 nescitis.
1822 320 1886 356 Ipse

1042 368 1090 397 est,
1112 364 1165 401 qui
1180 367 1247 400 post
1266 372 1311 392 me
1331 367 1472 392 vent-arus
1493 369 1543 398 est,
1565 365 1650 393 0111115
1671 374 1720 402 eyo
1741 374 1799 394 non
1819 374 1885 394 sum

1042 410 1160 447 (11911115,
1193 414 1225 438 ut
1255 410 1366 439 solvam
1402 411 1464 439 eius
1498 411 1660 448 eorriyiam
1690 412 1885 446 calceamenti,

1043 457 1150 486 Ioannis
1172 457 1261 493 primo
1277 457 1307 484 ¹⁰.

1122 503 1299 538 (Prothemal.
1315 504 1372 541 Eyo
1388 513 1442 532 11οι10
1459 505 1615 534 clamantis
1630 506 1661 534 111
1675 507 1794 540 deserto,
1812 506 1886 535 loan-

1042 550 1085 579 nis
1107 550 1204 586 primo.

1122 596 1276 633 Utrumque
1305 597 1420 625 verbum
1450 598 1584 634 scriptum
1613 602 1654 627 est
1682 599 1709 627 in
1743 600 1886 636 Evangelio

1044 643 1187 676 hodierno,
1208 642 1281 679 quod
1305 643 1385 671 hodie
1406 644 1539 673 recitatur
1560 645 1587 673 in
1609 646 1742 680 Ecclesia,
1774 650 1800 675 et
1822 650 1886 675 sunt

1044 689 1129 718 verba
1150 689 1221 718 beati
1237 689 1351 717 loannis.
1369 689 1489 718 Primum
1505 694 1546 719 est
1559 691 1593 719 de
1614 692 1700 721 Verbo
1720 693 1885 727 incarnato,

1044 736 1147 765 scilicet
1161 735 1195 764 de
1209 735 1334 769 Christ03
1352 736 1503 765 secundum
1519 741 1560 765 est
1574 738 1607 766 (le
1617 747 1681 767 ¹uoce
1693 739 1779 775 ipsius
1794 740 1885 774 Verbi,

1044 786 1072 812 et
1093 782 1281 819 praemittitur
1300 782 1452 811 secundum
1468 784 1584 812 verbum
1599 788 1661 813 ante
1677 786 1806 821 primum,
1822 787 1887 824 quia

1045 838 1100 859 vox
1121 829 1278 858 manifestat
1299 829 1390 866 ipsum
1407 830 1531 858 verbum.
1548 830 1608 859 Vox
1629 831 1701 860 enim
1723 832 1830 869 signum
1845 836 1887 862 est

1045 876 1203 905 intentionis
1224 876 1380 904 intellectus
1402 877 1459 905 sive
1480 881 1628 913 conceptus
1656 879 1795 913 mentalis,
1824 879 1889 916 quia

1051 935 1064 949 «
1079 931 1159 952 voces
1180 926 1245 951 sunt
1266 925 1346 951 notae
1372 923 1495 959 ipsarum
1525 924 1699 960 passionum,
1728 933 1798 961 quae
1825 929 1890 954 sunt

1046 970 1073 999 in
1095 970 1186 998 anima
1200 982 1227 1003 »,
1250 973 1281 998 111
1301 969 1368 998 dicit
1389 970 1571 1007 Philosophus
1587 971 1625 1004 ¹¹;
1648 971 1720 1000 unde
1735 974 1800 1000 sunt
1814 972 1890 1009 signa

1046 1025 1142 1046 eorum
1161 1024 1233 1054 quae
1257 1021 1323 1045 sunt
1337 1017 1363 1044 in
1379 1017 1485 1050 anima,
1501 1018 1621 1046 maxime
1637 1026 1685 1054 per
1700 1019 1811 1048 modum
1827 1027 1890 1048 0011-

1045 1068 1150 1101 ceptus.
1173 1064 1249 1093 Unde
1269 1064 1335 1092 dicit
1356 1064 1401 1092 ille
1423 1064 1530 1100 peritus
1542 1064 1564 1081 ¹²
1581 1065 1607 1092 in
1623 1068 1681 1093 arte
1696 1066 1890 1102 grammatica,

1046 1112 1120 1149 quod
1153 1123 1166 1137 «
1185 1112 1274 1140 omnis
1302 1119 1366 1148 pars
1393 1111 1525 1140 orationis
1553 1111 1642 1148 signat
1669 1113 1768 1141 mentis
1795 1121 1891 1142 conce-

1047 1163 1166 1196 ptum».
1190 1159 1220 1187 Et
1246 1159 1317 1187 sicut
1338 1167 1392 1186 vox
1421 1158 1510 1195 signat
1536 1158 1634 1187 mentis
1655 1162 1832 1196 conceptum,
1856 1160 1892 1188 ita

1046 1206 1143 1235 beatus
1165 1206 1278 1234 Ioannes
1293 1206 1402 1242 signum
1417 1205 1469 1233 fuit
1490 1205 1606 1240 Christi3
1623 1208 1649 1234 et
1668 1206 1738 1235 sicut
1757 1217 1771 1231 «
1783 1206 1891 1243 signum

1047 1261 1075 1282 se
1087 1253 1167 1282 offert
1182 1253 1273 1282 sensui
1286 1256 1313 1281 et
1324 1252 1399 1281 aliud
1414 1252 1477 1281 facit
1489 1252 1515 1281 in
1529 1252 1709 1289 cognitionem
1722 1253 1852 1284 venire».
1865 1256 1891 1281 et

1047 1300 1156 1336 signum
1174 1307 1202 1328 se
1224 1300 1304 1328 offert
1325 1299 1431 1336 signato
1453 1302 1553 1334 totum,
1568 1299 1606 1328 ita
1627 1299 1792 1335 praedicatio
1813 1300 1893 1329 debet

1047 1347 1150 1375 hahere
1172 1346 1291 1375 totaliter
1314 1347 1424 1375 oculum
1444 1347 1481 1382 (?)
1504 1354 1595 1379 51111111,
1618 1349 1649 1374 111
1669 1346 1844 1383 imprimatur
1866 1347 1891 1375 in

1047 1393 1178 1422 cordibus
1192 1393 1362 1422 audientium
1374 1404 1379 1427 ;
1392 1397 1419 1422 61
1430 1393 1502 1422 sicut
1517 1396 1572 1422 tota
1586 1393 1667 1422 dictio
1682 1394 1824 1430 significat,
1839 1402 1892 1422 non

1048 1441 1107 1469 eius
1122 1448 1195 1477 pars,
1211 1440 1277 1477 quia
1291 1440 1395 1476 syllaba
1409 1440 1452 1469 vel
1469 1440 1559 1468 littera
1578 1452 1589 1464 a
1603 1448 1651 1476 pcr
1667 1448 1695 1469 se
1710 1440 1777 1469 nihil
1792 1441 1894 1477 signifi—

1048 1491 1092 1516 cat
1107 1487 1130 1504 13
1145 1498 1172 1521 »;
1195 1487 1232 1515 ita
1246 1488 1292 1523 qui
1311 1487 1453 1515 veritatem
1469 1487 1550 1515 debet
1564 1487 1723 1523 praedicare
1744 1495 1780 1516 ex
1794 1496 1823 1515 se
1838 1492 1893 1515 toto

1048 1533 1129 1562 debet
1150 1541 1209 1562 eam
1232 1533 1407 1569 praedicare:
1430 1533 1457 1561 in
1479 1541 1530 1562 sua
1544 1533 1694 1566 locutione,
1709 1533 1735 1561 in
1751 1533 1892 1562 desiderio

1048 1580 1168 1609 mentali
1198 1583 1224 1609 et
1250 1580 1276 1608 in
1299 1588 1350 1609 sua
1371 1580 1510 1608 exteriori
1540 1580 1764 1614 conversatione,
1796 1580 1822 1609 id
1844 1584 1893 1615 651,

1049 1627 1122 1664 quod
1153 1630 1288 1664 quantum
1311 1627 1343 1655 ad
1372 1635 1451 1656 suam
1474 1627 1655 1656 intentionem
1677 1627 1744 1656 nihil
1769 1631 1893 1664 quaerat,

1049 1678 1184 1711 quantum
1213 1674 1246 1703 ad
1268 1674 1468 1711 equitationem
1492 1674 1560 1702 nihil
1586 1674 1736 1708 desideret,
1758 1676 1893 1711 quantum

1048 1722 1081 1751 ad
1104 1722 1274 1751 locutionem
1306 1722 1374 1750 nibil
1395 1722 1536 1758 exprimat
1563 1724 1590 1750 et
1616 1721 1642 1750 in
1665 1729 1715 1750 sua
1742 1729 1894 1750 conuersa-

1050 1769 1124 1798 tione
1144 1769 1214 1797 nibil
1234 1768 1360 1797 ostendat
1380 1768 1432 1797 nisi
1458 1768 1525 1797 illud
1554 1768 1659 1802 solum,
1681 1768 1755 1805 quod
1781 1768 1815 1797 ad
1836 1769 1894 1797 lau-

1048 1815 1110 1844 dem
1132 1815 1180 1844 Dei
1202 1815 1337 1852 pertinet,
1360 1815 1431 1844 sicut
1452 1815 1550 1844 beatus
1572 1815 1683 1844 loannes
1704 1814 1775 1843 fecit.
1798 1815 1826 1843 ln
1845 1822 1895 1843 sua

1050 1862 1273 1896 conversatione,
1296 1862 1323 1890 in
1345 1870 1396 1890 sua
1410 1861 1548 1895 doctrina,
1564 1862 1590 1890 in
1607 1870 1657 1891 suo
1676 1862 1811 1898 baptismo
1826 1864 1853 1890 et
1867 1862 1894 1890 in

1050 1917 1100 1939 sua
1121 1909 1247 1946 passione
1269 1916 1377 1945 semper
1406 1909 1635 1946 ostendit‚>quod
1656 1909 1771 1937 nuntius
1795 1908 1895 1937 Christi

1049 1956 1109 1985 fuit.
1141 1956 1217 1993 Eyo,
1245 1956 1349 1993 inquit,
1372 1963 1433 1984 sum
1455 1964 1511 1984 vox
1539 1955 1696 1984 clamantis
1718 1956 1749 1984 in
1776 1956 1893 1984 deserto.

1051 2019 1086 2023 -
1104 2003 1158 2040 Ego
1179 2011 1233 2031 non
1256 2010 1317 2031 sum
1339 2003 1409 2037 talis,
1432 2003 1503 2031 sicut
1524 2003 1582 2039 ipse
1602 2003 1668 2036 t'uit;
1691 2011 1743 2031 non
1766 2010 1827 2031 sum
1856 2002 1896 2030 di-

1050 2057 1121 2086 gnus
1137 2049 1311 2086 praedicare,
1333 2058 1391 2078 11011
1411 2058 1478 2077 sum
1492 2050 1600 2087 cliynus
1615 2049 1774 2087 eorriyiam
1790 2049 1897 2077 soluere

1050 2096 1254 2129 calceamenti;
1267 2096 1313 2125 sed
1324 2096 1492 2125 assumimus
1504 2097 1670 2133 quandoque
1681 2096 1801 2125 officium
1818 2104 1895 2133 prae-

1050 2143 1193 2171 dicationis
1215 2146 1328 2180 propter
1351 2143 1479 2180 inopiam,
1502 2143 1595 2172 confisi
1618 2143 1652 2172 de
1673 2143 1760 2180 gratia
1778 2143 1896 2179 Spiritus

1051 2191 1154 2223 sancti,
1177 2190 1250 2227 quod
1272 2190 1353 2219 (labit
1377 2191 1438 2219 uoci
1457 2199 1530 2219 suae
1552 2199 1643 2219 uocem
1667 2190 1784 2218 virtutis
1801 2191 1822 2207 ¹4
1843 2193 1893 2219 etc.

1130 2237 1242 2266 Medius·
1265 2241 1391 2266 uestrum
1406 2238 1490 2271 stetit,
1506 2246 1588 2275 quem
1605 2245 1653 2265 uos
1666 2237 1789 2265 nescitis.
1807 2237 1894 2265 Verba

1052 2285 1103 2313 ista
1125 2287 1190 2313 sunt
1219 2284 1324 2313 loannis
1346 2284 1481 2321 Baptistae
1503 2288 1534 2312 ut
1556 2284 1644 2321 primo
1665 2283 1842 2320 proponentis
1869 2287 1896 2312 et

1052 2334 1118 2360 suut
1130 2331 1237 2360 Ioannis
1252 2331 1439 2368 Evangelistac
1455 2334 1485 2359 ut
1501 2330 1649 2364 recitantis,
1666 2334 1692 2359 61
1707 2331 1733 2358 in
1750 2331 1801 2359 isto
1812 2330 1896 2359 verbo

1051 2381 1170 2415 uterque
1185 2378 1305 2414 explicat
1319 2378 1397 2406 nobis
1410 2377 1570 2414 mysterium
1585 2377 1778 2406 incarnationis
1790 2377 1896 2406 1115111)-

1051 2424 1133 2458 lime,
1162 2427 1194 2453 ut
1219 2423 1405 2462 profundam
1433 2426 1460 2452 et
1481 2426 1512 2452 ut
1536 2424 1718 2452 admirabile.
1749 2424 1779 2451 Et
1800 2432 1896 2460 quam-

1051 2480 1133 2509 quam
1151 2471 1296 2499 videantur
1311 2471 1483 2507 simplicibus
1506 2470 1597 2499 verbis
1618 2470 1701 2507 loqui⁷
1717 2470 1808 2504 credo,
1824 2470 1896 2508 quod

213 2625 216 2637 ¹
238 2625 303 2646 Vers.
326 2625 359 2646 19.
849 2624 857 2637 ²
877 2626 940 2647 Vers.
959 2626 996 2648 23.

213 2662 221 2675 ³
241 2664 321 2685 Psalm.
343 2664 376 2689 16,
399 2664 431 2685 11.

214 2701 222 2714 ⁴
242 2702 305 2724 Vers.
328 2702 362 2723 15.
846 2702 855 2715 ⁵
874 2704 939 2725 vers.
963 2704 997 2725 ll.

211 2740 220 2753 ὃ
239 2741 288 2763 lsai.
304 2742 326 2768 5,
345 2741 387 2768 205
405 2743 535 2769 sequuntur
553 2741 607 2763 Luc.
630 2741 663 2767 ll,
681 2742 718 2763 20.
738 2741 773 2768 15,
792 2742 853 2764 ioan.
875 2743 907 2768 12,
921 2742 957 2764 35.
975 2745 997 2764 et

149 2781 203 2803 Luc.
221 2781 242 2808 8,
265 2780 298 2802 10.
850 2779 858 2792 ⁷
877 2781 940 2803 Vers.
961 2781 997 2803 10.

212 2818 221 2831 ⁸
240 2819 271 2841 De
288 2819 370 2841 eodem
394 2819 494 2840 themate
511 2818 608 2840 habetur
630 2819 719 2840 collatio
736 2819 794 2841 inter
816 2819 952 2842 Collatioues
975 2820 996 2841 in

151 2859 265 2886 loannem,
275 2858 347 2880 collat.
360 2857 379 2879 1.
393 2857 457 2885 (tom.
471 2857 507 2879 Vl.
516 2863 570 2885 pag.
583 2857 646 2884 510),
656 2863 716 2885 quae
727 2860 803 2880 tamen
813 2858 906 2880 omniuo
915 2858 996 2881 differt.

213 2896 222 2909 ⁹
239 2898 334 2919 Sumtus
350 2900 384 2919 651
401 2902 427 2919 ex
445 2896 539 2925 antiquo
557 2896 607 2919 cod.
626 2896 734 2918 Trecensi
759 2903 780 2918 n.
798 2896 839 2918 951
867 2897 903 2925 (Q)
927 2900 949 2918 et
966 2896 996 2918 in-

151 2936 270 2959 scribitur:
293 2946 302 2956 «
315 2938 395 2959 Sermo
413 2936 433 2958 in
452 2938 532 2964 quarta
552 2935 669 2957 Dominica
692 2935 810 2958 Adventus
828 2936 902 2958 fratris
926 2936 995 2957 Bona-

1054 2628 1198 2647 venturae».
1216 2624 1269 2651 Agit
1286 2624 1315 2646 de
1332 2624 1414 2645 eodem
1428 2629 1453 2645 ac
1471 2623 1612 2650 praecedens
1625 2629 1701 2645 sermo
1719 2624 1824 2651 themate,
1838 2623 1898 2645 unde

1054 2670 1106 2686 eum
1126 2664 1169 2685 hoc
1186 2664 1236 2685 loco
1254 2663 1382 2690 posuimus.
1396 2662 1504 2684 Dictionis
1516 2662 1618 2684 desectus
1631 2662 1766 2689 multiplices
1779 2661 1897 2683 manifeste

1053 2702 1218 2728 demonstrant,
1237 2707 1262 2723 ex
1280 2707 1319 2723 ore
1336 2700 1490 2728 praedicantis
1507 2707 1560 2722 eum
1579 2701 1648 2722 fuisse
1665 2703 1793 2727 exceptum.

1117 2740 1136 2752 ¹⁰
1154 2740 1219 2762 Vers.
1236 2740 1273 2762 26.
1291 2740 1332 2767 273
1351 2740 1471 2761 Prothema
1490 2738 1587 2761 babetur
1604 2738 1659 2761 ibid.
1681 2745 1704 2760 v.
1720 2738 1758 2760 ⁴23.
1778 2738 1897 2765 Supplevi-

1054 2786 1106 2801 mus
1117 2778 1216 2801 verbum
1234 2778 1367 2801 Prothema.
1535 2776 1552 2789 ¹¹
1572 2777 1669 2805 Ariston,
1688 2778 1701 2799 l.
1720 2777 1819 2798 Periher.
1836 2782 1856 2798 0.
1880 2777 1897 2799 1.

1117 2816 1135 2829 ¹²
1153 2817 1197 2840 Cir.
1215 2817 1330 2844 Priscian„
1348 2818 1371 2839 ll.
1389 2818 1514 2839 Grammat.
1532 2822 1551 2838 c.
1569 2816 1595 2838 3-
1607 2822 1671 2844 seqq.
1690 2819 1711 2838 et
1734 2815 1832 2842 Ariston,
1855 2816 1898 2838 loc.

1054 2857 1090 2879 cit.
1109 2863 1127 2878 0.
1149 2856 1195 2878 2-t.
1214 2856 1245 2877 De
1270 2856 1402 2878 defiuitione
1428 2855 1486 2883 signi
1510 2856 1550 2877 csr.
1576 2856 1680 2882 August„
1704 2854 1726 2876 ll.
1744 2854 1773 2876 (10
1791 2854 1895 2876 Doctrina

1055 2896 1177 2918 christiana
1195 2903 1213 2917 0.
1234 2895 1254 2917 l.
1272 2901 1292 2917 n.
1316 2896 1333 2916 1.

1116 2933 1135 2946 ¹³
1154 2934 1267 2961 Priscian„
1286 2934 1307 2955 11.
1326 2934 1451 2955 Grammat.
1469 2939 1487 2955 c.
1507 2933 1527 2955 3.
1670 2932 1689 2944 Μ
1708 2933 1788 2954 Psalm.
1807 2932 1843 2960 67,
1861 2932 1899 2954 34.

1904 603 2025 622 introductio.

1912 2238 1985 2257 Sermo.
