2243 3348
244 698 289 716 Pars
303 696 323 715 ll.

238 837 324 863 Quinque

197 862 323 887 proprietates

196 888 295 907 passwnis.

206 977 219 995 F
222 976 250 995 uit
261 976 325 1003 v-oluu-

240 1002 296 1018 tana.

209 1396 222 1414 N
227 1396 326 1415 ecessaria.

247 1956 326 1976 Acerba>

212 2240 329 2262 opportuna.

339 240 396 269 304

340 318 443 348 nostris
464 326 517 346 non
540 317 707 345 haberemus
728 314 795 342 tales
816 312 932 343 iudices,
954 310 1001 346 qui
1028 309 1186 337 innocentes

340 365 555 395 condemnarent
575 366 602 391 et
624 369 685 390 reos
706 360 894 388 absolverent!
917 356 968 384 Sed
990 358 1080 388 certe,
1105 353 1187 382 hodie

340 412 434 445 multi,
456 409 595 440 excaecati
621 407 777 443 acceptione
805 410 969 435 munerum,
991 401 1092 430 carnali
1121 400 1186 428 affe—

341 459 430 488 ctione
445 457 569 486 assinium
584 454 816 491 propinquorum,
832 449 981 485 cupiditate
996 446 1187 484 pecuniarum,

340 505 445 534 faciunt
464 502 643 532 contrarium.
667 499 727 527 ldeo
742 497 887 525 iudicium
901 494 964 523 sine
983 491 1188 521 misericordia

341 552 388 579 liet
408 550 518 581 talibus,
533 547 585 585 qai
600 554 658 574 non
672 535 790 581 faciant
804 540 1056 572 miscricordiam,
1079 538 1124 567 sed
1141 545 1188 574 po-

341 598 397 626 tius
417 594 617 624 crudelitatem.

420 642 447 669 ll.
470 639 594 668 Secundo
615 641 727 666 notatur
743 637 886 664 immensa
901 633 1063 670 benigynitas
1080 630 1190 660 Christi

342 688 484 726 patientis,
508 694 571 715 cum
596 685 676 714 dicit:
699 684 750 722 qui
777 685 896 719 peccata.
921 684 1024 709 nostra
1046 682 1096 708 etc.
1123 679 1188 706 Sus-

343 743 444 773 pensus
466 742 516 771 pro
537 731 656 769 peccatis
671 730 773 759 nostris
787 729 915 758 Christus
936 727 962 755 in
986 727 1059 763 ligno
1081 725 1187 758 crucis,

342 784 473 819 quantam
495 780 528 808 ad
550 787 600 807 nos
620 778 793 807 dilectionem
814 775 927 808 habuit,
949 773 1044 802 nullus
1066 771 1189 800 mortalis

343 829 424 857 homo
446 829 538 864 posset
551 825 651 853 dicere.
667 824 738 852 Vere
753 823 813 852 eius
828 821 918 859 passio
934 821 985 849 l'uit
1005 818 1188 852 polimitaria,

341 874 524 906 necessaria,
547 871 670 904 acerba,
693 873 876 907 opportuna,
898 867 1063 905 fractuosa.

420 921 446 949 Si
468 919 674 949 consideremus
696 917 786 954 primo
807 915 1011 952 beniynz'tatem
1026 912 1126 941 Christi
1143 919 1189 948 pa-

343 968 450 1001 tientis,
466 966 653 998 inveniemus,
675 963 748 1001 quod
764 963 855 1000 passio
870 969 920 990 sua
935 961 987 989 suit
1008 959 1188 988 volantaria.

344 1014 396 1042 Hoc
418 1016 459 1042 est
480 1011 554 1049 quod
575 1011 656 1039 dicit:
683 1008 828 1038 Tradebat
850 1007 996 1036 iudicanti
1019 1015 1049 1034 sc
1069 1005 1190 1038 iniuste,-

342 1060 415 1089 unde
439 1059 519 1088 lsaias
534 1059 559 1085 ¹:
585 1057 704 1086 Oblatas
725 1060 781 1089 est,
797 1055 869 1093 qaia
890 1055 951 1091 ipse
964 1053 1063 1081 voluit.
1087 1052 1118 1080 Et
1132 1052 1190 1088 ipse

342 1107 381 1135 ait
401 1106 434 1134 de
455 1113 484 1134 se
506 1105 580 1141 ipso:
603 1104 774 1131 Poleslatem
798 1101 886 1130 habco
908 1100 1036 1137 ponendi
1057 1099 1190 1127 animam

342 1162 455 1186 meam;
470 1156 497 1181 et
511 1151 590 1180 alibi:
611 1150 747 1179 Tradidit
761 1149 792 1177 'in
807 1152 925 1177 mortem
943 1147 1077 1175 animam
1091 1153 1190 1179 suam,

343 1201 447 1229 scilicet
461 1202 572 1236 sponte;
588 1202 613 1226 et
627 1206 693 1226 cam
709 1195 856 1224 sceleratis
871 1197 1025 1231 reputatus
1040 1196 1094 1225 est;
1109 1192 1190 1220 item:

344 1247 432 1276 Nemo
454 1246 523 1275 tollit
545 1254 564 1273 a
578 1253 623 1273 me
637 1244 771 1272 animam
786 1250 880 1270 meam
897 1241 915 1269 2.
940 1241 1019 1274 Ecce,
1041 1239 1114 1276 quod
1130 1246 1191 1275 pas-

343 1295 393 1323 sio·
404 1302 455 1323 sua
475 1293 527 1321 fuit
548 1291 713 1321 voluntaria.

423 1340 448 1368 Si
471 1339 678 1368 consideremus
699 1336 820 1365 secundo
841 1343 894 1363 nos
914 1337 1093 1371 peccatores,
1116 1333 1191 1361 inve-

342 1388 467 1420 niemus,
490 1386 563 1423 quod
585 1393 635 1413 sua
656 1384 746 1420 passio
760 1383 813 1411 fuit
826 1381 994 1410 necessaria
1015 1380 1049 1409 ad
1069 1383 1190 1408 nostram

344 1434 568 1470 redemptionem.
591 1431 667 1460 Unde
688 1430 768 1458 dicit:
791 1429 843 1467 qai
861 1431 981 1465 peccata
1002 1431 1105 1455 nost-ra
1124 1435 1191 1463 per-

344 1480 417 1509 talit.
440 1479 584 1516 Apostolus
599 1478 626 1505 ³:
651 1477 755 1505 Omnes
773 1478 968 1512 peccaveram
989 1478 1013 1502 et
1035 1477 1114 1510 cycni
1134 1473 1192 1511 qlo-

344 1528 392 1556 ria
415 1527 468 1554 Dei
488 1530 549 1559 etc„
575 1529 602 1553 et
623 1523 812 1560 redemptione
840 1522 1035 1559 indiguerunt,
1064 1525 1089 1549 et
1116 1520 1192 1549 sicat

344 1575 375 1603 in
396 1576 507 1611 peccato
524 1573 619 1601 Adam
642 1579 739 1599 omnes
761 1570 943 1602 moriantur,
965 1569 1008 1597 ita
1023 1569 1054 1597 in
1078 1567 1191 1597 Christo

344 1628 441 1649 omnes
461 1618 702 1655 vivificabantur,
725 1620 752 1645 et
773 1617 845 1645 sicut
867 1624 917 1653 pro
940 1619 1051 1652 peccato
1072 1615 1143 1643 Adae
1165 1614 1191 1642 in

343 1667 448 1695 malum
474 1666 571 1702 culpae
599 1668 626 1693 et
651 1671 755 1701 poenae
782 1662 948 1696 cecidimus,
974 1662 1011 1690 ita
1037 1670 1086 1699 per
1114 1661 1192 1689 Chri-

344 1717 418 1742 stum
438 1720 533 1741 omnes
555 1711 689 1748 redempti
711 1718 808 1739 sumus
829 1712 856 1738 et
877 1709 911 1738 ab
932 1712 1053 1745 utroque
1068 1708 1140 1737 malo
1161 1708 1193 1736 li-

344 1760 431 1789 berati
453 1767 559 1788 sumus.
582 1759 636 1787 Hoc
657 1761 699 1787 est
720 1757 794 1794 quod
819 1757 885 1785 dicit
914 1756 1007 1790 lsaias,
1029 1756 1103 1792 quod
1130 1763 1193 1792 pec-

344 1812 413 1835 cata
433 1806 595 1835 inultorum
617 1805 682 1833 tulit
702 1808 727 1833 et
745 1812 802 1841 pro
817 1803 1035 1832 crucifixoribus
1056 1802 1114 1831 suis
1129 1810 1194 1830 ora-

345 1855 401 1888 vit,
421 1862 455 1883 ne
476 1854 609 1890 perirent.

424 1901 450 1929 Si
473 1900 679 1929 consideremus
693 1898 776 1927 tertio
793 1897 964 1935 qualitatem
976 1896 1137 1934 passionis,
1152 1896 1194 1924 in-

347 1948 505 1981 veniemus,
527 1946 601 1984 quod
622 1946 675 1974 fuit
695 1944 812 1973 acerba.
838 1944 891 1972 Hoc
920 1947 960 1972 est
989 1943 1063 1980 quod
1084 1943 1192 1971 subdit:

346 1995 377 2023 in
398 2002 518 2031 corpore
538 2001 609 2027 sao,
631 1992 705 2029 quod
726 1991 838 2028 quidem
868 1991 949 2019 morti
971 1990 1117 2027 exposuit,
1140 1998 1193 2018 non

347 2041 472 2074 cuilibet,
494 2040 541 2069 sed
555 2039 637 2068 morti
653 2038 830 2075 turpissimae
844 2041 871 2066 et
886 2037 1105 2071 crudelissimae;
1120 2036 1194 2065 unde

347 2088 414 2116 illud
428 2088 455 2115 4:
477 2087 567 2115 Morte
581 2086 757 2123 turpissima
771 2085 994 2113 condemnemus
1008 2092 1071 2112 eum
1081 2107 1090 2118 ,
1105 2086 1194 2112 morte

348 2134 548 2163 homicidarum
570 2136 597 2162 et
617 2133 765 2161 latronum.

426 2182 452 2210 si
474 2181 681 2210 consideremus
702 2182 803 2217 quarto
824 2179 945 2207 modam
958 2179 1103 2216 patiendi,
1119 2179 1194 2207 inve-

347 2229 468 2263 niemus,
494 2228 623 2265 quoniam
652 2226 807 2256 necessaria
827 2229 854 2255 et
877 2229 1043 2263 opportuna
1068 2226 1121 2254 fuit
1144 2233 1195 2254 sua

348 2276 450 2313 passio,
473 2276 538 2312 quia
558 2282 656 2312 passus
677 2274 705 2302 in
728 2273 869 2311 patibulo.
896 2273 971 2302 Unde
996 2273 1076 2302 dicit:
1104 2281 1194 2310 super

347 2323 468 2360 liynum.
491 2322 604 2358 Quare?
626 2322 698 2350 Mors
719 2320 820 2349 Christi
846 2320 898 2348 fuit
923 2320 1002 2349 nobis
1026 2320 1194 2354 necessaria,

346 2373 393 2403 ut,
416 2369 487 2398 sicut
508 2376 544 2397 ex
566 2369 639 2405 ligno
660 2368 744 2396 vetito
765 2375 841 2395 mors
859 2367 886 2395 in
908 2366 1043 2395 mundum
1065 2366 1193 2400 intravit,

346 2417 384 2445 ita
404 2416 433 2444 in
455 2416 528 2452 ligno
549 2415 666 2444 salutem
693 2414 808 2443 humani
837 2414 946 2451 generis
967 2414 1094 2442 Christus
1116 2421 1194 2450 repa-

348 2466 431 2492 raret.
447 2463 501 2491 Hoc
515 2465 557 2491 est
571 2462 645 2499 quod
660 2464 752 2490 cantat
767 2461 886 2490 Ecclesia
900 2461 927 2488 ⁵:
954 2472 967 2486 «
983 2461 1017 2490 Ut
1031 2461 1104 2489 unde
1118 2468 1194 2489 mors

347 2511 498 2544 oriebatur,
519 2510 583 2538 inde
603 2509 660 2538 vita
680 2511 855 2545 resurgeret,
875 2511 902 2537 et
923 2508 971 2545 qui
992 2508 1020 2536 in
1041 2508 1114 2545 ligno
1136 2508 1195 2536 vin-

348 2558 435 2591 cebat,
450 2558 477 2585 in
493 2557 566 2593 ligno
581 2563 692 2593 quoque
704 2555 872 2589 vinceretur,
884 2563 934 2592 per
949 2555 1037 2583 Iesum
1053 2555 1193 2583 Christum

348 2604 494 2633 Dominum
516 2606 642 2631 nostrum
657 2614 683 2630 ».
706 2602 804 2631 Nullus
824 2601 895 2630 alius
916 2602 1014 2630 modus
1034 2602 1153 2638 patiendi
1169 2604 1196 2630 et

347 2658 397 2679 nos
419 2649 569 2679 redimendi
591 2649 643 2677 suit
657 2648 862 2677 convenientior
883 2648 950 2682 isto,
973 2648 1023 2676 etsi
1041 2648 1094 2676 alio
1116 2648 1195 2677 modo

347 2697 489 2734 potuisset.

412 2869 419 2882 ¹
437 2869 493 2897 Cap.
511 2869 548 2898 53,
566 2869 593 2896 73

411 2908 420 2921 ²
438 2909 497 2931 loan.
516 2909 552 2936 40,
572 2909 607 2931 18.

411 2947 420 2960 ³
438 2949 504 2971 Rom.
522 2949 542 2977 2,
561 2949 604 2976 23,
621 2951 750 2978 sequuntur
768 2949 782 2971 l.
800 2948 850 2971 Cor.
869 2949 912 2976 115,
930 2949 967 2971 22.
984 2951 1007 2971 et
1023 2949 1072 2971 lsai.
1090 2949 1133 2975 53,
1151 2949 1187 2971 42.

410 2988 420 3001 ⁴²
438 2989 491 3017 Sap.
510 2990 537 3017 2,
556 2989 594 3011 20.

412 3027 421 3040 ⁵
438 3028 548 3051 Praefatio
566 3028 594 3050 de
611 3034 692 3055 cruce,
709 3034 734 3050 ex
753 3028 893 3050 Sacrament.
910 3028 1022 3056 Gregorii.

610 2872 739 2898 sequuntur
757 2869 818 2892 loan.
838 2870 880 2898 slO,
903 2870 935 2892 l8.
953 2872 975 2892 et
992 2870 1042 2892 lsai.
1058 2870 1100 2897 53,
1118 2870 1155 2892 42.

1002 230 1174 260 SERMONES
1195 229 1238 257 DE
1260 228 1423 256 TEMPORE.

1321 305 1346 333 Si
1369 304 1575 333 consideremus
1596 304 1693 340 quinto
1713 303 1800 340 finem
1820 302 1984 340 passionis,
2013 302 2088 331 inve·
2104 311 2209 334 fructuosa.

1243 352 1366 384 niemus,
1394 350 1467 387 quod
1496 358 1546 379 sua
1574 350 1663 387 passio
1688 349 1740 378 fuit
1760 348 1934 387 fractuosa,
1963 349 2029 386 quia
2055 349 2089 377 ad

1243 401 1354 426 nostrae
1376 397 1572 433 redemptionis
1594 396 1723 433 pretium.
1746 397 1799 425 Hoc
1821 400 1861 425 est
1882 396 1956 433 quod
1981 396 2088 425 subdit:

1243 448 1292 477 ut,
1312 444 1440 481 peccatis
1467 443 1594 477 morlai,
1616 443 1747 472 iustitiae
1767 443 1920 477 vtz›amas;
1945 446 1991 477 ut,
2020 443 2091 472 sicut

1244 491 1372 519 Christus
1392 493 1520 519 mortuus
1541 493 1582 519 est
1603 498 1701 525 carne,
1722 490 1818 519 vivens
1839 494 1931 519 autem
1957 490 2090 526 spirit11⁶,

1245 538 1294 572 ita,
1317 538 1419 566 mortui
1442 538 1468 566 in
1491 541 1614 574 peccato,
1631 538 1756 566 vivamus
1777 537 1966 574 spiritualiter.
1984 538 2036 565 lloc
2051 540 2092 566 est

1245 584 1319 621 quod
1341 584 1406 612 dicit
1427 584 1571 620 Apostolus
1592 584 1625 612 ad
1652 584 1786 612 Romanos
1801 584 1826 611 ⁷:
1851 583 2016 621 Consepulti
2042 592 2092 611 su-

1244 639 1311 659 mas
1332 639 1400 659 cam.
1421 630 1468 658 illo
1486 638 1541 667 per
1562 630 1740 667 baptismam
1754 631 1785 659 in
1806 634 1940 664 mortem,
1962 634 2007 664 al,
2022 638 2092 668 quo-

1246 678 1330 706 modo
1347 677 1480 706 Christus
1495 677 1627 705 surrexit
1642 685 1661 705 a
1676 677 1801 705 mortuis
1813 685 1866 714 per
1883 677 2009 714 gloriam
2033 677 2092 705 Pa—

1246 725 1316 758 tris,
1332 725 1375 753 ita
1396 728 1419 752 ct
1441 733 1493 752 nos
1515 724 1546 752 in
1569 724 1694 752 novitate
1707 724 1783 752 vitae
1803 724 1995 753 ambulemus.
2010 725 2092 753 —ln

1246 772 1366 808 paschali
1389 771 1432 800 die
1454 771 1542 799 solent
1557 771 1683 799 homines
1704 779 1774 799 nova
1792 771 1954 800 vestimenta
1969 771 2093 805 induere,

1246 822 1340 848 vetera
1368 827 1489 852 exuere,
1512 826 1583 847 nova
1610 818 1713 847 cibaria
1738 818 1897 852 comedere;
1925 818 1962 846 ita
1990 821 2017 847 et
2044 825 2094 847 nos

1246 869 1339 895 vetera
1375 869 1485 903 peccata
1512 865 1645 894 debemus
1673 865 1792 894 abiicere
1820 868 1848 894 et
1875 873 1960 893 novas
1987 867 2093 899 vestes,

1246 913 1350 942 scilicet
1370 913 1504 946 virtutes,
1530 912 1646 941 induere
1674 912 1700 940 in
1731 912 1782 940 hoc
1811 912 1931 948 paschali
1960 915 2093 948 tempore.

1246 960 1300 989 Hoc
1321 963 1363 989 est
1383 960 1456 997 quod
1478 960 1559 988 dicit:
1581 959 1613 987 in
1634 959 1759 987 novitate
1781 959 1856 987 vilae
1877 958 2067 987 ambulemus.

1326 1006 1363 1034 Ad
1389 1006 1600 1035 instructionem
1623 1009 1716 1034 autem
1745 1009 1867 1034 nostram
1889 1009 1916 1034 et
1942 1005 2096 1034 dominicae

1248 1054 1339 1082 crucis
1360 1053 1475 1090 gloriam
1497 1056 1524 1081 et
1538 1053 1626 1089 ipsius
1641 1052 1773 1081 Crucifixi
1790 1052 1899 1081 laudem
1920 1055 1999 1086 nota,
2021 1051 2094 1089 quod

1248 1101 1275 1129 in
1292 1101 1364 1137 ligno
1379 1100 1470 1129 crucis
1484 1100 1585 1128 Christi
1599 1107 1747 1136 possumus
1759 1099 1882 1128 invenire
1898 1099 1949 1128 ista
1962 1099 2095 1136 quinque,
2106 1105 2190 1130 Quinque
2198 1106 2232 1126 rru-

1248 1147 1352 1176 scilicet
1380 1147 1558 1184 sapientiam
1585 1146 1751 1180 salutarem,
1774 1146 1920 1175 discretam
1942 1145 2095 1174 carnalium

1249 1195 1421 1230 voluptatum
1444 1193 1714 1230 mortificationem,
1741 1196 1945 1230 paupertatem
1971 1193 2097 1222 volunta-

1249 1241 1336 1274 riam,
1357 1241 1523 1269 eminentem
1550 1239 1760 1273 humilitatem,
1789 1240 1924 1268 virtatem
1953 1240 2097 1277 insupera-

1248 1287 1340 1316 bilem.

1329 1334 1409 1367 Dico,
1437 1334 1511 1370 quod
1540 1334 1567 1361 in
1597 1333 1671 1370 ligno
1699 1333 1791 1362 erucis
1818 1333 1919 1361 Christi
1950 1341 2097 1370 possumus

1249 1381 1373 1410 iuvenire
1395 1381 1484 1417 primo
1513 1380 1690 1417 sapientiam
1718 1380 1881 1408 salutarem.
1909 1380 1942 1408 ad
1965 1388 2014 1409 nos
2035 1380 2097 1409 illu-

1250 1427 1410 1456 minandum
1433 1431 1460 1456 et
1481 1426 1651 1460 docendum;
1674 1429 1701 1455 et
1717 1427 1767 1455 hoc
1789 1429 1830 1455 est
1851 1426 1923 1463 quod
1946 1426 2012 1455 dicit
2032 1427 2099 1463 Apo-

1250 1474 1374 1503 stolusssz
1398 1474 1463 1502 Non
1486 1474 1618 1502 iudicavi
1626 1497 1634 1507 ,
1656 1482 1700 1502 me
1720 1474 1796 1502 scire
1817 1473 1931 1512 aliqaicl
1952 1474 2027 1502 inter
2047 1482 2098 1502 vos

1249 1522 1309 1550 nisi
1330 1522 1423 1550 lesum
1449 1520 1599 1550 Christum
1620 1525 1645 1549 el
1666 1520 1744 1549 hanc
1765 1520 1952 1558 crucifixum.
1977 1521 2021 1549 tlte
2049 1520 2097 1558 qui

1249 1572 1356 1606 raptus
1376 1568 1429 1597 fuit
1454 1577 1545 1606 usqae
1565 1569 1605 1596 acl
1634 1568 1751 1596 tertiam
1773 1567 1884 1596 eaelum
1913 1571 1941 1596 et
1962 1567 2029 1596 vidit
2057 1574 2099 1596 se-

1250 1619 1325 1644 creta
1346 1615 1411 1650 Dei,
1433 1624 1507 1653 quae
1527 1623 1587 1643 non
1608 1615 1670 1643 licet
1691 1613 1804 1643 homini
1821 1614 1912 1653 loqui,
1934 1614 2003 1643 nihil
2024 1614 2099 1642 alind

1249 1663 1301 1692 nisi
1317 1663 1350 1691 de
1365 1662 1548 1691 crucifixione
1563 1662 1669 1691 Domini
1686 1662 1727 1690 sui
1744 1670 1773 1690 se
1786 1662 1862 1690 scire
1879 1661 2030 1690 iudicavit.
2047 1661 2099 1690 lsto

1250 1711 1308 1739 solo
1331 1710 1415 1738 verbo
1444 1709 1524 1738 beata
1551 1709 1699 1737 Catharina
1715 1710 1725 1726 ⁰
1747 1709 1947 1746 quinquaginta
1975 1712 2100 1738 oratores

1250 1757 1351 1786 devicit
1366 1760 1392 1786 et
1412 1756 1552 1790 confudit,
1568 1756 1679 1793 quando
1699 1756 1785 1785 dixit:
1808 1754 1889 1784 Nihil
1903 1756 1987 1784 aliud
2001 1755 2099 1784 iudico

1250 1813 1295 1832 me
1315 1804 1391 1832 scire
1417 1804 1492 1832 inter
1517 1812 1567 1832 vos
1591 1803 1652 1832 nisi
1677 1804 1771 1832 lesum
1799 1802 1946 1831 Christum
1970 1806 1996 1831 et
2023 1801 2100 1831 hane

1251 1852 1362 1888 quidem
1383 1851 1571 1885 crucifixam.
1594 1851 1664 1887 Quid
1686 1851 1771 1887 igitur
1794 1851 1885 1879 valent
1909 1858 2004 1879 omnes
2031 1849 2100 1879 aliae

1251 1899 1396 1932 scientiae,
1412 1898 1462 1927 nisi
1485 1898 1518 1926 ad
1540 1898 1621 1926 istam
1636 1897 1821 1926 ordinentur?
1836 1914 1874 1917 —
1890 1897 1944 1926 Vae
1965 1897 2033 1926 illis!
2049 1896 2097 1934 qui

1252 1949 1308 1974 toto
1325 1949 1447 1982 tempore
1468 1945 1540 1973 vitae
1555 1952 1621 1973 suae
1636 1944 1748 1973 student
1769 1945 1795 1973 in
1819 1944 1913 1982 logica,
1929 1944 2042 1981 physica
2057 1943 2100 1972 vel

1251 1993 1278 2021 in
1300 1992 1417 2021 decretis
1431 1994 1459 2021 et
1479 1991 1548 2020 nihil
1563 1992 1669 2028 saporis
1689 1991 1717 2020 in
1739 1992 1791 2020 ista
1805 1991 1918 2020 scientia
1939 1991 2099 2025 inveniunt;

1251 2040 1273 2069 si
1295 2040 1323 2068 in
1345 2039 1418 2076 ligno
1439 2039 1530 2068 crucis
1551 2038 1651 2067 Christi
1681 2038 1841 2072 studerent,
1863 2038 2005 2067 scientiam
2026 2037 2100 2066 salu-

1253 2090 1338 2115 tarem
1362 2086 1397 2115 ibi
1420 2086 1591 2119 invenirent3
1613 2089 1652 2113 est
1673 2085 1745 2114 enim
1768 2085 1880 2123 liynu-m.
1901 2085 1975 2113 vilae
1990 2083 2035 2113 his
2050 2084 2102 2122 qai

1252 2132 1501 2171 apprehenderint,
1515 2132 1602 2170 etqui
1612 2132 1736 2161 tenuerit
1749 2141 1814 2161 eam
1826 2132 1926 2160 beatas
1935 2132 1970 2166 ¹⁰;
1983 2132 2035 2160 hoc
2050 2134 2099 2165 est,

1251 2180 1299 2217 qui
1322 2180 1347 2208 in
1370 2179 1452 2208 corde
1473 2180 1574 2217 iugiter
1589 2179 1751 2208 memoriam
1767 2179 1865 2208 mortis
1879 2179 1980 2207 Christi
1996 2178 2100 2206 habue-

1251 2227 1303 2261 rit,
1326 2226 1426 2255 beatus
1440 2226 1512 2260 erit,
1528 2226 1632 2255 scilicet
1647 2226 1673 2254 in
1689 2226 1826 2263 praesenti
1851 2226 1910 2255 talis
1931 2225 2101 2255 beatitudine

1251 2274 1369 2311 gratiae,
1396 2274 1423 2301 in
1452 2273 1548 2302 futuro
1576 2273 1681 2302 beatior
1709 2273 1879 2302 beatitudine
1907 2273 2017 2310 gloriae.
2048 2272 2101 2301 Ista

1251 2320 1371 2357 disponit
1391 2320 1530 2348 hominem
1552 2320 1585 2348 ad
1606 2319 1829 2357 intelligentiam,
1851 2322 1996 2348 conservat
2020 2319 2046 2347 in
2068 2326 2101 2348 eo

1252 2367 1430 2401 memoriam,
1452 2367 1562 2395 ordinat
1582 2367 1616 2395 ad
1638 2367 1721 2395 vitam
1744 2370 1893 2396 aeternam.
1921 2366 1981 2395 ldeo
2004 2366 2101 2395 beatus

1252 2413 1409 2443 Bernardus
1426 2415 1447 2430 ¹1
1472 2414 1506 2442 de
1527 2414 1579 2442 hoc
1601 2414 1674 2451 ligno
1700 2414 1737 2442 ita
1757 2414 1810 2442 ait:
1836 2425 1850 2439 α
1865 2414 1934 2442 Cum
1954 2412 2101 2450 sapientia

1251 2461 1410 2489 secandam
1425 2470 1529 2490 nomen
1542 2470 1632 2490 saum
1652 2462 1724 2490 dicta
1739 2462 1774 2490 sit
1788 2468 1918 2498 saporosa
1932 2460 2058 2494 scientia,
2072 2460 2100 2488 in

1252 2508 1325 2545 ligno
1346 2509 1437 2537 crucis
1459 2509 1554 2543 stude,
1577 2509 1598 2537 si
1621 2509 1662 2538 vis
1677 2509 1752 2538 hunc
1773 2516 1899 2545 saporem
1915 2508 2032 2542 sentire;
2055 2507 2101 2536 dat

1252 2555 1324 2583 enim
1337 2556 1426 2584 visum
1439 2556 1535 2590 caecis,
1547 2556 1690 2585 sanitatem
1708 2556 1833 2590 infirmis,
1849 2555 1931 2584 vitam
1944 2555 2099 2583 mortuis».

1331 2602 1456 2631 Secundo
1478 2602 1505 2631 in
1526 2602 1600 2639 ligno
1621 2603 1713 2631 crucis
1734 2610 1882 2639 possumus
1907 2601 2032 2630 invenire
2052 2609 2100 2630 vo-

1254 2648 1398 2686 luptatum
1413 2649 1514 2677 carnis
1529 2649 1798 2686 mortificationem,
1814 2652 1846 2677 nt
1860 2650 1943 2677 homo
1957 2657 2008 2686 pro
2022 2648 2101 2677 Chri-

1252 2699 1294 2724 sto
1316 2696 1450 2725 sacrificet
1472 2704 1583 2725 carnem
1598 2704 1676 2725 suam
1697 2704 1746 2733 per
1767 2696 1970 2733 poenitentiam.
1994 2696 2031 2724 De
2050 2696 2100 2724 isto

1317 2869 1326 2883 Β
1343 2871 1473 2899 Respicitur
1490 2871 1505 2893 l.
1524 2872 1580 2894 Detr.
1594 2871 1615 2898 3,
1634 2871 1675 2893 48:
1694 2870 1851 2901 Mortificatus
1862 2869 1956 2900 quidem
1973 2875 2057 2898 carne,
2070 2868 2100 2892 vi-

1252 2909 1361 2940 vificatus
1379 2911 1458 2933 aulem
1474 2909 1569 2940 spiritu.
1934 2908 1943 2921 ⁷
1960 2909 2016 2937 Cap.
2033 2909 2059 2937 6,
2078 2908 2099 2931 4.

1316 2947 1325 2960 ³
1344 2949 1412 2977 Epist.
1431 2950 1444 2971 l.
1462 2949 1513 2972 Cor.
1532 2951 1552 2977 2,
1570 2950 1596 2976 2,
1613 2949 1718 2978 sequitur
1735 2950 1759 2972 lt.
1776 2949 1828 2972 Cor.
1846 2949 1886 2977 42,
1904 2950 1926 2971 2.
1944 2948 1965 2971 4.

1314 2988 1324 3002 ⁹
1341 2989 1498 3017 Metaphrast.‚
1516 2992 1571 3011 tom.
1589 2989 1622 3011 ΙΙΙ.
1640 2989 1681 3011 col.
1700 2989 1745 3011 290
1763 2988 1776 3016 S
1794 2988 1830 3010 13.
1901 2987 1920 3000 ¹⁰
1937 2988 2004 3010 Prov.
2022 2988 2043 3014 3,
2062 2987 2098 3009 48.

1315 3027 1334 3040 ²²
1353 3027 1397 3050 Csr.
1416 3027 1519 3051 Cassiod.
1537 3029 1559 3050 in
1577 3029 1611 3051 Ps.
1630 3028 1657 3055 4,
1675 3029 1701 3055 63
1718 3030 1740 3050 et
1757 3027 1879 3056 respicitur
1897 3027 1964 3051 Eccli.
1982 3027 2007 3055 6,
2025 3027 2062 3049 23.

2112 1131 2153 1148 ctus
2165 1129 2226 1149 crucis.

2114 1339 2190 1359 Fructus
2201 1340 2227 1365 pri

2150 1368 2196 1382 mus.

2116 1903 2207 1922 Hui-tatio.

2117 2608 2218 2628 Secundus.
