2243 3348
639 186 682 215 DE
704 186 898 214 NATlVlTATE
921 186 948 214 Β.
970 185 1112 214 VlRGlle
1132 185 1260 214 MARIAE.
1283 185 1393 214 SERMO
1413 186 1444 214 V.

171 266 273 302 Regum
296 269 411 302 quart03
434 265 480 294 ubi
503 264 637 302 quaedam
659 264 693 293 de
714 264 852 292 uxoribus
870 264 1016 301 Propheta

170 321 247 347 rum,
270 312 416 341 infundens
436 312 527 341 oleum
551 312 631 340 iuxta
645 311 762 340 verbum
778 311 944 348 Prophetae,
966 318 1016 347 per

143 388 146 392 Δ
170 368 252 397 quam
276 367 413 396 synagoga
433 359 516 387 datur
538 358 661 395 intelligi,
682 358 754 386 dixit
774 358 831 386 filio
846 366 912 387 suo:
935 356 1016 395 Affer

31 1020 151 1040 introductio.

37 1723 149 1743 Notandum.

74 2615 151 2633 Divisio.

169 404 244 434 milti
256 404 355 434 adbuc
376 413 438 434 vas.
462 406 496 433 Et
518 405 564 433 itte
577 404 743 442 respondit:
766 404 831 433 Non
846 403 953 437 habco:
968 404 1015 433 sed

170 456 260 486 certe,
275 460 338 481 cum
360 452 435 481 venit
456 451 625 480 abundantia
645 451 798 489 gratiarum
820 455 847 480 et
867 451 1015 488 ptenitucto

171 500 323 536 temporis,
346 498 372 527 in
395 507 452 536 quo
472 498 551 527 misit
575 499 651 527 Deus
673 498 783 527 Filiam
803 507 892 526 saum
908 499 935 532 ¹,
963 498 1016 526 fuit

170 554 217 575 vas
245 546 362 575 incisum
394 554 478 575 manu
499 546 652 583 Sapientiae
673 549 701 574 et
719 554 793 582 prae
818 544 1016 583 participibus

169 593 233 621 sais
254 592 312 621 oleo
332 592 536 622 exsultationis
563 593 715 629 repletum,
747 592 828 621 cuius
856 600 905 621 nos
935 592 1016 621 faciat

170 639 317 676 participes
338 640 423 668 Mater
445 640 529 668 totius
557 639 700 673 bonitatis,
730 646 802 676 quae
830 639 855 667 in
879 647 929 667 suo
951 639 1016 667 Filio

170 686 338 715 iucundatur
358 686 534 715 aeternaliter
556 686 614 715 sine
636 686 698 715 fine.
721 687 813 714 Amen.

506 780 598 808 Seniue
620 779 641 808 V
656 780 675 807 ².

256 873 322 901 Visa
344 878 384 901 est
405 881 479 901 arca
502 872 663 900 testamenti
685 872 736 900 Dei
755 872 786 900 in
808 871 909 908 templo
936 872 1015 905 eius,

169 920 343 957 Apoealypsis
366 920 510 948 undecimo
525 919 544 947 ³.

249 967 321 996 inter
342 975 437 995 omnes
458 966 563 1003 figuras
584 973 676 994 sacras
696 968 723 994 et
745 969 873 999 secretas,
895 973 966 1002 quae
989 965 1015 993 in

169 1014 239 1051 Lege
253 1014 359 1051 figurae
380 1022 396 1042 a
418 1013 532 1041 Domino
555 1013 609 1041 Deo
629 1012 708 1041 datae
726 1015 792 1040 sunt
812 1014 839 1040 et
860 1012 1015 1045 institutae,

168 1068 242 1089 arca
254 1059 417 1088 testamenti
427 1058 533 1087 Domini
549 1061 580 1087 ut
594 1058 778 1087 sacratissima
794 1058 922 1087 honorari
936 1066 1015 1095 prae-

168 1107 321 1144 cipiebatur
336 1107 356 1140 4,
378 1109 406 1135 et
427 1106 478 1134 hoc
500 1114 553 1134 non
575 1105 658 1134 fiebat
673 1105 819 1134 casualiter
835 1113 884 1134 nec
906 1105 1015 1133 irratio-

168 1154 304 1187 nabiliter,
327 1153 373 1182 sed
398 1152 550 1181 secundum
579 1152 783 1189 dispositionem
810 1160 947 1189 supernae
968 1153 1015 1181 Sa—

167 1201 301 1238 pientiae,
322 1207 394 1237 quae
422 1200 525 1228 tulerat
546 1200 653 1236 Legem.
675 1199 733 1228 Non
765 1207 831 1236 ergo
859 1199 911 1227 hoc
933 1200 1015 1228 fiebat

167 1255 263 1282 arcae,
285 1247 350 1284 quia
371 1247 404 1275 de
426 1246 506 1283 lignis
520 1249 548 1275 et
561 1254 631 1275 auro
652 1249 712 1274 erat
732 1246 912 1275 artificialiter
933 1246 1014 1281 facta,

168 1294 213 1323 sed
235 1294 301 1331 quia
321 1301 422 1322 arcana
443 1293 490 1322 Dei
513 1293 665 1322 secundum
680 1293 816 1322 dictamen
838 1293 906 1321 artis
926 1296 1016 1322 aeter-

167 1349 218 1369 nae
240 1340 446 1377 praefigurabat
476 1340 623 1377 aptissime.
646 1340 722 1369 Unde
749 1343 776 1369 et
807 1340 879 1368 inter
910 1343 1015 1369 ceteras

168 1387 281 1425 figuras,
303 1395 374 1424 quae
395 1387 548 1415 secundum
570 1386 768 1415 multiformem
790 1387 951 1424 sapientiam
968 1387 1013 1415 Dei

169 1434 348 1471 multiplicem
377 1434 490 1470 pariunt
517 1433 742 1470 intelligentiam,
770 1441 834 1462 arca
860 1434 1016 1472 testamenti

166 1485 208 1511 est
230 1481 406 1510 multitudine
428 1481 608 1517 mysticarum
631 1480 874 1517 intelligentiarum
901 1481 1014 1517 repleta,

167 1532 198 1557 ut
219 1537 272 1557 non
295 1528 329 1557 sit
345 1528 370 1556 in
393 1528 452 1565 ipsa
466 1527 540 1565 quod
555 1536 609 1556 non
624 1528 657 1556 ad
672 1528 793 1564 aliquam
808 1527 1014 1565 intelligentiam

167 1576 338 1612 spiritualem
361 1575 544 1608 manuducat;
566 1582 654 1611 pauca
676 1575 718 1603 vel
739 1575 815 1603 nulla
837 1578 901 1603 sunt
924 1575 949 1603 in
971 1583 1016 1604 ec-

167 1622 318 1652 clesiastica
340 1622 511 1655 hierarchia,
534 1629 605 1659 quae
626 1621 779 1650 secundum
810 1622 912 1650 variam
936 1622 1015 1651 intel-

168 1669 307 1707 ligentiam
324 1669 532 1705 scripturarum
547 1668 661 1705 figurari
678 1677 730 1697 non
746 1671 862 1705 possunt
878 1677 925 1705 per
944 1677 1013 1698 eam.

167 1717 235 1745 Arca
256 1716 328 1745 enim
361 1715 513 1745 secundum
545 1715 715 1744 intellectum
747 1715 955 1753 atleyoricnm,
983 1719 1015 1745 nt

167 1766 333 1792 attestantur
354 1762 542 1800 expositiones
556 1763 730 1797 Sanctorum,
752 1762 786 1791 ad
800 1762 941 1791 Christum
972 1771 1015 1792 re-

167 1810 257 1840 fertur
272 1814 300 1839 et
314 1809 478 1843 Ecclesiam;
494 1809 645 1838 secundum
658 1809 878 1847 tropologicum,
890 1810 922 1839 ad
936 1818 1015 1847 prae-

168 1858 255 1886 latum
276 1860 304 1886 et
324 1857 442 1885 animam
465 1859 602 1890 sanctam;
625 1856 777 1885 secundum
799 1856 1014 1894 anayoyz‘eum,

167 1904 201 1933 ad
223 1904 339 1933 caeleste
357 1911 489 1932 arcanum
511 1906 538 1932 et
560 1903 707 1932 Ierusalem
730 1911 895 1940 supernam;
917 1911 1015 1932 secun-

167 1951 233 1980 dum
255 1950 410 1988 mysticam
431 1958 467 1979 ex
489 1950 618 1979 omnibus
638 1950 718 1979 dictis
739 1950 945 1987 intelligentiam
972 1958 1016 1979 re-

168 2000 325 2035 praesentat
346 1997 486 2034 Virginem
508 1997 671 2034 gloriosam,
693 1997 878 2025 beatissimam
901 1998 1015 2026 Matrem

168 2045 215 2073 Dei
247 2047 274 2073 et
296 2044 438 2072 Dominam
467 2047 602 2078 nostram,
628 2046 749 2072 sanctam
779 2044 907 2078 Mariam,
935 2044 1015 2073 cuius

168 2091 337 2120 nativitatem
356 2091 489 2119 hodierna
502 2090 546 2119 die
567 2091 688 2119 celebrat
708 2093 801 2119 sancta
817 2094 904 2119 mater
926 2091 1016 2119 Eccle-

168 2138 215 2167 sia.
232 2138 320 2175 Ipsius
337 2137 409 2166 enim
425 2137 595 2166 nativitatem
610 2140 638 2166 et
652 2137 911 2166 excellentissimam
927 2137 1015 2175 digni-

169 2188 251 2213 tatem
274 2185 300 2213 in
319 2184 484 2213 auctoritate
505 2184 656 2221 praemissa
677 2185 774 2213 beatus
796 2185 908 2213 loannes
930 2185 1016 2213 Evan-

168 2232 278 2269 gelista,
300 2232 425 2261 elevatus
442 2232 469 2260 in
492 2232 591 2268 spiritu
606 2232 640 2260 ad
655 2232 842 2269 Apocalypsim
863 2232 1016 2269 intelligen-

168 2279 244 2313 dam,
266 2279 405 2312 describit,
427 2282 454 2307 et
476 2279 527 2307 hoc
541 2278 698 2315 dupliciter,
713 2279 816 2307 scilicet
831 2281 967 2316 quantum
982 2278 1015 2307 ad

169 2325 365 2354 exceltentiam
390 2326 553 2359 nascentis,
586 2333 649 2354 cum
680 2326 798 2354 dicitur:
822 2327 902 2354 Arca
930 2329 1015 2354 testa-

169 2372 257 2401 menti
279 2373 330 2401 Dei
336 2383 346 2406 ‚·
367 2376 394 2401 et
415 2375 549 2409 quantum
565 2372 597 2401 ad
614 2372 819 2410 refulgentiam
833 2373 1015 2407 nativitatis,

169 2413 232 2448 cum
254 2419 399 2448 subditur:
422 2420 486 2448 visa
507 2423 547 2448 est
567 2420 598 2448 in
619 2419 721 2456 tempto
736 2420 755 2447 ⁵.

248 2466 305 2495 Sub
330 2466 421 2503 figura
448 2469 540 2495 autem
562 2475 652 2494 arcae
680 2466 841 2495 testamenti
868 2467 1016 2503 multiplex

171 2513 290 2550 Virginis
310 2513 427 2550 dignitas
453 2512 609 2541 insinuatur
631 2512 783 2541 secundum
805 2513 922 2547 diversa,
945 2521 1016 2550 quae

170 2560 313 2596 Scriptura
334 2559 413 2588 docet
426 2559 601 2588 considerare
616 2559 643 2587 in
666 2559 711 2587 illa
726 2560 840 2596 mystica
860 2568 932 2588 arca.
952 2560 1016 2588 Pro-

171 2606 284 2643 ponitur
305 2609 398 2634 autem
420 2606 447 2634 in
469 2606 612 2642 Scriptura
633 2606 679 2634 illa
706 2614 770 2635 arca
797 2606 1016 2643 quadrupliciter

171 2653 377 2687 consideranda,
393 2652 496 2681 scilicet
511 2657 645 2689 quantum
661 2653 693 2681 ad
708 2652 868 2690 fabricam,
881 2657 1015 2690 quantum

171 2700 204 2728 ad
226 2700 449 2734 continentiam,
471 2703 606 2737 quantum
628 2700 661 2728 ad
682 2700 858 2738 efficaciam,
880 2703 1015 2737 quantum

1860 186 1914 213 715

1071 263 1105 292 ad
1126 262 1385 300 honorificentiam.
1401 263 1426 292 Si
1442 263 1599 292 consideras
1619 271 1710 292 arcam
1733 266 1867 300 quantum
1883 263 1917 291 ad

1072 310 1219 344 fabricam,
1241 310 1398 339 consideras
1418 318 1477 339 eam
1500 310 1650 339 secundnm
1673 310 1698 339 id
1720 310 1795 347 quod
1815 314 1873 343 est‚·
1894 310 1915 338 si

1071 359 1206 394 quantum
1228 357 1261 386 ad
1283 357 1487 392 continentiam,
1503 357 1660 386 consideras
1674 357 1825 386 secundum
1842 357 1915 394 quod

1072 404 1169 437 liabet;
1184 404 1205 433 si
1221 404 1380 438 efficaciam,
1395 404 1546 433 secundum
1562 404 1587 433 id
1604 404 1677 441 quod
1689 404 1778 442 facit;
1793 405 1814 433 si
1831 405 1916 433 hono-

1072 450 1233 479 rificentiam
1245 474 1252 485 ,
1274 450 1425 479 secundum
1441 450 1467 479 id
1483 451 1555 487 quod
1579 451 1688 488 recipit.
1704 451 1758 480 Hoc
1773 454 1813 480 est
1828 451 1916 480 consi-

1071 497 1169 526 derare
1184 497 1271 534 ipsam
1288 497 1439 526 secundum
1456 497 1480 526 id
1496 497 1570 534 quod
1586 498 1643 534 ipsa
1657 501 1707 532 est,
1722 498 1873 526 secundum
1889 498 1916 526 id

1072 544 1158 581 (quod
1179 544 1206 572 in
1228 545 1287 581 ipsa
1307 547 1364 578 est,
1386 544 1538 573 secundum
1562 544 1599 581 id)
1620 545 1693 582 quod
1718 545 1752 573 ab
1780 544 1837 581 ipsa
1859 548 1916 579 est,

1071 593 1098 619 et
1119 590 1272 619 secundum
1294 591 1319 619 id
1341 591 1414 628 quod
1437 593 1478 619 est
1498 591 1531 619 ad
1552 591 1648 628 ipsam.

1151 637 1167 665 1.
1191 637 1321 666 Fabrica
1335 640 1428 666 aulen]
1444 638 1518 666 illius
1538 646 1630 672 arcae,
1653 642 1684 667 ut
1704 638 1825 668 insinuat
1846 639 1917 668 Scri-

1072 686 1155 720 ptura
1183 691 1276 717 sacra,
1304 683 1357 712 fuit
1377 684 1519 713 materiae
1546 684 1741 721 imputribilis,
1763 694 1918 714 mensurae

1072 730 1300 767 proportionalis,
1329 730 1445 767 formae
1472 731 1627 767 spectabilis
1655 734 1682 760 et
1708 732 1824 769 siqui-ae
1849 740 1917 769 qua-

1071 777 1261 814 drangularis,
1290 777 1316 805 in
1343 777 1445 814 quibus
1473 777 1629 806 insinuatur
1660 778 1777 815 dignitas
1798 779 1917 816 Virginis

1072 824 1215 861 gloriosae,
1229 832 1301 860 quae
1315 824 1447 852 fabricata
1461 824 1512 852 fuit
1527 825 1677 853 secundum
1696 826 1844 854 artificium
1860 826 1917 855 Filii

1072 870 1119 899 Dei
1149 874 1176 899 et
1204 871 1323 907 Spiritus
1351 871 1446 899 sancti.
1470 887 1507 890 ——
1530 871 1575 899 Est
1602 871 1686 908 igitur
1715 873 1797 901 Maria
1828 874 1917 910 primo

1072 925 1137 945 arca
1154 917 1307 945 testamenti
1324 920 1459 954 quantum
1475 918 1507 946 ad
1523 917 1682 954 fabricam,
1698 919 1763 955 quia
1777 919 1918 948 materiae

1073 963 1264 1001 imputribilis
1285 972 1334 1001 per
1355 964 1540 1001 integritatem
1562 965 1661 998 carnis,
1677 966 1827 994 secundum
1849 967 1917 995 illud

1073 1010 1157 1039 Exodi
1174 1010 1305 1047 vigesimo
1320 1011 1416 1047 quinto
1427 1011 1451 1039 ⁶:
1470 1013 1582 1040 Arcam
1597 1012 1630 1040 de
1645 1012 1732 1049 liynis
1746 1013 1827 1041 setim
1843 1022 1917 1042 com-

1070 1057 1180 1094 pinyite
1201 1057 1284 1090 mihi;
1306 1057 1415 1086 Glossa:
1443 1069 1456 1082 «
1472 1058 1565 1095 Ligna
1585 1059 1667 1087 setim
1689 1059 1759 1087 levia
1779 1063 1806 1088 et
1828 1060 1918 1097 impu-

1072 1104 1187 1138 tribilia,
1209 1112 1308 1141 parum
1323 1113 1339 1133 a
1354 1105 1484 1141 qualitate
1505 1105 1583 1134 albae
1604 1106 1697 1142 spinae
1718 1106 1820 1135 distant
1835 1118 1868 1141 »;
1891 1108 1916 1135 in

1072 1159 1127 1188 quo
1148 1150 1230 1179 datur
1253 1151 1364 1188 intelligi
1387 1151 1530 1188 integritas
1543 1152 1677 1189 gloriosae
1691 1153 1825 1190 Virginis,
1847 1162 1918 1191 quae

1072 1198 1157 1234 ipsam
1181 1197 1266 1226 levem
1287 1197 1351 1227 fecit
1372 1199 1549 1227 exonerando
1563 1207 1579 1227 a
1594 1200 1714 1235 pondere
1737 1201 1917 1236 carnalitatis,

1072 1249 1099 1274 et
1114 1245 1321 1283 imputribilem
1337 1246 1535 1282 sequestrando
1550 1254 1566 1274 a
1580 1247 1704 1283 contagio
1719 1249 1917 1284 corruptionis,

1072 1300 1143 1329 quae
1158 1292 1268 1329 quidem
1290 1295 1332 1320 est
1352 1292 1379 1320 in
1401 1300 1485 1329 opere
1500 1293 1598 1321 carnis.
1615 1293 1684 1329 Quid
1700 1294 1771 1322 enim
1787 1294 1861 1323 aliud
1877 1298 1917 1323 est

1074 1338 1214 1375 virginitas
1229 1346 1312 1375 quam
1328 1339 1462 1375 quaedam
1482 1339 1709 1375 imputribilitas?
1731 1340 1805 1369 Unde
1827 1342 1917 1378 Augu-

1072 1386 1160 1414 stinus
1175 1386 1202 1414 in
1217 1385 1288 1414 libro
1299 1385 1332 1414 de
1344 1385 1505 1422 Virginitate
1517 1386 1541 1414 ⁷:
1558 1397 1571 1411 (ι
1581 1386 1728 1423 Virginitas
1742 1391 1783 1416 est
1798 1388 1823 1416 in
1836 1395 1918 1416 carne

1071 1432 1243 1469 corruptibili
1259 1432 1475 1469 incorruptionis
1498 1435 1646 1469 perpetuae
1670 1434 1807 1462 meditatio
1819 1445 1845 1468 »;
1862 1438 1889 1463 et
1903 1442 1918 1463 e

1071 1488 1205 1509 converso
1227 1480 1335 1508 lascivia
1357 1488 1411 1508 non
1426 1483 1466 1508 est
1480 1480 1555 1508 aliud
1570 1488 1653 1517 quam
1671 1481 1796 1517 putredo.
1813 1482 1887 1510 Unde
1902 1490 1918 1510 a

1071 1527 1293 1564 concupiscentia
1308 1527 1362 1555 nati
1379 1530 1444 1555 sunt
1465 1527 1585 1564 putridi;
1602 1528 1646 1556 lob
1664 1528 1770 1556 decimo
1785 1529 1916 1565 septimo:

1074 1574 1230 1602 Patredini
1250 1573 1330 1602 diat-t.-
1347 1573 1437 1602 Pater
1458 1582 1539 1602 meus
1559 1582 1587 1602 cs
1609 1577 1676 1608 etc,;
1700 1574 1772 1603 unde
1793 1583 1843 1603 nos
1858 1578 1917 1603 tan-

1071 1629 1155 1658 quam
1177 1620 1280 1657 putridi
1301 1623 1329 1649 et
1350 1620 1495 1657 putrefacti
1524 1621 1623 1649 merito
1648 1622 1828 1658 corporaliter
1850 1622 1916 1651 inci-

1071 1675 1213 1697 neramur.
1236 1667 1286 1696 Sed
1302 1667 1421 1704 gloriosa
1437 1667 1519 1704 Virgo
1540 1668 1639 1701 Maria,
1661 1668 1732 1697 sicut
1754 1669 1869 1697 vivendo
1890 1673 1916 1697 et

1072 1714 1249 1752 concipiendo
1263 1722 1317 1743 non
1333 1714 1442 1751 putruit
1456 1722 1505 1750 per
1520 1715 1705 1751 corruptelam
1722 1716 1916 1752 concupiscen-

1072 1762 1125 1790 tiae
1139 1761 1269 1795 actualis3
1291 1761 1330 1790 sic
1349 1761 1490 1790 moriendo
1511 1764 1538 1790 et
1557 1762 1724 1798 exspirando
1739 1771 1793 1791 non
1808 1763 1917 1799 putruit

1071 1817 1121 1846 per
1143 1816 1258 1845 poenam
1281 1808 1486 1837 incinerationis
1500 1812 1526 1837 et
1546 1808 1662 1843 vermis;
1684 1812 1711 1837 et
1732 1809 1783 1838 hoc
1805 1810 1915 1846 quidem

1072 1855 1361 1884 convenientissimum
1378 1858 1438 1883 erat
1453 1855 1638 1892 integerrimis
1652 1859 1679 1884 et
1694 1856 1862 1893 incorruptis
1876 1857 1916 1885 vi-

1071 1902 1196 1931 sceribus
1218 1902 1289 1930 uteri
1312 1902 1461 1939 virginalis.

1150 1949 1275 1978 Secundo
1302 1952 1344 1978 est
1373 1957 1438 1978 arca
1467 1950 1637 1983 testamenti,
1665 1950 1730 1986 quia
1760 1958 1916 1978 men-sarae

1071 1996 1302 2034 proportionalis
1324 2004 1373 2033 per
1390 1996 1572 2025 humilitatem
1588 1997 1692 2030 cordis,
1715 1998 1866 2026 secundum
1885 1998 1916 2026 il-

1072 2044 1120 2072 lud
1136 2043 1220 2072 Exodi
1236 2043 1377 2080 trigesimo
1388 2044 1505 2080 septimo
1516 2043 1542 2071 ⁸.-
1556 2044 1582 2071 F
1581 2044 1634 2072 ecit
1645 2044 1763 2072 Beseleel
1776 2048 1800 2072 et
1811 2053 1915 2073 arcam

1072 2091 1106 2119 de
1127 2090 1215 2127 llffliiss
1230 2090 1312 2118 setim
1327 2089 1475 2118 habentem
1490 2090 1564 2118 daos
1578 2091 1664 2119 semis
1685 2090 1796 2119 cubitos
1811 2092 1841 2119 in
1857 2091 1916 2119 lon-

1071 2138 1203 2175 qitzidine
1223 2141 1247 2165 et
1269 2137 1399 2166 cubitum
1420 2146 1456 2165 ac
1476 2137 1622 2165 semissem
1644 2138 1674 2166 in
1696 2138 1858 2172 latitudine,
1875 2139 1917 2167 at-

1073 2185 1165 2213 titttdo
1186 2193 1297 2222 quoque
1318 2185 1409 2212 nnius
1420 2184 1511 2212 cubiti
1530 2183 1588 2221 fait
1602 2188 1627 2213 et
1648 2185 1773 2213 dimittit.
1797 2186 1846 2214 Per
1867 2194 1916 2214 cu-

1073 2231 1165 2260 bitum
1186 2231 1324 2268 integrum
1348 2231 1443 2267 plenae
1466 2239 1611 2260 mensurae
1628 2232 1753 2269 intelligit
1768 2232 1916 2269 perfectam

1073 2279 1204 2307 virtutem
1226 2278 1253 2306 in
1276 2277 1467 2314 prosecutione
1488 2280 1618 2312 actuum,
1640 2286 1689 2315 per
1710 2278 1853 2306 semissem
1878 2279 1917 2307 in—

1074 2325 1170 2362 telligit
1190 2325 1338 2361 perfectam
1361 2324 1543 2353 humilitatem
1567 2325 1592 2353 in
1608 2325 1824 2354 consideratione
1845 2325 1918 2354 defe—

1073 2375 1178 2405 ctuum,
1200 2374 1227 2400 et
1248 2371 1315 2400 haec
1329 2371 1385 2399 duo
1406 2374 1483 2405 sunt,
1502 2379 1573 2408 quae
1587 2371 1652 2399 dant
1674 2379 1831 2400 mensuram
1855 2380 1918 2408 pro-

1073 2418 1331 2455 portionalissimam
1360 2418 1393 2446 ad
1422 2418 1581 2447 sustinenda
1611 2418 1681 2447 dona
1711 2418 1818 2453 divina,
1847 2427 1918 2456 qnae

1073 2474 1123 2495 nec
1138 2466 1239 2494 dantur
1261 2465 1462 2502 negligentibus
1483 2473 1532 2494 nec
1551 2465 1652 2494 dantur
1667 2466 1876 2502 arrogantibus;
1892 2470 1918 2494 et

1074 2513 1142 2541 haec
1168 2512 1224 2541 duo
1252 2512 1477 2549 praecipuissime
1502 2513 1616 2541 fuerunt
1638 2513 1662 2541 in
1687 2513 1797 2549 Virgine
1818 2513 1918 2547 Maria,

1073 2567 1145 2596 quae
1166 2559 1248 2587 simul
1270 2559 1322 2587 suit
1343 2559 1480 2596 perfectae
1505 2558 1616 2587 virtutis
1637 2562 1664 2587 et
1692 2559 1843 2595 profundae
1867 2560 1918 2587 hu-

1073 2606 1204 2635 militatis.
1227 2606 1303 2640 Nam,
1325 2614 1389 2634 cum
1405 2606 1454 2634 sibi
1471 2606 1626 2635 diceretur:
1650 2606 1780 2643 Spiritus
1798 2610 1918 2634 sanetas

1073 2653 1255 2690 superveniet
1276 2653 1308 2680 in
1329 2656 1368 2686 te,
1394 2652 1451 2689 ipsa
1471 2652 1592 2681 dicebat:
1618 2653 1696 2686 Ecce,
1725 2653 1833 2681 ancilla
1863 2653 1917 2681 Do-

1074 2699 1149 2728 mini
1169 2703 1236 2733 etc.;
1259 2700 1326 2728 haec
1348 2702 1390 2728 est
1410 2708 1542 2728 mensura
1569 2700 1594 2727 in
1618 2700 1762 2733 omnibus3
1784 2700 1856 2728 unde
1884 2700 1917 2728 ad

236 2866 242 2878 ¹
262 2866 391 2894 Respicitur
408 2866 456 2888 Gal.
474 2865 495 2893 4,
513 2865 534 2887 4.
551 2868 573 2887 et
590 2866 673 2888 deinde
691 2865 759 2888 Hebr.
782 2867 799 2894 l,
817 2867 839 2888 9.

235 2904 244 2917 ²
262 2906 291 2927 Ex
309 2905 359 2927 rod.
378 2904 506 2926 Monacensi
524 2905 553 2927 W
571 2905 607 2926 fol.
626 2904 670 2926 219
688 2911 710 2926 v.

235 2942 243 2955 ³
264 2944 328 2965 VCI'S.
349 2944 381 2965 19.
622 2942 630 2955 ⁴²
649 2943 778 2970 Respicitur
796 2944 864 2966 Exod.
883 2944 919 2972 30,
937 2944 1017 2965 26-30.

237 2982 245 2994 '³
263 2983 386 3010 Exponitnr
404 2985 491 3004 tantum
509 2982 611 3010 primum
629 2982 749 3004 divisionis
766 2982 907 3005 membrum.

1136 2865 1146 2877 ⁶
1165 2867 1227 2888 γει-ς..
1250 2866 1283 2887 10.
1300 2871 1353 2887 cum
1372 2866 1451 2887 Glossa
1469 2864 1593 2887 ordinaria
1607 2865 1668 2892 apitii
1683 2865 1796 2892 tyrannm
1811 2870 1835 2886 cx
1851 2865 1917 2889 Beda,

1075 2906 1089 2927 1,
1107 2905 1135 2927 (lc
1154 2904 1281 2926 Tabernae.
1299 2911 1319 2926 c.
1338 2904 1356 2926 12.

1138 2943 1145 2955 ⁷
1164 2943 1218 2971 Cap.
1241 2943 1274 2965 13.
1291 2949 1314 2965 n.
1336 2944 1370 2965 12.
1386 2955 1416 2959 -
1435 2943 1542 2971 Sequitur
1560 2942 1598 2965 lob
1620 2943 1654 2970 17,
1675 2942 1708 2965 it.

1137 2981 1145 2994 a
1164 2982 1227 3004 Vers.
1250 2983 1272 3008 l;
1290 2982 1393 3010 sequitur
1410 2983 1463 3004 Luc.
1485 2982 1503 3008 1,
1521 2981 1558 3003 35.
1576 2982 1611 3003 38.

1935 644 1979 662 Pars
1993 644 2006 661 Ι.
2020 644 2053 662 Fa-

1934 667 1986 685 brica
1998 668 2053 694 huius

1930 695 1984 709 arcae
1997 695 2055 709 consr-

1928 713 2005 732 deratui·
2017 719 2062 737 qua-

1934 736 2050 760 ‹ii-upliciter.

1936 877 1961 895 De
1975 877 2042 900 primo.

1932 1953 1959 1972 De
1972 1954 2060 1973 seeundo.
