2243 3348
218 680 250 697 Est
262 679 345 702 signatus

236 703 245 720 7
259 701 331 725 sigillis.

219 1051 269 1074 Quae
282 1052 325 1069 sunt
338 1050 348 1068 7

230 1074 336 1092 considera-

250 1098 317 1116 tiones.

278 1121 347 1139 Prima.

255 1283 346 1303 Secunda.

278 1796 348 1815 Tertia.

274 2171 349 2194 Quarta.

275 2403 350 2427 Quinta.

290 2545 352 2563 Sexta.

362 223 419 251 264

362 301 413 329 Iste
441 301 509 329 liber
530 300 689 336 designatur
711 306 759 335 per
783 298 883 326 librum
907 296 1005 332 Moysi,
1027 295 1060 323 de
1081 302 1137 331 quo
1164 294 1205 322 di-

361 348 443 380 citnr,
464 347 538 384 quod
559 346 702 382 accipiens
717 345 827 381 Moyses
848 342 1022 379 sanyuinem
1045 340 1203 369 vitulorum

361 398 385 422 el
413 392 562 422 hircorum
591 400 657 420 eum
680 399 759 428 aqua
781 393 805 417 el
837 389 908 417 lana
934 388 1066 416 coccinea
1093 390 1117 415 et
1139 385 1205 423 hys-

360 449 446 477 sopo,
475 440 569 476 ipsum
600 446 710 476 quoque
739 436 847 464 librum
875 439 900 463 et
927 442 1035 463 omnem
1063 433 1206 470 populum

361 486 493 523 aspersit.
523 501 559 505 —-
588 484 713 512 Christus
742 482 814 511 enim
842 488 972 517 aspersus
1004 484 1046 508 est
1073 479 1206 515 sanguine

362 534 505 561 emanante
528 539 576 567 per
598 530 727 558 sudorem
743 532 770 557 et
791 527 1017 564 flagellationem,
1033 529 1059 554 et
1074 525 1206 561 sanguine

362 581 488 607 manante
516 585 530 606 e
558 577 666 605 duabus
693 575 820 604 manibus
848 577 875 602 et
902 574 1011 602 duobus
1040 573 1155 610 pedibus
1180 575 1206 600 et

362 626 446 653 latere
475 624 568 660 ipsius.
592 623 622 651 Et
643 623 695 651 isto
715 621 848 658 sangnine
870 621 964 649 omnis
984 619 1110 656 populiis
1132 619 1206 647 chri-

362 672 467 700 stianus
487 674 527 698 est
548 678 694 706 aspersus.
713 685 747 688 —
764 669 815 697 Iste
835 668 902 696 liher
918 667 1041 704 signatus
1056 669 1097 695 est
1111 666 1207 702 sigillis

362 721 465 754 septem
488 720 515 746 et
536 719 650 752 apertus
671 723 720 751 per
742 714 955 743 internecionem
978 713 1060 749 signi,
1082 713 1156 741 unde
1178 712 1205 740 in

362 763 536 800 Apocalypsi:
565 763 630 790 Vidi
650 762 681 790 in
702 762 808 790 dextra
828 761 951 789 sedentis
964 768 1054 797 super
1070 758 1207 788 [ln-ouum

363 811 469 839 librum
484 810 627 846 seriptum
643 809 722 837 intus
737 813 761 836 el
775 807 866 845 foris,
881 807 1032 844 simiarum
1046 806 1152 843 sigyillis
1165 815 1207 834 se-

360 862 444 894 ptem.
471 858 504 885 Et
517 856 579 885 vidi
594 858 711 893 Agyrium
733 854 838 892 sortem
852 854 1075 895 etc.;vsequitur:
1094 853 1207 890 Diynus

363 913 407 938 es,
433 904 564 937 Domine,
587 903 716 939 accipere
738 902 847 930 librum
868 906 893 929 et
915 901 1030 938 aperire
1051 899 1208 937 siynacula

363 952 433 979 eius.

443 997 551 1033 Septem
573 996 672 1033 simila
693 998 757 1024 sunt
779 998 881 1031 septem
904 993 1136 1022 considerationes
1150 1001 1208 1029 pas-

364 1043 447 1071 sionis
468 1042 584 1075 Christi,
606 1049 676 1078 qnas
697 1041 769 1069 circa
790 1040 953 1069 dominicam
980 1039 1132 1076 passionem
1161 1038 1208 1067 de-

364 1090 409 1118 bet
424 1089 540 1126 quilibet
561 1088 742 1117 considerare.
760 1087 846 1115 Prima
869 1086 1050 1115 consideratio
1065 1089 1118 1119 est,
1134 1085 1207 1122 quod

364 1136 491 1164 Christus
512 1135 565 1163 suit
584 1138 675 1163 morte
696 1135 857 1162 damnatus
884 1137 943 1170 post
964 1133 1066 1161 multas
1094 1132 1208 1160 ventila-

365 1182 467 1215 tiones;
491 1181 562 1210 unde
584 1181 710 1209 convenit
732 1180 754 1208 ei
779 1180 846 1208 illud
863 1181 887 1207 ¹:
913 1179 1012 1207 Causa
1041 1182 1092 1206 tua
1121 1178 1209 1216 quasi

364 1228 449 1265 impii
479 1228 629 1261 <infucatim
650 1230 677 1256 et
699 1227 724 1254 in
748 1227 817 1255 libro
839 1226 1006 1262 Sapientiae:
1037 1226 1125 1253 Morte
1146 1229 1207 1253 tur-

361 1275 488 1311 pissima
509 1275 729 1303 condemnemus
750 1282 824 1301 eum..
847 1289 884 1293 —-
906 1272 1031 1301 Secunda
1052 1271 1208 1300 considera-

365 1322 402 1349 tio
423 1321 556 1358 passionis
577 1321 677 1349 Christi
700 1323 756 1353 est,
778 1319 850 1356 quod
873 1319 925 1347 fuit
946 1318 1112 1355 opprobriis
1140 1317 1208 1355 alfe-

364 1372 435 1396 clus.
458 1368 524 1404 Quis
539 1370 630 1404 posset
644 1367 800 1403 explicare,
815 1373 886 1402 quae
901 1370 927 1393 et
949 1365 1041 1401 qualia
1059 1364 1209 1401 opprobria

365 1414 388 1443 ei
410 1414 478 1443 facta
494 1414 608 1442 suerunt
629 1414 656 1441 in
675 1413 756 1441 domo
778 1412 904 1449 Caiphae,
927 1411 1037 1448 quando
1059 1411 1148 1439 velata
1168 1414 1209 1439 est

365 1462 424 1489 eius
445 1461 527 1489 facies
548 1464 574 1488 et
595 1460 683 1496 sputis
704 1459 787 1492 illita,
809 1458 919 1495 quando
947 1458 1094 1486 flectebant
1115 1465 1207 1486 coram

365 1516 396 1536 eo
410 1515 509 1544 genua,
524 1507 644 1535 diceutes
656 1506 666 1521 ‘2
681 1505 844 1534 deridendo:
862 1507 882 1533 A
891 1514 936 1538 ue,
954 1513 1004 1532 rer
1022 1504 1207 1532 ludaeorum.

365 1554 441 1582 Tunc
462 1553 552 1590 potuit
565 1553 671 1581 dicere:
696 1553 754 1589 Epo
775 1560 840 1579 sum
858 1551 964 1579 vermis
985 1554 1009 1579 et
1030 1559 1088 1579 uon
1110 1550 1208 1584 laonio,
1232 1549 1234 1551 ’

365 1599 553 1636 opprobrium
577 1598 728 1627 hominum
749 1603 772 1626 et
796 1598 915 1626 abiectio
935 1597 1033 1634 plebis.
1053 1598 1156 1625 Omnes
1171 1597 1210 1625 vi-

365 1646 460 1674 dentes
474 1655 518 1674 me
532 1646 696 1674 deriserunt
711 1654 765 1679 me,
780 1645 869 1673 loculi
882 1648 951 1672 sunt
965 1644 1051 1672 labiis
1072 1647 1096 1672 el
1117 1652 1209 1672 mooe-

366 1697 436 1721 runt
457 1697 563 1730 eaput;
583 1693 678 1721 isaias:
701 1693 832 1721 Vidimus
847 1700 923 1725 euni,
939 1695 964 1720 ec
978 1700 1036 1720 non
1051 1695 1114 1719 erat
1128 1700 1210 1728 aspe—

366 1744 444 1773 ccziS,
467 1744 491 1768 el
512 1740 744 1768 desideravimus
766 1748 848 1772 eum,
875 1739 1038 1775 despectum
1063 1742 1087 1766 et
1114 1738 1211 1766 novis-

365 1787 474 1815 simum
489 1786 632 1814 virorum.
649 1802 686 1805 —
698 1786 790 1814 Tertia
804 1785 985 1814 consideratio
999 1787 1055 1818 est,
1071 1784 1145 1821 quod
1159 1784 1212 1812 fuit

366 1833 504 1862 conuiciis
525 1833 691 1867 lacessitus,
713 1832 843 1869 quoniam
860 1835 1029 1860 vocaverunt
1043 1839 1106 1860 eum
1130 1831 1211 1860 sedu-

367 1884 470 1909 ctorem
493 1884 519 1909 et
534 1880 800 1916 blasphematorem,
822 1879 944 1907 dicentes
959 1879 985 1906 ³:
1008 1877 1084 1912 Vah,
1100 1878 1152 1916 qui
1165 1878 1212 1906 de-

365 1927 459 1956 struis
480 1927 615 1964 templum
641 1926 691 1954 Dei
711 1930 735 1954 et
757 1926 787 1954 iii
807 1926 905 1954 triduo
930 1925 1004 1954 illud
1022 1924 1211 1962 reaedificas!

367 1974 468 2003 Omnes
488 1973 610 2002 insuriati
633 1976 698 2002 sunt
722 1973 750 2001 in
779 1973 869 2009 ipsum
899 1975 925 2000 et
950 1972 1213 2008 blasphemaverunt

367 2028 441 2054 eum,
463 2020 599 2049 dicentes:
622 2020 703 2048 Alios
717 2019 815 2048 saluos
828 2019 912 2056 feeit,
928 2028 957 2047 se
971 2019 1069 2056 ipsum
1083 2027 1142 2046 non
1150 2022 1212 2055 pot-

367 2071 406 2095 est
417 2067 532 2096 salvum
543 2066 649 2104 faeere.
658 2068 735 2095 Tunc
746 2067 836 2104 potuit
846 2067 937 2095 dicere
948 2066 1089 2095 Christus:
1103 2067 1123 2094 Α
1131 2066 1212 2094 dver-

366 2123 432 2142 sum
448 2123 491 2142 me
511 2114 702 2152 loquebantur
717 2114 769 2152 qui
786 2113 917 2142 bibebant
930 2113 1031 2141 viuum
1047 2117 1097 2141 etc.
1112 2113 1146 2141 Ec
1165 2111 1212 2149 fa-

367 2165 445 2189 ctum
459 2165 499 2189 est
514 2161 544 2189 in
559 2161 749 2198 opprobrium
765 2159 844 2188 milii.
862 2177 898 2180 —
913 2160 1017 2196 Quarta
1032 2159 1213 2188 consideratio

367 2211 417 2242 est,
429 2208 502 2245 quod
514 2208 565 2236 fuit
577 2208 702 2236 vinculis
714 2208 822 2245 ligyatus
837 2211 863 2236 et
873 2206 1048 2244 flayellatus,
1061 2207 1097 2235 ita
1109 2210 1140 2235 ut
1151 2214 1213 2235 san-

367 2255 428 2292 gnis
449 2255 621 2292 deguttaret;
644 2255 768 2283 Psalmus
782 2255 809 2282 4:
826 2254 886 2282 Fui
904 2253 1069 2291 J'thyellacus
1084 2257 1143 2281 lota
1157 2253 1212 2287 die,

368 2305 392 2329 et
413 2302 567 2338 easti'yatio
589 2310 653 2330 mea
675 2302 706 2330 iii
726 2301 888 2329 matutinis.
911 2301 962 2337 Qui
986 2301 1037 2329 hoc
1069 2300 1213 2337 diligenter

368 2348 554 2377 consideraret
576 2351 689 2385 paratus
710 2351 781 2377 esset
805 2348 897 2376 omnia
927 2347 1045 2376 ludibria
1067 2355 1117 2384 pro
1139 2347 1215 2375 Chri-

369 2398 410 2423 sto
432 2395 577 2423 sustinere.
600 2412 636 2414 —
659 2395 759 2431 Quinta
780 2394 961 2423 consideratio
983 2397 1039 2428 est,
1068 2393 1141 2431 quod
1169 2402 1214 2421 ve-

368 2442 509 2470 stimentis
530 2441 590 2478 fuit
610 2442 753 2479 spoliatus
762 2452 771 2475 ;
800 2442 938 2470 Psalmus:
964 2441 1133 2469 Divis-erunt
1158 2440 1214 2468 sibi

369 2489 536 2517 vestimenta
557 2497 621 2517 mea
642 2492 709 2523 etc.;
733 2488 805 2517 unde
827 2488 918 2516 nudus
943 2488 995 2516 suit
1016 2488 1067 2516 iste
1094 2487 1141 2524 qui
1171 2496 1214 2515 ve-

369 2536 447 2564 stivit
469 2536 533 2564 lilia
555 2536 625 2573 αρν-ί
638 2536 657 2564 ⁵.
680 2552 718 2555 —-
740 2536 823 2564 Sexta
851 2535 1033 2563 consideratio
1061 2538 1117 2568 est,
1140 2534 1214 2571 quod

369 2582 422 2610 fuit
443 2582 533 2610 clavis
555 2582 739 2620 transfossus
753 2585 780 2610 et
795 2582 821 2609 in
841 2582 929 2610 medio
945 2582 1082 2609 latronum
1099 2589 1215 2617 suspen—

369 2636 425 2657 sus.
450 2629 512 2657 Eius
533 2629 623 2665 passio
643 2629 695 2657 fuit
716 2629 813 2657 durior
834 2636 917 2665 quam
939 2628 1057 2656 alicuius
1080 2627 1214 2661 hominis,

370 2675 434 2712 quia
449 2675 508 2704 eius
523 2675 677 2711 complexio
693 2675 841 2704 tenerrima
856 2674 923 2708 fuit,
939 2674 1064 2703 similiter
1079 2677 1106 2703 et
1121 2674 1213 2708 nervi;

370 2722 494 2751 Psalmus
508 2722 534 2750 ⁶:
558 2722 706 2750 Foderunt
726 2730 835 2750 manus
864 2730 943 2749 meas
971 2724 996 2749 et
1016 2721 1099 2757 pedes
1121 2729 1213 2754 meos,

434 2847 441 2860 ¹
460 2848 499 2870 lob
517 2849 553 2875 36,
574 2848 612 2875 ¹73
629 2849 732 2877 seqnitur
750 2849 804 2876 Sap.
822 2849 845 2875 2,
865 2848 901 2870 20.

434 2887 442 2901 ‘³
461 2888 536 2910 Matth.
554 2887 590 2914 27,
609 2888 651 2914 293
669 2890 797 2916 sequuntur
815 2888 849 2909 ps.
866 2888 902 2914 21,
915 2887 937 2909 7.
953 2893 1002 2916 seq.
1014 2890 1035 2909 et
1047 2888 1096 2909 lsai.
1109 2888 1145 2915 53,
1159 2888 1180 2909 2.
1194 2888 1215 2909 3.

434 2925 442 2938 ³
460 2927 535 2948 illatth.
554 2926 590 2955 27,
609 2926 645 2948 40.
665 2926 704 2954 42;
722 2926 825 2955 sequitur
844 2927 877 2948 Ps.
896 2927 933 2953 68,
954 2926 989 2948 13.
1013 2927 1047 2948 il.

434 2965 443 2977 ⁴
461 2966 542 2988 Psalm.
559 2966 596 2993 72,
615 2966 656 2992 ΜΗ
674 2966 777 2994 sequitur
796 2967 829 2988 Ps.
848 2967 885 2993 21,
907 2966 940 2987 19.

434 3003 443 3015 ⁵
461 3005 536 3027 Matth.
554 3005 575 3033 6,
595 3006 631 3027 28.
650 3006 686 3027 30.

1021 217 1192 246 SERMONES
1213 217 1256 245 DE
1277 216 1440 244 TEMPORE.

1262 293 1524 321 dini(mei-acerum
1546 292 1645 321 omnia
1663 300 1731 320 ossa
1745 300 1810 320 mea
1818 303 1828 326 ,·
1850 292 1945 320 lsaias:
1969 292 2106 321 Vulnera-

1263 343 1309 367 tus
1340 343 1380 367 est
1408 343 1528 376 propter
1553 338 1722 376 iniquitates
1752 342 1887 372 nostras,
1919 339 2038 367 attritus
2066 341 2107 366 est

1260 389 1381 422 propter
1401 385 1510 413 seelera
1530 388 1641 413 nostra.
1664 401 1702 405 —-
1723 385 1823 413 Ultima
1844 385 2024 413 consideratio
2046 392 2106 421 pas·
2122 392 2213 416 Septima.

1263 431 1346 459 sionis
1367 431 1467 459 Christi
1491 434 1547 464 est,
1569 430 1643 467 quod
1664 430 1716 459 fnit
1737 429 1800 467 selle
1820 434 1845 458 el
1866 434 1944 459 aceto
1972 434 2106 467 polanis,-
2234 442 2239 483 ἱ

1264 478 1387 506 Psalmus
1402 478 1428 505 ⁷:
1453 478 1598 506 Dederunl
1620 478 1651 505 in
1672 486 1767 505 eseam
1789 486 1885 505 meam
1905 476 1945 514 fel
1965 481 2015 506 etc.
2033 478 2108 506 loan-
2236 487 2239 508 i

1264 532 1312 553 nes
1332 524 1413 558 dicit,
1435 524 1508 560 quod
1531 524 1567 552 ibi
1589 527 1794 552 consummata
1815 527 1856 552 est
1878 524 1998 560 passio,-
2020 524 2108 558 unde,
2236 518 2238 523 '

1263 570 1309 599 ubi
1332 570 1433 606 incepit
1455 570 1652 607 transgressio,
1674 570 1710 599 ibi
1733 574 1925 599 consummata
1945 573 1986 599 est
2001 570 2108 599 redem-

1265 616 1329 653 ptio.
1346 633 1382 636 —
1398 617 1450 644 Ista
1470 616 1603 645 debemus
1624 616 1784 653 frequenter
1806 616 1938 645 reducere
1956 617 1990 645 ad
2006 624 2108 646 memo-

1264 664 1349 697 riam,
1376 663 1503 692 Ieremias
1517 663 1544 691 ⁸:
1567 664 1731 692 Recordare
1756 664 1943 700 paupertatis
1965 668 1989 692 ec
2011 668 2109 692 trans-

1263 710 1422 747 messionis
1450 718 1546 744 meae,
1575 709 1716 738 absinthii
1745 713 1769 738 el
1796 709 1880 747 fellis.
1908 710 1982 738 Patet
2012 710 2108 745 modo,

1264 757 1401 794 quomodo
1422 757 1473 785 iste
1494 756 1563 785 liber
1584 757 1719 793 siynalus
1740 761 1782 785 est
1800 756 1905 794 sigillis
1926 760 2038 794 septem.

1345 804 1395 832 lste
1416 807 1457 832 est
1478 803 1549 832 liber
1563 807 1670 838 noster,
1692 803 1779 840 etqui
1804 804 1914 840 respicit
1929 811 1992 832 eum
2008 804 2109 832 abhor-
2123 811 2150 831 oe
2163 812 2229 839 totoni

1264 854 1307 879 ret
1328 858 1406 884 e1nn3
1429 850 1475 887 qui
1498 853 1591 879 autem
1615 853 1807 887 perscrutatur
1831 858 1894 878 eum
1925 850 2043 879 interius
2063 850 2110 879 de·
2157 835 2211 855 ”bm’

1265 898 1382 926 lectatur
1404 898 1485 926 ineo.
1509 898 1536 925 ln
1559 897 1610 926 isto
1633 897 1703 926 libro
1724 897 1827 934 scripta
1841 901 1882 926 est
1903 900 1959 926 tota
1977 897 2110 934 sapientia

1265 944 1382 978 Christi;
1405 944 1478 973 unde
1500 944 1644 980 impletum
1666 947 1708 972 est
1728 944 1755 972 in
1782 952 1814 972 eo
1842 944 1909 972 illud
1938 944 2067 973 leremiae
2082 944 2108 972 ⁹:

1272 990 1345 1019 Tolle
1367 991 1495 1019 volumen
1520 990 1600 1024 libri,
1623 994 1647 1019 et
1667 990 1775 1019 scribes
1790 990 1822 1019 in
1840 999 1870 1019 eo
1889 991 1990 1019 omnia
2010 990 2109 1024 verba,

1265 1046 1339 1075 quae
1360 1037 1473 1066 loculus
1494 1046 1560 1066 sum
1582 1037 1641 1066 tibi.
1664 1037 1715 1066 Sed
1730 1037 1796 1074 quid
1812 1037 1946 1074 scriptum
1962 1037 1997 1066 sit
2011 1037 2037 1066 in
2053 1037 2109 1072 illo,

1265 1088 1360 1113 narrat
1382 1085 1521 1113 Ezechiel:
1543 1085 1650 1113 Manus
1671 1085 1764 1113 missa
1785 1084 1825 1113 ad
1845 1093 1905 1118 me,
1928 1084 1958 1113 in
1973 1093 2033 1122 qua
2047 1087 2110 1113 erat

1265 1131 1413 1159 involutus
1435 1131 1515 1165 liber,
1537 1134 1561 1159 el
1580 1131 1708 1168 scriptae
1729 1135 1813 1160 erant
1834 1131 1866 1159 in
1880 1140 1910 1160 eo
1932 1131 2110 1159 lamentatio-

1264 1186 1314 1206 nes
1335 1182 1359 1206 et
1380 1186 1500 1206 carmen
1521 1182 1546 1206 et
1566 1186 1627 1206 vae.
1651 1178 1679 1206 ln
1701 1178 1752 1206 isto
1767 1181 1859 1206 antem
1881 1178 1952 1206 libro
1973 1177 2026 1206 tria
2046 1177 2112 1206 scri·
2127 1184 2234 1212 Triaiuipi

1266 1227 1312 1260 pta
1333 1228 1412 1253 sunt:
1436 1224 1556 1261 primum
1579 1227 1636 1258 est,
1658 1224 1777 1261 qualiter
1797 1228 1947 1261 peceatum
1978 1223 2111 1253 debemus
2150 1209 2225 1232 ‘mum’

1266 1271 1364 1304 odire,·
1386 1271 1537 1299 secundum
1561 1274 1614 1304 est,
1637 1271 1755 1308 qualiter
1777 1271 1910 1299 debemus
1934 1271 2022 1299 Deum
2044 1270 2112 1299 dili·
2240 1233 2243 1343 1

1263 1326 1347 1354 9ere;
1370 1317 1483 1345 tertium
1506 1321 1562 1351 est,
1584 1318 1703 1354 qualiter
1725 1317 1870 1346 iudicium
1891 1317 2024 1346 debemus
2048 1316 2111 1355 for-

1265 1364 1388 1392 midare.
1412 1364 1515 1398 Videte,
1538 1364 1675 1400 quomodo
1697 1364 1748 1392 ista
1769 1364 1943 1393 addiscimus.
1973 1363 1997 1392 Si
2024 1366 2111 1392 atten-

1265 1410 1364 1439 damus
1386 1419 1508 1439 eausam
1528 1410 1678 1447 passionis
1699 1410 1814 1444 Christi,
1836 1410 2002 1439 addiscimus
2016 1418 2111 1447 pecca-

1267 1460 1325 1485 tum
1347 1457 1439 1491 odire3
1462 1457 1483 1485 si
1506 1457 1681 1486 attendamus
1693 1466 1851 1494 personam
1863 1457 2018 1494 patientis,
2040 1457 2112 1485 addi·
2242 1462 2243 1495 l

1266 1504 1368 1532 scimus
1390 1504 1477 1532 Deum
1499 1504 1628 1541 diligere;
1652 1505 1673 1533 si
1695 1505 1870 1533 attendamus
1885 1504 2035 1541 passionis
2055 1504 2112 1533 uti·
2242 1498 2243 1519 ¹

1267 1550 1390 1585 litatem,
1412 1551 1580 1580 addiscimus
1601 1551 1732 1579 iudicium
1755 1551 1912 1580 formidare.

1346 1598 1436 1626 Primo
1467 1598 1543 1632 dico,
1575 1598 1596 1627 si
1629 1598 1802 1627 attendamus
1824 1606 1947 1626 calisam
1980 1598 2113 1635 passionis
2124 1605 2234 1632 quapsane

1266 1644 1384 1679 Christi,
1406 1644 1572 1673 addiscimus
1584 1649 1737 1682 peceatum
1759 1645 1848 1674 odire.
1870 1645 1945 1681 Quae
1959 1645 2011 1674 fuit
2030 1652 2113 1674 causa
2131 1629 2239 1693 32¹3ssss

1267 1692 1401 1728 passionis
1422 1691 1543 1720 Christi?
1564 1691 1643 1720 Certe
1666 1695 1817 1728 peccatum.
1848 1692 1991 1720 Peccatum
2020 1694 2113 1720 autem
2137 1675 2240 1717 affirm-0.

1268 1747 1321 1767 non
1344 1739 1418 1767 venit
1439 1739 1465 1766 in
1488 1739 1607 1767 animam
1630 1738 1680 1767 nisi
1698 1741 1811 1775 propter
1832 1746 1954 1767 amorem
1976 1738 2114 1767 inordina-

1269 1788 1329 1814 tum
1351 1785 1543 1822 temporalium
1563 1787 1743 1822 potestatum,
1759 1788 1807 1814 aut
1823 1785 2014 1822 temporalium
2037 1784 2115 1813 celsi-

1269 1832 1412 1866 tudinum,
1434 1835 1483 1861 aut
1505 1832 1697 1868 temporalium
1720 1832 1874 1866 honorum,
1899 1831 1957 1860 sive
1977 1835 2115 1868 tempora-

1269 1879 1337 1908 lium
1358 1879 1509 1916 gloriarum
1532 1879 1589 1908 sive
1611 1879 1740 1913 laudum,
1759 1882 1807 1907 aut
1828 1879 1968 1916 quietum,
1984 1881 2033 1907 aut
2046 1878 2115 1907 divi-

1270 1926 1385 1960 tiarum,
1401 1929 1449 1954 aut
1464 1926 1622 1960 libidinum,
1638 1929 1686 1954 aut
1700 1926 1898 1962 epulationum.
1915 1942 1951 1945 —
1966 1925 1994 1954 ln
2010 1928 2114 1962 septem

1269 1973 1328 2001 istis
1344 1975 1399 2001 tota
1414 1973 1612 2009 praevaricatio
1628 1973 1750 2001 humana
1764 1972 1895 2001 consistit.
1912 1972 2026 2009 Propter
2041 1972 2115 2000 inor-

1269 2019 1393 2048 dinatum
1415 2027 1536 2048 amorem
1567 2019 1760 2056 temporalium
1789 2022 1956 2056 potestatum
1977 2019 2114 2048 efficimur

1269 2066 1347 2100 elati,
1370 2069 1484 2103 propter
1506 2074 1627 2095 amorem
1644 2066 1831 2095 inordinatum
1848 2066 2042 2103 temporalium
2064 2066 2116 2095 cel-

1270 2113 1421 2141 situdinum
1437 2112 1580 2151 efficimur
1596 2113 1696 2141 inanis
1709 2113 1822 2150 plor-iae
1837 2113 1939 2150 cupidi
1950 2113 1972 2129 ¹⁰
1987 2113 2044 2142 sive
2058 2120 2115 2141 am-

1270 2160 1375 2194 bitiosi;
1408 2163 1522 2196 propter
1551 2167 1674 2188 amorem
1702 2160 1888 2188 inordinatum
1921 2160 2114 2196 temporalium

1270 2206 1407 2235 honorum
1431 2206 1568 2235 efficimur
1590 2206 1689 2240 invidi;
1706 2209 1819 2243 propter
1840 2214 1963 2235 amorem
1978 2206 2116 2235 inordina-

1270 2255 1329 2281 tum
1351 2253 1545 2289 temporalium
1576 2253 1687 2282 laudum
1717 2253 1774 2281 sive
1801 2253 1952 2289 gloriarum
1980 2252 2116 2281 efficimur
2162 2267 2167 2274 -.

1270 2300 1348 2333 irati;
1378 2303 1491 2336 propter
1519 2308 1640 2329 amorem
1670 2301 1811 2337 quietum,
1833 2299 1974 2332 accidiosi;
2003 2303 2116 2336 propter

1270 2355 1392 2375 amorem
1405 2347 1573 2381 divitiarum,
1589 2347 1663 2375 avari
1676 2358 1681 2381 ;
1697 2349 1810 2384 propter
1825 2354 1946 2375 amorem
1962 2346 2117 2380 libidinum,

1271 2394 1426 2428 lnxuriosi;
1448 2397 1561 2430 propter
1582 2401 1704 2422 amorem
1720 2394 1907 2422 inordinatum
1927 2393 2116 2430 epulationum

1270 2440 1407 2469 efficimur
1429 2441 1526 2477 gulosi.
1549 2442 1618 2469 Haec
1640 2444 1705 2470 sunt
1728 2444 1831 2478 septem
1853 2441 1953 2478 capita
1978 2440 2117 2469 draconis
2134 2446 2237 2488 Septffimess

1270 2488 1428 2516 introducta
1443 2488 1469 2516 in
1485 2488 1580 2517 orbem
1597 2492 1746 2517 terrarum.
1762 2504 1798 2508 —
1814 2488 1892 2516 Modo
1907 2487 2040 2516 Dominus
2054 2495 2117 2516 nos·
2134 2472 2237 2535 ''maier-{⁰¹1

1272 2537 1312 2563 ter
1334 2534 1409 2563 Iesus
1430 2534 1572 2569 Christus,
1594 2535 1641 2571 qui
1663 2534 1786 2564 medicus
1806 2542 1923 2571 magnus
1943 2537 1984 2562 est
2002 2537 2029 2563 et
2043 2533 2117 2563 venit
2133 2517 2238 2582 {iiiifffssnlxj

1271 2582 1378 2610 solvere
1399 2589 1484 2618 opera
1497 2581 1613 2616 diaboli,
1629 2582 1716 2610 voluit
1730 2581 1821 2618 primo
1835 2581 1959 2610 damnari
1980 2584 2007 2609 et
2027 2583 2117 2609 morte
2141 2568 2182 2583 ΜΠ
2203 2568 2226 2587 ¹³³

1271 2628 1422 2656 adiudicari
1444 2628 1478 2657 ad
1506 2628 1671 2665 expiandam
1700 2629 1851 2657 humanam
1880 2627 2046 2664 nequitiam;
2075 2626 2117 2656 se—

1272 2674 1377 2708 cundo,
1399 2675 1432 2703 ad
1454 2675 1619 2712 expiandam
1649 2676 1798 2704 humanam
1826 2674 2011 2712 arrogantiam
2030 2674 2118 2703 voluit

1271 2721 1428 2757 opprobriis
1456 2722 1543 2756 affici;
1579 2722 1672 2756 tertio,
1705 2722 1736 2750 ad
1771 2721 1934 2758 expiandam
1969 2722 2116 2749 humanam

1335 2847 1344 2860 ⁶
1363 2849 1444 2870 Psalm.
1461 2849 1497 2876 21,
1520 2848 1554 2870 17.
1571 2854 1633 2877 seq.;
1650 2848 1755 2876 sequitur
1771 2848 1821 2869 lsai.
1838 2847 1879 2875 53,
1897 2847 1919 2870 5.

1336 2886 1344 2899 ⁷
1363 2888 1444 2909 psalm.
1462 2888 1499 2914 68,
1517 2888 1559 2914 22;
1581 2887 1664 2909 deinde
1685 2887 1806 2915 respicitur
1829 2887 1888 2909 loan.
1911 2886 1949 2912 19,
1971 2886 2013 2908 30:
2036 2884 2116 2908 Dixit.-

1273 2926 1470 2949 Consnmmsitmn
1488 2928 1528 2949 est.
1905 2923 1913 2937 ⁵¹
1932 2925 2018 2947 Thren.
2035 2924 2061 2951 3,
2080 2924 2117 2946 rlii.

1335 2964 1344 2977 ⁹
1361 2965 1416 2993 Cap.
1435 2966 1477 2992 36,
1495 2966 1521 2993 2;
1539 2966 1643 2994 sequitur
1660 2966 1739 2987 Ezech.
1759 2966 1785 2991 2,
1803 2965 1824 2986 9.

1335 3003 1355 3016 ¹0
1372 3004 1501 3032 Respiciinr
1519 3005 1567 3026 Gal.
1585 3005 1611 3031 5,
1630 3004 1672 3031 26,
1689 3004 1773 3026 deinde
1791 3005 1861 3031 Apoc.
1880 3004 1921 3030 ¹12,
1940 3003 1961 3025 3,
