2243 3348
0 1063 2 1074 ε
25 1055 49 1077 lo,
62 1054 86 1074 de

0 1087 2 1097 l
29 1079 73 1097 ὶῑᾶῑθ

6 1103 62 1126 eique

5 1129 32 1148 1111,
46 1130 84 1144 [Πο-

3 1148 66 1175 duusu.

0 1524 82 1544 &ranci-

22 1552 53 1566 tus.

591 125 633 153 DE
655 126 680 153 S.
704 124 806 153 PATRE
828 123 960 152 NOSTRO
981 122 1168 151 FRANOESCO.
1190 121 1300 150 SERMO
1322 121 1351 149 V.

98 215 147 244 per
168 206 294 234 futurum
317 204 459 238 iudicium,
482 204 553 233 sicut
574 203 744 240 pauperibus
758 202 880 235 caelum,
895 201 942 238 qui

98 252 252 281 voluntarie
282 254 384 279 terram
416 250 581 279 dimiserunt
611 249 738 278 caelestia
768 251 943 285 appetentes;

98 298 172 327 unde
194 298 276 326 Isaiae
296 297 458 325 undecimo:
482 296 628 325 Iudicabit
648 296 679 323 in
700 295 813 324 iustitia
833 302 943 331 paupe-

98 353 160 378 reS,
190 347 221 372 ut
249 344 352 373 scilicet
372 343 418 372 det
446 343 485 371 eis
509 343 632 376 caelum,
657 346 681 370 et
712 346 817 379 arguet
845 341 876 369 in
897 349 944 369 ae-

98 392 206 430 quitate
233 399 289 428 pro
312 390 472 418 mansuetis
504 393 617 423 terrae,
641 393 670 417 ut
691 389 737 417 det
768 388 807 417 eis
839 392 941 417 terram

98 438 258 467 viventium.
281 438 353 465 Hanc
368 437 453 473 igitur
469 436 707 465 mansuetudinem
730 439 862 472 tanquam
882 443 944 472 per-

98 484 279 514 necessariam
295 492 311 512 a
332 484 411 512 beato
425 483 569 511 Francisco
584 483 717 511 debemus
730 482 881 515 addiscere,
896 483 943 519 qui

99 540 151 560 nou
175 533 280 559 tantum
302 530 336 558 ad
352 530 492 561 homines,
512 529 559 557 sed
574 529 654 557 etiam
670 528 704 557 ad
718 529 848 557 animalia
862 528 946 557 bruta

100 579 197 606 miram
213 577 341 606 servabat
363 576 617 609 mansuetudinem;
641 575 713 604 unde
728 578 755 604 et
775 575 868 603 omnia
887 575 945 603 ani-

99 625 180 653 malia
200 624 310 652 nomine
327 622 462 660 flatrum
477 622 600 656 vocabat,
622 625 649 650 et
669 621 797 650 animalia
815 622 946 650 indomita

99 672 132 700 ad
153 672 243 708 ipsum
266 674 395 707 tanquam
417 669 450 698 ad
466 669 516 698 sihi
539 669 702 697 familiarem
718 672 745 697 et
763 668 945 697 domesticum

101 718 298 751 recurrebant,
327 717 399 745 sicut
427 717 454 744 in
482 716 542 744 eius
564 716 619 744 vita
641 715 750 752 legitur.
773 715 849 743 Unde
877 715 947 744 hene

100 768 188 802 potest
210 764 236 792 in
258 764 318 793 eius
335 764 441 792 laudem
463 763 567 791 cantari
590 762 662 799 quod
687 762 789 791 dleitur
804 762 838 791 de
856 763 947 798 Moyse

99 813 286 841 Numerorum
319 810 482 839 duodecimo
498 811 522 838 l:
546 811 619 838 Erat
640 810 751 847 Moyses
771 809 947 837 ¹mitissimus

99 867 188 896 super
210 866 307 887 omnes
332 857 479 890 homines,
508 857 559 895 qui
578 856 776 885 niorabuntur
804 856 835 884 in
857 860 946 884 terra.

99 906 176 935 Dicat
198 905 283 942 igitur
310 905 406 934 heatus
434 904 595 933 Franciscus
623 904 701 940 quasi
730 904 800 932 alter
828 904 947 939 Moyses:

101 953 208 982 Discite
229 960 248 980 a
269 960 330 986 nze,
352 952 424 989 quia
445 951 525 980 mitis
546 960 610 979 suni
634 954 684 979 etc.

181 999 258 1027 Dicat
279 999 376 1028 etiam:
402 998 505 1027 Discite
527 1006 545 1026 a
566 1007 626 1030 ine,
648 998 720 1035 quia
742 997 861 1026 humitis
882 1006 949 1026 suni

101 1046 203 1080 eorde,
224 1046 250 1074 id
272 1049 328 1079 est,
350 1045 447 1074 discite
473 1053 533 1074 esse
563 1045 697 1073 veraciter
725 1044 865 1078 humiles¹
894 1053 947 1073 non

101 1093 244 1127 fallaciter,
267 1092 339 1121 sicut
354 1093 391 1120 illi
414 1093 461 1129 qui
478 1092 606 1129 nequiter
629 1100 657 1120 se
674 1092 837 1126 humiliant,
854 1095 884 1119 ut
900 1092 949 1128 hy-

103 1141 239 1178 pocritae,
261 1140 295 1169 de
319 1140 422 1177 quibus
445 1140 545 1176 legitur
567 1139 746 1168 Ecclesiastici
768 1139 874 1168 decimo
902 1147 949 1167 no-

102 1196 137 1216 no
152 1188 178 1215 2:
203 1188 251 1215 Est
278 1187 331 1225 qui
357 1186 486 1225 nequiter
517 1195 546 1214 se
567 1185 722 1220 humiliat,
754 1189 778 1214 et
806 1186 949 1214 interiora

102 1235 164 1264 eius
183 1235 271 1272 plena
292 1238 362 1262 sunt
376 1234 457 1266 dolo;
472 1236 499 1262 et
513 1234 657 1270 Apostolus
672 1233 705 1262 ad
720 1234 894 1262 Colossenses
909 1241 951 1262 se-

102 1282 207 1311 cundo:
224 1281 312 1310 Nemo
327 1290 377 1309 vos
390 1281 519 1315 seducat,
534 1280 630 1309 votens
645 1281 675 1309 in
690 1279 853 1309 humilitate
868 1284 892 1309 et
907 1289 951 1309 re-

103 1329 206 1367 ligione
227 1329 417 1366 Anyetoruni,
432 1337 506 1366 quae
528 1337 585 1356 non
606 1328 687 1361 vidit,
704 1327 871 1361 ambulans,
887 1327 953 1365 fru-

101 1380 166 1405 stra
187 1376 310 1413 inflatus
330 1384 418 1404 seusu
440 1375 541 1403 carnis
561 1383 641 1403 sitae.
666 1375 701 1403 Aci
725 1375 795 1403 hauc
817 1383 869 1403 non
887 1375 951 1403 hor-

103 1426 187 1456 tatur,
209 1423 255 1452 sed
277 1423 309 1451 ad
327 1423 398 1451 illam
416 1422 615 1455 humilitatem,
638 1430 709 1458 quae
730 1421 821 1450 cordis
842 1425 898 1454 est,
918 1422 951 1450 de
979 1415 980 1430 ¹

102 1478 158 1507 qua
178 1470 243 1498 dicit
266 1469 422 1498 Bernardus
440 1477 524 1505 super
545 1469 671 1497 Cantica:
699 1480 712 1493 «
728 1468 816 1497 Verus
839 1468 952 1496 humilis

104 1517 164 1544 vult
185 1516 246 1544 vilis
268 1515 400 1552 reputari,
416 1523 469 1543 non
487 1515 599 1543 humilis
621 1515 771 1551 praedicari
787 1527 810 1542 u.
827 1532 863 1535 —
879 1515 951 1543 Hanc

104 1563 287 1592 humilitatem
321 1562 418 1591 habuit
448 1562 617 1591 excellenter
649 1562 746 1591 heatus
776 1562 951 1596 Franciscus,

80 1628 85 1631 —
105 1609 181 1638 hane
195 1610 307 1638 amauit
322 1613 346 1638 et
361 1609 517 1648 conquisivit
527 1609 538 1625 ³
559 1609 594 1637 ab
610 1609 686 1637 initio
701 1609 847 1645 Religionis
862 1616 952 1646 usque

1 1993 90 2012 011]υωίἰί-

0 2019 18 2036 at
30 2017 90 2035 fructu

0 2040 93 2067 imi-uphei.

3 2065 86 2088 Opi-imo.

104 1657 130 1685 in
152 1656 250 1690 finem;
272 1664 323 1693 pro
346 1656 396 1684 hac
419 1655 553 1684 mundum
570 1656 691 1692 reliquit,
707 1655 812 1684 nudum
829 1664 857 1684 se
879 1655 951 1684 trahi

105 1711 152 1740 per
167 1703 304 1732 civitatem
326 1703 480 1740 praecepit,
498 1703 612 1739 leprosis
626 1702 755 1735 servivit,
772 1706 881 1738 peccata
903 1710 953 1731 sua

105 1751 131 1779 in
160 1750 361 1787 praedicatione
386 1749 584 1783 manifestavit,
607 1749 656 1778 sihi
683 1749 763 1777 etiam
785 1749 951 1786 exprobrari

105 1796 251 1825 mandavit.
268 1796 340 1824 Hanc
355 1796 485 1824 virtutem
509 1795 543 1824 ab
565 1803 597 1824 eo
612 1796 733 1824 maxime
751 1795 885 1824 dehemus
906 1795 953 1823 ad-

103 1843 216 1872 discere.
239 1843 272 1872 Ut
292 1846 384 1871 autem
408 1843 477 1871 hanc
499 1842 659 1879 cupiamus,
682 1842 897 1871 considerandus
912 1846 953 1871 est

104 1888 232 1927 fruetus,
255 1893 367 1926 propter
389 1897 470 1926 quem
491 1893 532 1918 est
552 1889 747 1922 desideranda:
763 1890 881 1923 modus,
904 1897 953 1926 per

105 1944 187 1974 quein
215 1936 398 1973 acquirenda:
431 1944 521 1969 usus,
550 1936 702 1964 secundum
731 1944 814 1973 quem
841 1944 953 1965 conser-

106 1983 201 2012 vanda.
225 1999 261 2004 -
277 1984 406 2011 Fructus
421 1987 512 2011 autem
528 1983 588 2012 eius
603 1987 644 2012 est
659 1983 821 2020 multiplex:
846 1984 953 2020 primus

107 2034 156 2064 est,
178 2030 243 2067 quia
271 2030 387 2067 mitigat
411 2031 462 2058 Dei
482 2025 577 2064 iram,
606 2030 671 2058 dum
698 2031 836 2067 compellit
864 2031 953 2059 Deum

107 2078 217 2107 differre
245 2085 376 2114 poenam,
405 2086 487 2115 quam
521 2078 622 2106 meruit
652 2078 715 2115 quis
746 2086 795 2114 per
827 2079 951 2115 culpam;

107 2125 180 2162 quod
202 2125 271 2154 bene
292 2125 464 2162 significatur
487 2125 558 2153 tertii
575 2125 677 2161 Regum
701 2125 831 2162 vigesimo
850 2126 953 2162 primo,

106 2172 152 2201 uhi
175 2172 241 2200 dicit
263 2172 395 2201 Dominus
423 2173 455 2200 ad
479 2172 580 2200 Eliam:
603 2172 703 2200 Nonne
733 2173 833 2201 vidisti
857 2172 953 2201 hurni-

107 2219 211 2247 liatum
232 2218 333 2247 Achab
355 2227 454 2247 corani
474 2218 540 2247 one?
563 2219 642 2254 Quia
663 2219 756 2256 i9itur
777 2219 954 2248 humiliatus

107 2269 146 2293 est
160 2266 217 2294 inei
231 2274 335 2299 causa,
350 2274 408 2294 non
423 2265 564 2294 inducam
579 2265 691 2294 matum
714 2266 744 2294 in
766 2266 866 2294 dielncs
881 2267 954 2295 eius.

107 2313 174 2341 Mira
196 2313 358 2341 humilitatis
379 2313 509 2346 efficacia,
531 2316 563 2341 ut
584 2313 670 2349 possit
684 2313 825 2342 continere
841 2322 953 2342 manum

107 2359 242 2388 divinam!
259 2360 319 2388 ldeo
333 2360 442 2388 dicebat
454 2360 589 2396 Propheta
605 2360 629 2388 in
648 2360 766 2389 Psalmo:
784 2360 954 2389 Custodiens

104 2406 248 2443 paruulos
264 2407 419 2440 Dominus,
435 2406 609 2435 humiliatus
623 2416 700 2441 suin,
715 2411 741 2435 et
754 2407 887 2436 liberauit
901 2416 952 2436 me.

110 2454 251 2482 Dominus
272 2454 344 2482 enim
367 2454 501 2490 superbi-s·
522 2454 647 2488 resistit,
671 2453 831 2483 humilibus
856 2459 954 2483 autem

108 2500 160 2528 dat
184 2501 316 2538 qratiam
332 2502 342 2517 ⁴
371 2504 398 2529 et
425 2508 472 2529 eos
499 2504 644 2529 conservat
671 2504 698 2529 et
726 2501 860 2536 custodit,
888 2502 954 2538 quia

109 2547 169 2575 atta
190 2548 223 2575 de
244 2548 341 2585 tongye,
364 2547 411 2576 sed
433 2547 559 2576 humilia
579 2547 612 2576 de
635 2548 790 2585 propinquo
811 2549 955 2585 respicere

172 2693 179 2705 ¹
200 2694 264 2715 Vers.
282 2694 303 2715 3.

172 2731 181 2744 ²
199 2733 264 2755 Vers.
284 2733 323 2759 23;
343 2736 472 2761 sequuntur
484 2732 570 2755 Colossi
584 2734 605 2761 ⁵2,
622 2734 655 2755 18.
668 2737 689 2756 et
702 2734 819 2763 Beruard.‚
836 2741 906 2757 serm.
922 2735 956 2757 16,

110 2770 133 2793 iu
150 2770 214 2793 Cant.
231 2777 254 2793 n.
274 2772 308 2793 10.

173 2809 181 2822 ³
199 2809 328 2838 Respicitur
346 2811 399 2837 Sap.
418 2811 439 2837 8,
457 2811 483 2838 2;
501 2814 630 2839 sequuntur
648 2811 680 2833 lll.
697 2812 754 2839 Reg.
772 2812 809 2840 21,
827 2813 864 2834 29.
882 2816 903 2835 et
922 2814 956 2835 ps.

112 2848 164 2877 114,
181 2849 203 2870 6.
345 2849 354 2861 ‘¹
372 2850 415 2871 lac.
429 2849 449 2876 4,
463 2849 486 2876 63
500 2853 627 2878 sequuntur
643 2851 676 2872 l’s.
693 2850 741 2878 137,
755 2852 776 2873 6.
788 2854 810 2873 et
822 2852 855 2873 Ps.
870 2852 907 2878 50,
923 2852 955 2873 19.

174 2886 183 2900 ⁵
201 2888 330 2916 Respicitur
347 2889 407 2910 loun,
426 2888 446 2916 4,
468 2889 505 2916 103
524 2892 651 2917 sequuntur
669 2889 735 2912 Eccli.
751 2890 771 2917 3,
785 2890 827 2917 20;
846 2891 887 2913 lac.
900 2890 921 2917 4,
936 2891 956 2912 6.

111 2929 133 2949 et
150 2928 204 2949 Luc.
225 2927 243 2954 l,
261 2927 298 2949 30.

1792 120 1847 148 595

1000 208 1054 229 non
1075 200 1181 229 desistit
1202 208 1252 228 nec
1275 202 1363 236 potest
1384 199 1542 236 despicere;
1566 198 1704 227 Psalmus:
1728 197 1849 234 Sacrifi-

1000 247 1078 276 cium
1102 248 1157 275 Deo
1178 247 1303 283 spiritus
1324 245 1549 279 contribulatus,
1571 254 1621 274 eor
1643 244 1800 273 contritum
1822 248 1848 272 et

1001 293 1202 327 hwnitiatum,
1220 294 1306 327 Deus,
1322 302 1380 321 non
1400 292 1547 329 despicies.
1563 309 1601 313 —-
1615 292 1768 324 Secundus,
1784 291 1849 328 quia

1001 341 1109 369 invenit
1122 341 1263 378 qratiam.
1280 341 1356 369 Sicut
1370 340 1442 369 enim
1458 340 1505 377 qui
1521 340 1581 368 vult
1606 339 1729 368 invenire
1747 347 1847 376 aquam

1001 395 1112 416 necesse
1134 388 1215 416 habet
1236 387 1329 416 fodere
1345 387 1370 415 in
1393 390 1511 420 terram3
1527 387 1566 415 sic
1587 386 1635 423 qui
1651 386 1710 414 vult
1726 385 1848 414 invenire

1002 443 1112 473 aquam
1133 435 1232 463 vivam
1247 435 1258 451 ὅ
1281 437 1395 470 puteum
1413 433 1576 462 humilitatis
1592 434 1617 461 in
1633 441 1662 461 se
1677 433 1735 470 ipso
1750 432 1848 465 fodiat;

1002 482 1075 510 unde
1098 481 1274 510 Ecclesiastici
1292 481 1388 509 tertio:
1412 481 1526 516 Quanto
1545 489 1672 517 maginus
1693 489 1735 513 es,
1758 479 1850 508 humi-

1003 528 1043 556 tia
1066 532 1089 556 te
1110 528 1141 556 in
1162 527 1306 561 omnibus,
1321 531 1347 555 et
1362 536 1463 556 eoram
1482 528 1536 556 Deo
1553 528 1678 555 invenies
1697 527 1849 564 qratiam,-

1005 576 1080 604 Deus
1102 575 1177 603 enini
1206 575 1340 612 superbis
1368 575 1476 603 resistit
1504 578 1554 603 etc.
1577 575 1631 603 Hoc
1663 575 1742 603 modo
1772 575 1850 603 beata

974 653 975 658 ,
1004 623 1086 659 Virgo
1114 622 1222 650 inuenit
1249 622 1387 659 pratia-m„
1410 622 1491 658 apud
1515 622 1622 655 Deum,
1644 622 1716 650 sicut
1736 622 1851 658 ipsamet

1004 672 1120 698 testatur
1143 670 1230 697 Lucae
1259 669 1348 705 primo
1363 669 1389 696 ⁶:
1414 669 1544 705 Respexit
1573 669 1705 697 Dominus
1733 667 1851 697 humiti-

1004 720 1091 744 tatem
1111 715 1235 744 ancillae
1255 724 1341 749 suue;
1363 723 1413 743 nec
1429 716 1546 749 mirum;
1565 715 1630 752 quia
1653 716 1792 744 humilitas
1807 724 1850 744 ca-

1005 762 1076 790 ritati
1101 763 1189 790 locum
1214 765 1374 798 praeparat,
1389 762 1456 790 dum
1472 765 1590 790 mentem
1613 771 1629 790 a
1651 762 1769 790 vanitate
1788 771 1852 790 eva-

1004 808 1206 844 ouatsrropter
1222 808 1295 844 quod
1311 808 1377 835 dicit
1391 808 1575 844 Augustinus:
1604 820 1615 833 u
1632 809 1739 844 Quanto
1754 816 1851 837 sumus

1005 863 1021 883 a
1041 857 1151 883 tumore
1166 862 1196 882 su
1202 854 1311 891 perbiae
1328 854 1481 888 inaniores,
1505 858 1580 882 tanto
1595 862 1692 883 sumus
1707 855 1851 883 dilectione

1006 901 1184 938 pleniores».
1208 901 1238 929 Et
1259 901 1331 929 sicut
1350 909 1423 938 aqua
1444 901 1559 929 confluit
1573 901 1606 929 ad
1629 902 1721 935 valles,
1738 902 1774 930 sic
1791 910 1852 938 gra-

1006 949 1043 977 tia
1064 948 1184 985 Spiritus
1204 948 1291 976 sancti
1312 948 1410 976 defluit
1430 948 1464 976 ad
1480 948 1614 982 humiles;
1637 952 1663 977 et
1684 949 1756 977 sicut
1780 957 1853 985 aqua

1007 998 1082 1024 tanto
1104 996 1186 1024 altius
1207 995 1344 1029 ascendit,
1376 998 1480 1032 quanto
1501 996 1586 1032 magis
1611 995 1751 1024 descendit
1766 996 1786 1029 ⁷,
1815 996 1853 1024 sic

1006 1043 1103 1076 oratio,
1125 1050 1196 1079 quae
1211 1042 1244 1070 de
1266 1042 1348 1070 corde
1364 1042 1508 1070 humiliato
1534 1043 1666 1079 procedit,
1689 1043 1774 1079 magis
1790 1051 1853 1079 pro-

1006 1090 1123 1127 pinquat
1143 1093 1170 1118 et
1192 1093 1303 1118 resonat
1317 1089 1433 1118 auribus
1449 1090 1511 1123 Dei,
1528 1093 1559 1118 ut
1578 1090 1705 1126 impetret
1721 1091 1852 1127 gratiam;

1008 1137 1080 1166 unde
1103 1137 1281 1166 Ecclesiastici
1316 1137 1456 1173 trigesimo
1484 1137 1596 1174 quinto:
1628 1138 1729 1165 Oratio
1758 1136 1853 1166 hunti-

1008 1184 1108 1213 tiantis
1128 1194 1157 1212 se
1178 1185 1267 1213 nubes
1286 1184 1460 1221 penetrabit,
1482 1188 1508 1212 et
1528 1185 1616 1213 donee
1631 1185 1853 1223 appropinquet,

1008 1240 1066 1259 non
1088 1231 1297 1264 eousolabitur;
1319 1232 1384 1268 quia
1405 1232 1479 1260 Deus
1500 1231 1674 1260 voluntatem
1692 1232 1852 1260 timentium

1007 1287 1036 1306 se
1056 1278 1144 1315 saciet
1165 1282 1191 1306 et
1204 1278 1434 1315 deprecationem
1449 1287 1549 1306 eorum
1564 1279 1701 1307 exaudiet
1715 1283 1739 1306 et
1758 1280 1854 1307 saluos

1007 1324 1095 1362 faciet
1116 1334 1170 1353 eos.

1086 1373 1205 1406 Tertius,
1227 1373 1292 1409 quia
1313 1376 1499 1401 consummat
1519 1373 1769 1406 iustitianz;11nile
1789 1374 1853 1402 Mat-

1009 1420 1080 1449 thaei
1104 1420 1187 1448 tertio
1200 1420 1226 1447 ⁵:
1250 1420 1316 1448 Sine
1337 1420 1432 1453 niodo,
1454 1420 1497 1448 sic
1518 1421 1594 1448 euim
1616 1421 1701 1454 (tecet,
1723 1429 1776 1448 iios
1801 1420 1854 1448 im-

1007 1467 1084 1504 plere
1106 1475 1216 1495 onmem
1233 1466 1395 1500 ius-titiani,-
1409 1467 1518 1495 Glossa:
1539 1479 1551 1491 «
1568 1467 1593 1495 Id
1610 1471 1651 1496 est
1673 1468 1853 1496 humilitatem

1009 1514 1173 1551 perfectam,
1196 1522 1266 1550 quae
1288 1517 1329 1542 est
1345 1514 1464 1550 perfecta
1478 1514 1582 1542 iustitia
1597 1526 1622 1542 ³2.
1639 1515 1767 1543 Consistit
1782 1515 1853 1543 enim

1010 1562 1034 1589 in
1058 1561 1177 1598 perfecta
1200 1561 1355 1589 humilitate
1375 1561 1519 1589 abundans
1541 1561 1657 1595 iustitia,
1679 1565 1705 1590 et
1721 1562 1746 1590 in
1769 1562 1855 1590 abun—

1009 1608 1082 1637 danti
1105 1608 1208 1636 iustitia
1232 1608 1387 1642 humilitas,
1410 1616 1481 1644 quae
1495 1611 1536 1636 est
1560 1608 1646 1637 virtus
1669 1609 1798 1643 maxima,
1815 1617 1855 1638 se-

1010 1655 1131 1684 cundum
1154 1654 1227 1691 quod
1249 1654 1351 1683 dicitur
1373 1655 1586 1683 Proverbiorum
1608 1655 1713 1684 decimo
1742 1656 1854 1692 quinto:

1012 1702 1045 1729 ln.
1066 1701 1233 1729 abundanti
1254 1701 1368 1729 iustitia
1382 1701 1478 1729 virtus
1492 1702 1627 1730 maxima
1648 1706 1695 1730 est.
1713 1703 1781 1731 Haec
1804 1703 1854 1731 liu—

1011 1749 1111 1777 militas
1132 1751 1173 1776 est
1196 1748 1285 1776 virtus
1307 1748 1445 1781 maxima,
1468 1749 1532 1785 qula
1555 1749 1708 1777 maximum
1730 1750 1793 1777 facit
1809 1750 1855 1778 ho-

1011 1796 1111 1824 minem
1134 1803 1225 1823 coram
1250 1795 1319 1829 Deo,
1342 1795 1384 1823 vel
1411 1796 1476 1832 quia
1501 1796 1566 1824 haec
1596 1800 1637 1825 est
1668 1796 1756 1825 virtus
1784 1797 1856 1831 sola,

1010 1851 1081 1880 quae
1096 1843 1183 1872 Deum
1207 1847 1352 1871 reveretur
1372 1846 1399 1871 et
1422 1844 1539 1871 honorat
1553 1847 1584 1872 ut
1600 1844 1768 1878 maximum:
1785 1845 1857 1873 unde

1012 1890 1189 1919 Ecclesiastici
1221 1891 1316 1919 tertio:
1348 1890 1494 1926 Quoniam
1520 1899 1631 1928 inayna
1657 1891 1784 1928 potentia
1809 1892 1858 1919 Dei

1009 1937 1111 1971 solius,
1133 1941 1158 1965 et
1179 1946 1199 1965 a
1220 1937 1284 1965 solis
1306 1936 1466 1965 humilibus
1482 1936 1653 1965 honoratur.
1670 1938 1722 1965 Soli
1740 1937 1858 1966 humiles

1011 1985 1097 2013 Deum
1114 1985 1259 2018 honorant,
1272 1985 1337 2021 quia
1352 1984 1395 2012 alii
1412 1992 1440 2013 se
1457 1984 1529 2021 ipsos
1541 1985 1636 2013 volunt
1653 1985 1792 2018 honorari,
1803 1993 1856 2013 non

1011 2033 1107 2061 Deum.
1123 2033 1148 2060 Si
1165 2032 1249 2069 igitur
1264 2032 1352 2060 omnis
1366 2035 1461 2060 nostra
1474 2033 1578 2060 iustitia
1593 2036 1618 2061 et
1634 2033 1717 2061 totius
1732 2032 1857 2060 christia-

1011 2087 1061 2108 nae
1082 2079 1221 2116 religionis
1242 2087 1352 2107 summa
1375 2079 1399 2106 in
1418 2079 1642 2107 honorificatione
1664 2079 1710 2108 Dei
1727 2079 1858 2107 consistit.

1010 2126 1123 2162 planum
1138 2129 1188 2159 est,
1204 2126 1229 2154 in
1248 2126 1401 2154 humilitate
1416 2133 1476 2154 esse
1491 2126 1687 2154 abundantem
1704 2126 1859 2159 iustitiam,

1010 2177 1036 2201 et
1056 2173 1087 2201 in
1108 2172 1275 2201 abundanti
1296 2173 1410 2201 iustitia
1433 2173 1565 2201 uirtutem
1586 2173 1760 2201 maximam.
1784 2173 1858 2201 Unde

1010 2220 1179 2256 Augustinus
1194 2219 1226 2248 ad
1245 2219 1404 2248 Dioscorum
1418 2220 1428 2236 ⁹
1447 2224 1625 2256 quaerentem
1641 2228 1779 2248 summam
1797 2228 1857 2256 per-

1010 2266 1134 2295 fectionis
1145 2267 1327 2303 evangelicae,
1344 2266 1493 2303 respondit,
1508 2267 1579 2295 sicut
1595 2266 1734 2303 respondit
1746 2266 1856 2302 quidam

1010 2313 1192 2350 philosophus
1221 2313 1422 2350 interrogatus,
1444 2313 1509 2350 quid
1538 2313 1685 2342 doceretur
1713 2314 1739 2341 in
1767 2314 1858 2341 rheto—

1011 2361 1083 2394 rica,
1105 2360 1247 2397 respondit
1269 2361 1312 2389 ille
1335 2361 1424 2397 primo
1440 2361 1642 2397 interrogatus,
1664 2360 1788 2397 quodibi
1812 2361 1858 2389 do-

1010 2411 1122 2436 ceretur
1144 2407 1315 2444 eloquentia:
1339 2408 1525 2444 interrogatus
1546 2407 1680 2440 secundo,
1703 2408 1858 2444 respondit:

1010 2454 1181 2491 eloquentia;
1205 2455 1392 2492 interrogatus
1412 2455 1504 2488 tertio,
1522 2454 1676 2491 respondit:
1693 2455 1857 2491 eloquentia.

1012 2502 1143 2531 Similiter
1165 2502 1334 2539 Augustinus
1356 2502 1512 2539 respondit:
1534 2502 1559 2530 Si
1583 2510 1717 2539 quaeras,
1733 2510 1804 2539 quae
1826 2503 1859 2531 sit

1012 2557 1120 2578 summa
1131 2549 1307 2586 perfectionis
1317 2549 1506 2586 evangelicae,
1523 2549 1689 2586 respondeo:
1703 2549 1858 2578 humilitas:

1075 2696 1084 2710 ⁶
1104 2696 1167 2718 Vers.
1186 2696 1227 2723 4'8;
1244 2696 1348 2724 sequitur
1366 2696 1470 2723 Augiist.,
1490 2696 1543 2716 Vlll.
1561 2696 1590 2717 dc
1609 2696 1671 2716 Triu.
1690 2702 1709 2716 c.
1727 2696 1748 2716 8.
1767 2701 1787 2716 n.
1811 2695 1843 2716 1⁶2.

1076 2734 1084 2747 ⁷
1102 2735 1146 2757 Cir.
1164 2736 1269 2763 August„
1286 2741 1356 2757 serm.
1375 2736 1395 2756 ⁵2.
1414 2735 1434 2756 in
1457 2735 1491 2756 ΡΞ.
1518 2734 1566 2756 103.
1585 2740 1607 2755 n.
1630 2735 1662 2756 ΙΟ,
1680 2746 1710 2750 -
1728 2734 1860 2762 Sequuntur

1014 2774 1080 2796 Eccli.
1098 2774 1145 2800 35,v
1158 2774 1195 2795 21.
1215 2777 1236 2795 et
1255 2774 1288 2796 ΡΞ,
1311 2773 1364 2799 itt,
1383 2774 1418 2795 19.

1076 2811 1084 2824 3
1103 2813 1167 2835 Vei-s.
1191 2813 1223 2834 ¹5.
1240 2819 1293 2835 cum
1312 2813 1390 2835 Glossa
1408 2812 1533 2835 ordinm-ia
1546 2812 1607 2840 apud
1621 2813 1749 2840 Lyruuuun
1763 2818 1861 2841 sequun-

1014 2854 1049 2874 tur
1068 2852 1133 2873 Prov.
1153 2852 1189 2879 15,
1207 2852 1228 2873 ὅ,
1246 2856 1267 2873 et
1285 2852 1352 2873 Ereti.
1370 2852 1392 2879 3,
1412 2852 1449 2873 21.

1076 2889 1085 2902 ⁹
1104 2891 1173 2918 Epist.
1196 2891 1245 2912 118.
1264 2890 1329 2919 (allas
1347 2890 1392 2918 56.)
1412 2897 1431 2912 c.
1450 2891 1470 2912 3.
1487 2897 1508 2912 n.
1521 2891 1558 2912 2-2.
1572 2890 1723 2918 Philosophus
1734 2891 1816 2913 citatus
1828 2894 1859 2913 est

1015 2930 1186 2951 Demosthenes.

1867 299 1893 318 De
1904 299 1993 318 secundo.

1873 1379 1898 1397 De
1912 1379 1974 1398 tertio.
