2243 3348
197 384 311 403 Notandum.

214 524 290 547 Triplex

223 548 284 566 stella.

189 945 248 964 Stena
260 947 311 964 exte·

203 969 248 989 rior.
262 969 312 988 Scri-

203 994 265 1016 ptura.

195 2263 308 2282 Notandum.

331 160 385 187 ’150

330 237 382 266 ista
405 237 558 270 inducens,
574 236 717 265 deducens
738 239 765 265 et
777 236 947 273 perducens.
964 234 1014 263 Sed
1031 235 1083 263 hoc
1104 234 1174 267 dico,

329 284 403 320 qnod
434 287 475 313 est
500 283 576 312 stella
598 282 767 320 spiritualis
796 282 935 311 [mluccns
962 281 994 309 ad
1017 281 1175 314 Christum,

329 331 473 359 deducens
494 334 521 359 et
544 329 715 366 perducens.
737 344 774 350 —-
797 328 888 361 Stella,
915 335 986 364 quae
1009 327 1120 356 iiulucil
1142 327 1175 355 ad

329 377 495 406 veniendum
526 377 559 405 ad
591 376 748 409 Christum,
780 374 952 411 significatur
984 382 1033 410 per
1069 373 1175 402 stellam

329 424 518 456 matutinam,
540 431 556 451 a
577 431 632 460 qua
653 422 732 450 stella
753 421 804 450 ista
827 421 924 449 hahuit
944 420 1088 457 originem,
1104 420 1125 449 si
1141 420 1176 448 ab

329 470 421 507 aliqua
452 470 586 506 originem
620 468 731 503 habuit;
753 472 780 497 et
802 475 950 504 possumus
970 467 1076 501 dicere,
1101 467 1176 504 quod

329 517 407 545 stella
427 516 553 545 cat-terior
575 519 616 544 est
638 515 778 543 inducens
799 514 832 543 ad
855 514 1021 543 veniendum
1043 514 1077 542 ad
1097 514 1177 542 Chri-

330 567 419 597 stum,
442 563 520 592 stella
540 562 679 599 superior
699 565 741 590 est
762 561 923 595 deducens,
953 561 1032 590 stella
1053 561 1177 590 interior

329 614 370 639 est
388 610 551 647 perducens
572 609 606 638 ad
627 609 779 638 Christum.
795 609 878 638 Stella
893 609 1019 637 celerior
1041 612 1068 637 et
1090 609 1177 637 iuclu-

329 665 394 685 ceus
414 656 447 685 ad
470 656 635 685 veniendum
657 656 690 684 ad
713 656 854 684 Christum
870 659 911 685 est
926 664 1004 685 sacra
1023 656 1177 693 Scriptura,

329 704 407 732 stella
428 703 570 732 deducens
592 707 619 732 et
639 703 777 740 superior
804 706 846 732 est
874 706 968 731 sancta
990 703 1073 740 Virgo
1096 703 1178 732 hene-

329 750 414 784 dicta,
435 750 513 779 stella
536 750 658 778 interior
668 750 833 787 perducens
849 749 883 778 ad
897 750 1040 778 Christum
1056 753 1097 778 est
1112 750 1178 787 Spi-

328 798 405 825 ritus
426 797 524 826 sancti
542 797 654 834 qratia.
673 797 724 826 Ista
740 797 842 834 triplex
858 796 936 825 stella
951 796 1113 825 manuducit
1128 805 1178 826 nos

328 844 361 873 ad
384 844 549 873 veniendum
571 844 605 872 ad
631 844 782 873 Christum.

407 892 498 920 Primo
526 891 601 920 dico:
624 891 702 920 stella
725 891 864 919 inducens
886 899 936 919 nos
957 891 990 920 ad
1012 891 1176 920 veniendum

328 939 361 968 ad
383 938 524 967 Christum
545 942 586 967 est
607 946 685 967 sacra
706 938 863 975 Scriptura,
884 938 918 967 de
932 938 1029 975 quain
1047 938 1178 967 Ecclesia-

329 985 432 1013 stic01:
456 985 550 1021 Quasi
570 985 651 1014 stella
674 985 823 1013 matutina
844 985 874 1013 iu
897 985 990 1013 medio
1014 984 1133 1013 nebulae
1153 988 1177 1012 ct

330 1032 418 1070 quasi
431 1032 503 1060 luna
517 1032 603 1069 plena
618 1032 649 1060 iu
664 1031 765 1060 diebus
779 1032 843 1060 suis
864 1032 938 1060 lucet
958 1036 1009 1060 etc.
1032 1032 1177 1068 Scriptura

329 1082 371 1107 est
386 1079 416 1107 iu
437 1079 531 1107 medio
546 1079 680 1113 uebulac,
696 1079 722 1107 id
738 1082 778 1108 est
794 1079 819 1107 in
836 1078 926 1107 incdio
941 1078 1064 1115 caliginis
1080 1078 1177 1107 huma-

327 1133 379 1155 nae
401 1126 578 1163 ignorantiae.
596 1126 695 1155 Videre
716 1126 812 1154 faciem
828 1126 929 1154 Christi
945 1125 1176 1162 supercaelestem

327 1182 382 1202 non
403 1181 568 1210 possumus,
584 1173 650 1210 quia
671 1173 817 1210 superiora
831 1173 926 1201 ridere
939 1181 994 1201 non
1011 1180 1174 1209 possumus3

328 1220 388 1249 ideo
409 1220 564 1249 necessario
586 1220 756 1257 requiritur,
773 1220 847 1257 quod
869 1219 1021 1248 habeamus
1041 1219 1174 1247 ducatum

328 1267 440 1296 luminis
462 1267 601 1301 caelestis;
625 1268 717 1296 lumen
751 1267 803 1295 hoc
834 1271 876 1295 est
907 1274 985 1295 sacra
1017 1266 1176 1302 Scriptura,

328 1323 399 1352 quae
421 1318 462 1344 est
483 1315 533 1343 lux
555 1315 689 1348 caelestis,
711 1323 760 1351 per
782 1314 897 1351 Angelos
918 1314 1008 1342 delata
1028 1314 1062 1342 ad
1084 1321 1177 1342 sacros

328 1362 517 1395 Patriarchas,
550 1362 716 1398 Prophetas,
742 1360 892 1397 Apostolos.
916 1361 944 1388 In
977 1360 1055 1389 istam
1087 1360 1175 1388 lucem

327 1412 436 1445 oportet
456 1409 608 1446 inspicere,
630 1409 663 1437 de
685 1417 740 1445 qua
761 1408 827 1437 dicit
849 1408 947 1436 beatus
970 1408 1067 1436 Petrus
1089 1407 1115 1435 in
1131 1414 1176 1435 se-

327 1456 417 1485 cunda
448 1452 625 1484 Canonica'2:
655 1456 830 1484 Firmz'oreuz
864 1454 1003 1483 babemus
1028 1453 1176 1491 propheti-

327 1512 393 1532 cum
413 1512 585 1537 sermonem,
608 1503 658 1531 cui
678 1502 744 1531 bcuc
764 1501 866 1539 facitis
893 1502 1068 1530 attendentes
1090 1501 1178 1539 quasi

327 1550 463 1578 lucernae
484 1549 592 1578 lucenti
612 1554 663 1578 etc.
680 1549 837 1586 Indigemus
859 1549 921 1577 luce
936 1556 1030 1577 sacrae
1051 1548 1175 1584 Scriptu-

326 1605 389 1631 rae,
412 1597 500 1625 (louec
521 1596 582 1625 (lies
607 1596 749 1624 elucescat
777 1595 956 1625 aeternitatis.
990 1596 1073 1624 Sacra
1104 1595 1176 1623 Scri-

326 1648 410 1681 ptura
431 1648 472 1673 est
494 1644 545 1672 lux
568 1644 668 1681 legalis
690 1644 717 1672 in
740 1643 922 1677 Patriarchis,
950 1643 999 1671 lux
1018 1642 1176 1680 proplieta-

326 1691 361 1720 lis
382 1691 410 1719 in
433 1691 585 1728 Prophetis,
608 1691 659 1719 lux
682 1690 909 1728 Ecauyeliorum
932 1690 959 1718 in
981 1689 1124 1727 Apostolis.
1148 1690 1176 1718 In

326 1739 492 1767 Patriarchis
514 1741 555 1767 est
576 1738 754 1775 praeclaritas
775 1738 960 1771 meritorum,
983 1737 1010 1766 in
1033 1737 1177 1773 Prophetis

325 1789 366 1815 est
388 1786 566 1823 praeclaritas
587 1786 761 1814 meritorum
783 1789 810 1814 et
828 1785 1059 1819 miraculorum,
1079 1784 1127 1813 sed
1148 1784 1174 1812 in

325 1834 459 1870 Apostolis
474 1836 516 1862 est
527 1833 705 1870 praeclaritas
720 1833 904 1867 meritorum,
916 1832 1134 1861 miraculorum
1150 1834 1177 1860 et

325 1881 476 1919 martyrii.
490 1881 517 1909 In
532 1880 698 1909 Patriarchis
711 1880 764 1909 fuit
779 1880 958 1917 praeclaritas
972 1879 1085 1908 visionis
1100 1878 1176 1907 intel-

326 1927 451 1956 lectualis
463 1928 562 1962 solum,
572 1927 597 1955 in
608 1927 752 1964 Prophetis
763 1927 815 1955 fuit
827 1926 1006 1964 praeclaritas
1014 1925 1127 1954 visionis
1140 1925 1177 1953 in-

326 1975 490 2004 tellectualis
505 1983 568 2004 cum
584 1974 760 2011 imaginaria,
776 1974 822 2003 sed
839 1974 865 2002 in
881 1974 1015 2011 Apostolis
1030 1973 1082 2002 suit
1097 1980 1176 2010 prae-

326 2023 436 2051 claritas
458 2023 570 2051 visionis
589 2022 782 2051 intellectualis
797 2025 823 2050 et
845 2021 1023 2058 imaginariae
1038 2028 1100 2049 cum
1117 2028 1176 2049 cer-

326 2070 500 2104 titudinaria,
523 2078 576 2098 non
599 2069 750 2107 spirituali,
771 2069 818 2098 sed
841 2068 1009 2106 corporali;
1024 2068 1097 2097 unde
1112 2068 1178 2097 dicit

327 2118 500 2146 DominusS:
525 2117 603 2153 Quia
624 2117 725 2145 vidisti
746 2126 802 2150 nie,
826 2115 952 2150 Tboiua,
967 2116 1119 2145 credidisti
1125 2126 1135 2149 ,·
1150 2119 1177 2144 et

327 2165 353 2193 in
376 2165 466 2202 prima
488 2165 609 2193 loannis:
634 2164 717 2200 Quod
749 2164 877 2193 uidimus
905 2164 997 2192 oculis
1024 2163 1132 2192 uostris
1153 2167 1178 2191 ct

327 2213 516 2246 circuivimus,
538 2216 563 2240 et
587 2221 696 2240 manus
723 2215 842 2240 nostrae
871 2215 1124 2239 contrecta-verunt
1145 2210 1178 2238 cle

333 2259 421 2288 Verbo
438 2260 511 2288 oilae
526 2262 587 2293 ete,
600 2259 818 2287 aunuutiamus
832 2258 920 2287 vobis.
934 2259 1018 2295 lunge
1030 2257 1178 2295 praeclari-

328 2310 410 2335 tatem
433 2306 614 2340 meritorum,
637 2306 838 2334 miraculorum
855 2308 882 2333 et
897 2305 1095 2341 martyriorum
1112 2312 1175 2332 cum

327 2353 520 2390 praeclaritate
552 2353 665 2381 visionis
696 2352 904 2385 intellectualis,
939 2351 1117 2388 imaginariae
1151 2354 1178 2379 et

327 2400 567 2434 certitudinariae,
592 2401 673 2437 iunge
695 2400 747 2428 ista
768 2407 818 2428 sex
835 2399 946 2427 insimul
961 2402 988 2427 et
1003 2397 1177 2427 concordiam

326 2448 466 2481 omnium,
488 2451 515 2476 et
536 2447 651 2476 habebis
679 2446 873 2476 certitudinem
896 2445 1084 2479 auctoritatis,
1106 2452 1178 2481 qnae

326 2502 470 2531 nunquam
493 2495 540 2523 tihi
568 2495 684 2523 deficiet.
708 2510 746 2515 —
767 2494 819 2522 Ista
850 2493 928 2521 stella
955 2492 1177 2521 fructuosissima

327 2545 383 2575 est,
405 2550 454 2578 per
477 2550 561 2578 quam
583 2549 731 2578 possumus
747 2541 787 2569 ire
802 2540 835 2569 ad
858 2540 1009 2568 Christum.
1033 2539 1103 2567 Dicit
1126 2539 1177 2567 Leo

328 2589 397 2625 Papa
410 2589 436 2616 ⁴:
463 2600 476 2613 «
491 2588 560 2617 Cum
581 2588 615 2616 ad
636 2587 846 2625 intelligendum
873 2589 1095 2620 sacramentum,
1121 2593 1177 2622 quo

327 2636 375 2665 Dei
391 2636 474 2664 Filius
495 2636 528 2664 de
551 2636 663 2672 Virgine
684 2639 765 2664 natus
787 2635 830 2668 sit,
853 2634 1025 2667 accedimus,
1047 2633 1175 2670 ahigatur

328 2687 504 2712 terrenarum
528 2683 614 2720 caligo
636 2683 788 2717 rationum,
811 2686 837 2711 et
859 2682 893 2710 ab
915 2682 1085 2710 illuminatae
1114 2681 1174 2709 ndei

995 156 1166 185 SERMONES
1188 156 1230 184 DE
1253 155 1417 184 TEMPORE.

1232 233 1319 262 riculis
1334 232 1489 261 mundanae
1504 233 1652 270 sapientiae
1667 234 1762 263 sumus
1782 234 1935 263 abscedat»
1961 238 2011 264 etc.
2032 235 2081 264 Per

1233 280 1312 308 istam
1328 279 1444 313 stellam,
1460 287 1531 316 quae
1545 283 1586 308 est
1601 288 1678 309 sacra
1694 281 1853 318 Scriptura,
1875 281 1932 310 itur
1947 282 1980 310 ad
2002 282 2081 310 Chri-

1235 330 1317 355 stunt.

1313 373 1363 401 Sed
1386 373 1464 401 istam
1487 373 1594 402 stellam
1615 374 1705 411 perdit
1735 374 1782 411 qui
1811 375 1845 403 ad
1877 375 1989 404 Herodis
2022 383 2082 412 per-

1236 420 1327 448 fidiam
1349 420 1475 449 declinat.
1497 420 1616 449 Herodes
1638 421 1839 457 perfidissimus
1860 422 1911 450 fuit
1926 425 1953 451 et
1968 425 2083 451 conatus

1234 467 1287 496 suit
1308 467 1488 504 exstinguere
1503 467 1653 496 Christum.
1670 468 1722 496 lsta
1737 468 1787 496 lux
1802 468 1892 505 primo
1907 469 1959 497 fuit
1974 469 2083 506 perdita

1235 514 1263 542 in
1285 513 1406 547 Iudaeis,
1431 517 1540 550 postea,
1562 514 1589 542 in
1611 515 1737 551 paganis,
1759 515 1855 549 tertio,
1876 515 1903 544 in
1927 516 2081 545 haereticis.

1236 561 1264 589 ln
1286 561 1391 589 ludaeis
1413 569 1466 589 non
1489 565 1530 590 est
1552 561 1603 590 ista
1625 561 1690 595 lux,
1712 562 1778 598 quia
1803 562 1853 599 ipsi
1877 562 2023 591 intendunt
2036 571 2082 600 96-

1235 608 1377 645 vnealoqiis
1400 608 1596 637 interminatis
1604 619 1613 642 ,·
1636 608 1662 637 in
1678 609 1791 646 paganis
1812 617 1865 637 non
1881 612 1931 644 est,
1947 610 2012 646 quia
2033 609 2082 646 ipsi

1236 655 1382 684 intendunt
1412 654 1555 684 doctrinis
1585 655 1852 690 <laemouiorum⁵3
1878 656 1905 684 in
1937 655 2084 685 haereticis

1235 710 1289 730 non
1305 705 1355 736 est,
1370 702 1436 739 quia
1451 702 1501 738 ipsi
1517 701 1664 730 intendunt
1680 702 1815 730 versutiis
1828 701 2032 739 fallaciarum.
2046 719 2083 722 —

1235 749 1403 783 Careamus,
1425 748 1500 789 quod
1520 749 1547 777 in
1568 749 1647 778 nohis
1672 757 1725 777 non
1758 749 1813 778 sint
1841 749 1908 784 ista,
1929 749 1995 787 quia
2019 753 2084 778 tunc

1236 796 1417 833 perderemus
1439 796 1532 824 lumen
1554 804 1648 825 sacrae
1679 796 1855 833 Scripturae;
1884 796 1958 833 quod
1980 796 2083 834 signifi-

1235 846 1314 871 catur
1337 843 1428 877 uobis,
1449 842 1515 879 quia
1546 843 1631 880 Magi,
1653 842 1765 880 quando
1793 843 1922 872 abierunt
1942 843 1977 872 ad
1999 844 2082 872 Hero-

1234 889 1306 923 dem,
1328 889 1510 926 perdiderunt
1541 889 1674 917 ducatum
1696 890 1798 918 stellae.
1832 890 1877 918 Est
1898 889 1983 927 igitur
2005 890 2084 919 stella

1235 936 1361 965 eaelerior
1383 937 1522 965 inducens
1545 945 1594 965 nos
1615 936 1648 965 ad
1670 937 1837 966 veniendum
1857 937 1891 966 ad
1912 938 2064 967 Christum.

1313 984 1438 1013 Secundo
1453 987 1494 1013 est
1509 984 1587 1013 stella
1601 984 1748 1021 superior,
1764 993 1835 1022 quae
1847 988 1888 1013 est
1900 985 1983 1022 Virgo
1995 985 2083 1019 beata,

1235 1031 1377 1059 deducens
1398 1039 1448 1060 nos
1469 1031 1502 1060 ad
1524 1031 1682 1065 Christum,
1701 1032 1735 1060 de
1750 1040 1806 1068 qua
1820 1032 1899 1061 stella
1920 1031 2083 1069 intelligitur

1220 1078 1309 1115 unod
1340 1078 1441 1106 dicitur
1474 1078 1501 1106 in
1530 1079 1601 1107 lihro
1631 1079 1852 1113 Numerorumfi,
1884 1079 1931 1108 ubi
1964 1079 2083 1108 dicitur:

1237 1125 1355 1153 Orictur
1369 1125 1451 1153 stella
1467 1133 1501 1153 cac
1517 1125 1613 1159 Iacob,
1629 1129 1654 1154 ct
1669 1130 1824 1163 cous-urget
1840 1125 1925 1163 cirgya
1940 1134 1974 1154 ex
1990 1125 2085 1154 Israel

1234 1175 1260 1200 et
1276 1172 1418 1209 percutiet
1440 1172 1526 1200 (luces
1548 1172 1640 1200 Moab.
1665 1173 1745 1201 Beata
1767 1173 1851 1209 Virgo
1866 1172 1969 1201 dicitur
1984 1172 2082 1207 stella,

1235 1219 1299 1256 quia
1321 1219 1418 1248 habuit
1440 1220 1571 1248 virtutem
1601 1220 1726 1249 stabilem
1756 1223 1783 1248 et
1804 1220 2011 1254 inconcussam3
2034 1228 2084 1256 per

1234 1265 1318 1294 Moab
1340 1266 1534 1303 intelliguntur
1548 1267 1715 1303 voluptuosi.
1734 1267 1826 1295 Duces
1841 1267 1924 1295 Moab
1940 1271 2006 1295 sunt
2020 1267 2084 1296 dae-

1234 1321 1338 1346 mones,
1351 1313 1392 1341 vel
1410 1316 1520 1349 peccata
1531 1313 1664 1350 capitalia.
1682 1314 1734 1342 lsta
1749 1314 1827 1342 stella
1837 1314 1983 1351 percussit
1997 1314 2085 1343 (luces

1234 1359 1328 1394 Moab,
1344 1360 1370 1388 id
1385 1363 1426 1388 est
1441 1363 1544 1396 septem
1560 1364 1672 1397 peccata
1686 1361 1827 1397 capitalia:
1844 1361 1942 1398 primo,
1955 1361 2084 1398 spiritum

1234 1406 1402 1444 superbiae,
1425 1407 1491 1444 quia
1512 1407 1668 1436 humillima
1689 1407 1756 1441 fnit;
1785 1408 1914 1444 spiritum
1941 1408 2083 1442 invidiae,

1236 1454 1303 1490 quia
1324 1454 1521 1491 benignissima
1542 1454 1608 1488 suit;
1641 1455 1769 1491 spiritum
1802 1455 1994 1489 iracundiae,
2020 1455 2085 1492 quia

1236 1501 1459 1530 mansuetissima
1480 1501 1547 1535 suit;
1570 1501 1699 1538 spiritum
1721 1502 1870 1535 accidiae,
1885 1502 1952 1539 quia
1966 1502 2085 1531 devotis-

1235 1548 1305 1577 sima
1326 1548 1393 1582 suit;
1409 1548 1539 1585 spiritum
1555 1549 1713 1583 aemiliae,
1729 1549 1794 1586 quia
1810 1549 2002 1578 liberalissima
2016 1549 2084 1583 fuit;

1235 1595 1364 1632 spiritum
1384 1596 1638 1633 ‹justi-iniciiyicte,
1660 1596 1726 1633 qnia
1746 1596 1917 1625 sobriissima
1938 1596 2007 1630 fuiti
2029 1596 2084 1633 spi-

1235 1642 1321 1670 ritum
1344 1641 1499 1676 liceuriae,
1516 1642 1582 1679 quia
1603 1643 1755 1671 castissima
1775 1642 1828 1671 suit
1849 1646 1876 1672 et
1897 1643 2084 1680 integerrima.

1235 1690 1287 1718 Ista
1309 1690 1387 1718 stella
1399 1690 1547 1727 percussit
1561 1690 1647 1718 duces
1662 1690 1746 1719 Moab
1768 1693 1795 1719 et
1813 1690 1930 1719 deduxit
1951 1690 1985 1719 ad
2006 1690 2085 1719 Chri-

1235 1740 1308 1766 stum
1332 1738 1431 1774 Magos.
1454 1753 1491 1757 —-
1514 1737 1545 1765 Et
1566 1737 1637 1766 sicut
1658 1737 1820 1766 declinando
1838 1737 1871 1766 ad
1888 1737 2000 1767 Herodis
2018 1746 2086 1775 per-

1233 1783 1338 1821 fidiam
1369 1784 1460 1820 perdit
1487 1784 1569 1813 homo
1600 1784 1732 1813 ducatum
1755 1785 1850 1814 stellae
1875 1785 2031 1814 inducentis
2051 1785 2085 1814 ad

1235 1831 1393 1865 Christum,
1419 1831 1446 1859 id
1472 1834 1513 1860 est
1544 1832 1751 1869 intelligentiam
1783 1840 1878 1861 sacrae
1910 1832 2085 1869 Scripturae3

1235 1879 1273 1907 ita
1293 1878 1455 1907 declinando
1485 1878 1520 1907 ad
1551 1879 1664 1908 Herodis
1686 1878 1865 1918 hypocrisim
1888 1880 1978 1916 perdit
2003 1880 2085 1909 homo

1235 1925 1368 1954 ducatum
1389 1925 1469 1954 istius
1491 1926 1602 1960 stellae,
1624 1926 1651 1955 id
1672 1930 1714 1955 est
1739 1926 1835 1955 heatae
1856 1927 1977 1964 Virginis
1998 1927 2084 1956 dedu-

1235 1973 1322 2002 centis
1344 1981 1393 2001 nos
1414 1973 1448 2001 ad
1469 1973 1621 2002 Christum.
1638 1974 1757 2002 Herodes
1772 1974 1890 2010 figuram
1907 1974 1978 2011 gerit
1999 1974 2086 2011 hypo-

1235 2020 1378 2049 critarum.
1395 2020 1502 2049 Dicitur
1524 2020 1551 2048 in
1573 2021 1718 2058 Evangelio
1731 2021 1750 2055 ⁷,
1766 2021 1840 2058 quod
1857 2021 1993 2055 Herodes,
2009 2021 2085 2050 clam

1236 2067 1345 2095 vocatis
1366 2067 1475 2103 Magis,
1498 2067 1651 2104 (lilt'gyeutcr
1671 2067 1774 2096 didicit
1789 2067 1826 2095 ab
1841 2068 1881 2096 eis
1897 2071 2008 2104 tempus
2022 2068 2086 2097 stel-

1236 2114 1297 2147 lac,·
1318 2118 1342 2142 ct
1363 2113 1454 2142 discit:
1472 2114 1511 2142 llc
1525 2118 1549 2142 ct
1565 2114 1742 2152 interrogate
1757 2115 1909 2152 diligenter
1924 2116 1957 2144 (Ie
1976 2115 2084 2150 Puero,

1235 2165 1259 2190 et
1281 2170 1346 2190 cum
1369 2161 1553 2195 invencritis,
1577 2162 1741 2190 renuntiate
1763 2161 1851 2196 mibi,
1874 2166 1906 2191 ut
1926 2166 1952 2191 et
1972 2171 2022 2200 eqo
2040 2171 2086 2191 ve-

1235 2209 1317 2237 uieus
1338 2208 1456 2236 adorem
1480 2217 1554 2236 cum.
1577 2209 1648 2238 Dicit
1669 2209 1704 2237 ihi
1727 2209 1877 2246 Gregorius
1888 2209 1909 2244 ⁸,
1928 2210 2002 2247 quod
2018 2210 2086 2238 nihil

1236 2256 1299 2285 facit
1320 2256 1357 2284 ita
1377 2256 1516 2285 declinare
1538 2264 1553 2284 a
1574 2256 1678 2285 ducatu
1700 2257 1794 2285 heatae
1816 2257 1936 2294 Virginis
1952 2257 2023 2286 sicut
2038 2257 2086 2294 hy-

1235 2303 1360 2340 pocrisis.
1384 2303 1460 2331 Dixit
1481 2304 1615 2332 Herodes:
1632 2304 1779 2341 inquiratis
1794 2304 1945 2341 (illicenter
1961 2305 1994 2333 cle
2011 2305 2084 2333 Pue-

1235 2360 1279 2384 ro,
1303 2350 1348 2379 ubi
1372 2354 1425 2387 cst,
1448 2354 1480 2379 ut
1501 2359 1550 2388 csso
1573 2351 1689 2379 venicus
1710 2351 1829 2380 adorem
1851 2360 1925 2380 cum.
1953 2351 2086 2381 Ostende-

1235 2398 1297 2431 bat,
1320 2398 1393 2434 quod
1416 2398 1498 2426 vellet
1520 2398 1662 2435 inquirere
1683 2398 1717 2427 de
1738 2399 1826 2427 Puero
1841 2399 1875 2427 ad
1895 2399 2085 2428 adoraudum

1235 2453 1311 2478 cuin,
1334 2449 1361 2473 et
1382 2445 1480 2473 hahuit
1502 2445 1671 2474 voluntatem
1698 2446 1732 2474 ad
1764 2445 1847 2474 aliud.
1870 2445 1909 2474 Ita
1940 2445 2084 2483 hypocrita

1236 2492 1351 2529 inquirit
1376 2493 1502 2521 exterius
1530 2493 1563 2521 de
1596 2493 1748 2521 virtutihus
1776 2497 1803 2521 et
1824 2493 1911 2530 tingit,
1944 2501 1972 2522 se
2004 2494 2082 2530 sequi

1235 2539 1342 2567 beatam
1366 2539 1517 2575 Virginem,
1533 2543 1560 2568 et
1574 2540 1649 2568 aliud
1672 2540 1795 2568 intendit.
1820 2539 1845 2568 Si
1867 2539 1958 2576 fingis,
1978 2542 2004 2568 te
2025 2547 2084 2568 esse

1235 2585 1382 2620 lumzilciu,
1399 2590 1425 2615 ct
1440 2595 1469 2615 es
1491 2587 1645 2623 snperln1s3
1668 2587 1748 2623 tingis
1770 2590 1796 2615 te
1819 2586 1984 2623 bentgmum,
2008 2589 2034 2615 et
2055 2594 2085 2615 es

1235 2633 1360 2668 invidus,
1394 2634 1474 2670 fingis
1507 2637 1532 2663 te
1564 2638 1769 2668 uuiusuctuni,
1802 2638 1829 2662 et
1861 2642 1890 2662 es
1917 2633 2084 2667 iracundus;

1235 2680 1385 2714 (lebetum,
1407 2684 1434 2709 et
1455 2689 1484 2710 es
1505 2681 1673 2714 accidiosus3
1696 2681 1853 2714 liberalem,
1875 2684 1902 2709 et
1924 2688 1953 2709 es
1967 2688 2084 2713 avarus;

391 2845 398 2857 ¹
418 2845 474 2873 Cap.
493 2847 535 2872 lio,
553 2846 574 2868 6.

391 2884 399 2897 :-
418 2885 474 2913 Cap.
496 2886 518 2912 1,
540 2886 574 2907 ie.

391 2923 399 2936 ³
418 2925 477 2946 loun.
497 2925 538 2951 20,
557 2925 598 2951 Ξθς
616 2925 720 2953 sequitur
737 2925 752 2946 1.
770 2925 829 2947 ioan.
853 2925 870 2951 1,
892 2925 910 2947 1,
928 2931 976 2953 seq.

390 2963 400 2975 4
418 2964 498 2986 Sermo
516 2964 538 2986 7.
558 2964 579 2985 in
597 2964 671 2986 Nativ.
691 2964 796 2991 DoniinI,
814 2970 833 2986 c.
856 2965 873 2986 1.

1301 2844 1309 2856 5
1327 2845 1456 2872 Respicitur
1475 2846 1488 2866 l.
1507 2845 1565 2867 Tim.
1589 2845 1606 2872 l,
1629 2844 1650 2872 ἲς
1669 2848 1690 2867 et
1708 2844 1791 2866 (lciude
1810 2843 1836 2870 4,
1859 2844 1880 2871 Ι;
1899 2843 1984 2866 Coloss.
2003 2844 2024 2869 2,
2043 2843 2064 2864 8.

1300 2883 1308 2896 '⁵
1326 2883 1381 2911 Cup.
1400 2884 1436 2910 21,
1459 2884 1492 2905 17.
1861 2882 1868 2894 Τ
1887 2883 1963 2904 Manu.
1983 2883 2004 2909 2,
2021 2881 2043 2904 7.
2062 2882 2084 2903 8.

1299 2922 1307 2934 *⁸³
1326 2923 1407 2945 [loinil.
1430 2924 1462 2944 10.
1481 2930 1503 2945 n.
1522 2923 1548 2951 3,
1566 2922 1606 2945 ubi
1624 2925 1711 2945 tantuin
1730 2922 1796 2949 dicit,
1817 2921 1933 2944 Herodem
1953 2921 2085 2949 hypocritas

1236 2962 1372 2990 designare,
1390 2962 1429 2990 qui
1449 2963 1522 2984 lcsiini
1541 2962 1644 2984 invenire
1663 2966 1788 2990 nequeunt.

2208 317 2210 353 l

2208 358 2210 379 i

2107 383 2211 406 Quomodo:

2107 406 2202 430 perdatur.
2210 417 2211 429 1

2210 444 2211 463 l

2212 586 2215 644 l

2101 757 2193 776 noi-tatio.
2228 762 2231 770 ¹

2097 991 2154 1010 Stella
2167 996 2215 1015 supe

2097 1015 2142 1037 rior,
2155 1015 2216 1034 illaria.

2111 1743 2208 1768 Quomodo
2233 1754 2235 1763 ι

2111 1767 2207 1792 perdatur.
2234 1779 2235 1790 2
