<?xml version="1.0" encoding="UTF-8"?>
<!DOCTYPE html PUBLIC "-//W3C//DTD XHTML 1.0 Transitional//EN"
    "http://www.w3.org/TR/xhtml1/DTD/xhtml1-transitional.dtd">
<html xmlns="http://www.w3.org/1999/xhtml" xml:lang="en" lang="en">
 <head>
  <title>
</title>
<meta http-equiv="Content-Type" content="text/html;charset=utf-8" />
  <meta name='ocr-system' content='tesseract 3.04.00' />
  <meta name='ocr-capabilities' content='ocr_page ocr_carea ocr_par ocr_line ocrx_word'/>
</head>
<body>
  <div class='ocr_page' id='page_1' title='image "./doctorisseraphic09bona_0587.png"; bbox 0 0 2243 3348; ppageno 0'>
   <div class='ocr_carea' id='block_1_1' title="bbox 41 413 127 607">
    <p class='ocr_par' dir='ltr' id='par_1_1' title="bbox 41 396 127 607">
     <span class='ocr_line' id='line_1_1' title="bbox 45 413 127 434; baseline -0.012 -1.012"><span class='ocrx_word' id='word_1_1' title='bbox 45 420 54 434; x_wconf 74' lang='lat' dir='ltr'>a</span> <span class='ocrx_word' id='word_1_2' title='bbox 66 413 127 433; x_wconf 79' lang='lat' dir='ltr'>tertio.</span> 
     </span>
     <span class='ocr_line' id='line_1_2' title="bbox 41 473 45 522; baseline 0 0"><span class='ocrx_word' id='word_1_3' title='bbox 41 473 45 522; x_wconf 85' lang='lat' dir='ltr'>i</span> 
     </span>
     <span class='ocr_line' id='line_1_3' title="bbox 41 586 42 607; baseline 0 0"><span class='ocrx_word' id='word_1_4' title='bbox 41 586 42 607; x_wconf 79' lang='grc'>1</span> 
     </span>
    </p>
   </div>
   <div class='ocr_carea' id='block_1_2' title="bbox 22 832 115 875">
    <p class='ocr_par' dir='ltr' id='par_1_2' title="bbox 22 832 115 875">
     <span class='ocr_line' id='line_1_4' title="bbox 22 832 115 856; baseline -0.011 -4"><span class='ocrx_word' id='word_1_5' title='bbox 22 834 49 856; x_wconf 59' lang='lat'>:¹0</span> <span class='ocrx_word' id='word_1_6' title='bbox 61 832 115 851; x_wconf 78' lang='lat' dir='ltr'>tertia</span> 
     </span>
     <span class='ocr_line' id='line_1_5' title="bbox 25 856 108 875; baseline 0.012 -2"><span class='ocrx_word' id='word_1_7' title='bbox 25 866 29 873; x_wconf 65' lang='grc'><strong>«</strong></span> <span class='ocrx_word' id='word_1_8' title='bbox 41 856 108 875; x_wconf 77' lang='lat' dir='ltr'>atione.</span> 
     </span>
    </p>
   </div>
   <div class='ocr_carea' id='block_1_3' title="bbox 32 893 36 940">
    <p class='ocr_par' dir='ltr' id='par_1_3' title="bbox 32 893 36 940">
     <span class='ocr_line' id='line_1_6' title="bbox 32 893 36 907; baseline 0 0"><span class='ocrx_word' id='word_1_9' title='bbox 32 893 36 907; x_wconf 72' lang='lat' dir='ltr'>i</span> 
     </span>
     <span class='ocr_line' id='line_1_7' title="bbox 33 909 36 940; baseline 0 0"><span class='ocrx_word' id='word_1_10' title='bbox 33 909 36 940; x_wconf 74' lang='lat' dir='ltr'>l</span> 
     </span>
    </p>
   </div>
   <div class='ocr_carea' id='block_1_4' title="bbox 14 1607 118 1669">
    <p class='ocr_par' dir='ltr' id='par_1_4' title="bbox 14 1607 118 1669">
     <span class='ocr_line' id='line_1_8' title="bbox 19 1607 20 1614; baseline 0 0"><span class='ocrx_word' id='word_1_11' title='bbox 19 1607 20 1614; x_wconf 53' lang='lat' dir='ltr'>i</span> 
     </span>
     <span class='ocr_line' id='line_1_9' title="bbox 18 1624 118 1650; baseline 0.01 -6"><span class='ocrx_word' id='word_1_12' title='bbox 18 1624 40 1645; x_wconf 66' lang='lat' dir='ltr'>&#39;Je</span> <span class='ocrx_word' id='word_1_13' title='bbox 52 1628 118 1650; x_wconf 85' lang='lat' dir='ltr'>quarta</span> 
     </span>
     <span class='ocr_line' id='line_1_10' title="bbox 14 1650 103 1669; baseline 0 -1"><span class='ocrx_word' id='word_1_14' title='bbox 14 1655 20 1664; x_wconf 55' lang='lat' dir='ltr'>*r</span> <span class='ocrx_word' id='word_1_15' title='bbox 25 1650 103 1669; x_wconf 80' lang='lat' dir='ltr'>ratione.</span> 
     </span>
    </p>
   </div>
   <div class='ocr_carea' id='block_1_5' title="bbox 712 191 1329 223">
    <p class='ocr_par' dir='ltr' id='par_1_5' title="bbox 712 191 1329 223">
     <span class='ocr_line' id='line_1_11' title="bbox 712 191 1329 223; baseline 0.008 -5"><span class='ocrx_word' id='word_1_16' title='bbox 712 191 755 219; x_wconf 89' lang='lat' dir='ltr'>DE</span> <span class='ocrx_word' id='word_1_17' title='bbox 777 192 801 219; x_wconf 82' lang='lat' dir='ltr'>S.</span> <span class='ocrx_word' id='word_1_18' title='bbox 825 192 922 221; x_wconf 59' lang='lat' dir='ltr'><strong>MARM</strong></span> <span class='ocrx_word' id='word_1_19' title='bbox 944 192 1148 222; x_wconf 72' lang='lat' dir='ltr'>MAGDALENA.</span> <span class='ocrx_word' id='word_1_20' title='bbox 1171 194 1280 223; x_wconf 83' lang='lat' dir='ltr'>SERMO</span> <span class='ocrx_word' id='word_1_21' title='bbox 1303 195 1329 223; x_wconf 89' lang='lat'>11.</span> 
     </span>
    </p>
   </div>
   <div class='ocr_carea' id='block_1_6' title="bbox 136 266 991 2313">
    <p class='ocr_par' dir='ltr' id='par_1_6' title="bbox 136 266 991 2313">
     <span class='ocr_line' id='line_1_12' title="bbox 146 266 991 303; baseline 0.005 -9"><span class='ocrx_word' id='word_1_22' title='bbox 146 266 268 300; x_wconf 85' lang='lat' dir='ltr'>animae,</span> <span class='ocrx_word' id='word_1_23' title='bbox 290 274 361 303; x_wconf 89' lang='lat' dir='ltr'>quae</span> <span class='ocrx_word' id='word_1_24' title='bbox 382 266 500 295; x_wconf 82' lang='lat' dir='ltr'>animam</span> <span class='ocrx_word' id='word_1_25' title='bbox 523 268 659 296; x_wconf 89' lang='lat' dir='ltr'>convertit</span> <span class='ocrx_word' id='word_1_26' title='bbox 679 268 706 296; x_wconf 91' lang='lat' dir='ltr'>in</span> <span class='ocrx_word' id='word_1_27' title='bbox 729 268 825 297; x_wconf 90' lang='lat' dir='ltr'>Deum.</span> <span class='ocrx_word' id='word_1_28' title='bbox 841 270 936 297; x_wconf 85' lang='lat' dir='ltr'>Anima</span> <span class='ocrx_word' id='word_1_29' title='bbox 950 273 991 298; x_wconf 87' lang='lat' dir='ltr'>est</span> 
     </span>
     <span class='ocr_line' id='line_1_13' title="bbox 147 313 990 351; baseline 0.004 -9"><span class='ocrx_word' id='word_1_30' title='bbox 147 313 218 342; x_wconf 85' lang='lat' dir='ltr'>sicut</span> <span class='ocrx_word' id='word_1_31' title='bbox 238 313 366 349; x_wconf 81' lang='lat' dir='ltr'><strong>Angelus,</strong></span> <span class='ocrx_word' id='word_1_32' title='bbox 388 316 415 341; x_wconf 87' lang='lat' dir='ltr'>et</span> <span class='ocrx_word' id='word_1_33' title='bbox 435 313 469 342; x_wconf 87' lang='lat' dir='ltr'>ad</span> <span class='ocrx_word' id='word_1_34' title='bbox 490 314 563 350; x_wconf 90' lang='lat' dir='ltr'>quod</span> <span class='ocrx_word' id='word_1_35' title='bbox 585 322 614 343; x_wconf 87' lang='lat' dir='ltr'>se</span> <span class='ocrx_word' id='word_1_36' title='bbox 629 316 779 349; x_wconf 86' lang='lat' dir='ltr'>convertit,</span> <span class='ocrx_word' id='word_1_37' title='bbox 802 323 912 345; x_wconf 84' lang='lat' dir='ltr'>necesse</span> <span class='ocrx_word' id='word_1_38' title='bbox 934 320 990 351; x_wconf 87' lang='lat' dir='ltr'>est,</span> 
     </span>
     <span class='ocr_line' id='line_1_14' title="bbox 147 359 991 400; baseline 0.005 -13"><span class='ocrx_word' id='word_1_39' title='bbox 147 359 220 397; x_wconf 90' lang='lat' dir='ltr'>quod</span> <span class='ocrx_word' id='word_1_40' title='bbox 241 360 268 387; x_wconf 91' lang='lat' dir='ltr'>in</span> <span class='ocrx_word' id='word_1_41' title='bbox 290 359 381 396; x_wconf 84' lang='lat' dir='ltr'>ipsum</span> <span class='ocrx_word' id='word_1_42' title='bbox 403 360 626 394; x_wconf 72' lang='lat' dir='ltr'>transformetur,</span> <span class='ocrx_word' id='word_1_43' title='bbox 642 362 713 390; x_wconf 88' lang='lat' dir='ltr'>sicut</span> <span class='ocrx_word' id='word_1_44' title='bbox 731 362 874 398; x_wconf 88' lang='lat' dir='ltr'>speculum</span> <span class='ocrx_word' id='word_1_45' title='bbox 894 363 991 400; x_wconf 79' lang='lat' dir='ltr'>recipit</span> 
     </span>
     <span class='ocr_line' id='line_1_15' title="bbox 147 405 990 443; baseline 0.002 -9"><span class='ocrx_word' id='word_1_46' title='bbox 147 405 351 434; x_wconf 88' lang='lat' dir='ltr'>similitudinem</span> <span class='ocrx_word' id='word_1_47' title='bbox 374 406 448 439; x_wconf 88' lang='lat' dir='ltr'>eius,</span> <span class='ocrx_word' id='word_1_48' title='bbox 470 406 504 434; x_wconf 89' lang='lat' dir='ltr'>ad</span> <span class='ocrx_word' id='word_1_49' title='bbox 525 406 598 443; x_wconf 88' lang='lat' dir='ltr'>quod</span> <span class='ocrx_word' id='word_1_50' title='bbox 627 415 656 435; x_wconf 87' lang='lat' dir='ltr'>se</span> <span class='ocrx_word' id='word_1_51' title='bbox 676 408 820 436; x_wconf 85' lang='lat' dir='ltr'>convertit.</span> <span class='ocrx_word' id='word_1_52' title='bbox 850 424 887 428; x_wconf 90' lang='lat'>—</span> <span class='ocrx_word' id='word_1_53' title='bbox 909 408 990 442; x_wconf 84' lang='lat' dir='ltr'>item,</span> 
     </span>
     <span class='ocr_line' id='line_1_16' title="bbox 146 452 991 489; baseline 0.002 -8"><span class='ocrx_word' id='word_1_54' title='bbox 146 456 262 489; x_wconf 88' lang='lat' dir='ltr'>oportet,</span> <span class='ocrx_word' id='word_1_55' title='bbox 284 452 357 489; x_wconf 85' lang='lat' dir='ltr'>quod</span> <span class='ocrx_word' id='word_1_56' title='bbox 373 452 396 481; x_wconf 93' lang='lat' dir='ltr'>ei</span> <span class='ocrx_word' id='word_1_57' title='bbox 416 452 582 489; x_wconf 57' lang='lat' dir='ltr'>copulatam</span> <span class='ocrx_word' id='word_1_58' title='bbox 600 453 673 482; x_wconf 90' lang='lat' dir='ltr'>unde</span> <span class='ocrx_word' id='word_1_59' title='bbox 689 454 714 481; x_wconf 93' lang='lat' dir='ltr'>in</span> <span class='ocrx_word' id='word_1_60' title='bbox 737 454 855 483; x_wconf 85' lang='lat' dir='ltr'>Canticis</span> <span class='ocrx_word' id='word_1_61' title='bbox 868 456 892 482; x_wconf 84' lang='lat'>1:</span> <span class='ocrx_word' id='word_1_62' title='bbox 921 455 991 483; x_wconf 87' lang='lat' dir='ltr'>Tota</span> 
     </span>
     <span class='ocr_line' id='line_1_17' title="bbox 144 499 989 537; baseline 0.001 -9"><span class='ocrx_word' id='word_1_63' title='bbox 144 499 250 537; x_wconf 77' lang='lat' dir='ltr'>palera</span> <span class='ocrx_word' id='word_1_64' title='bbox 271 508 316 532; x_wconf 77' lang='lat' dir='ltr'>es,</span> <span class='ocrx_word' id='word_1_65' title='bbox 338 499 437 527; x_wconf 80' lang='lat' dir='ltr'>amica</span> <span class='ocrx_word' id='word_1_66' title='bbox 459 507 540 533; x_wconf 79' lang='lat' dir='ltr'>mea,</span> <span class='ocrx_word' id='word_1_67' title='bbox 565 503 591 527; x_wconf 83' lang='lat' dir='ltr'>et</span> <span class='ocrx_word' id='word_1_68' title='bbox 612 500 731 528; x_wconf 75' lang='lat' dir='ltr'>macuta</span> <span class='ocrx_word' id='word_1_69' title='bbox 752 509 809 528; x_wconf 71' lang='lat' dir='ltr'>ozon</span> <span class='ocrx_word' id='word_1_70' title='bbox 837 504 877 528; x_wconf 68' lang='lat' dir='ltr'>est</span> <span class='ocrx_word' id='word_1_71' title='bbox 897 501 927 529; x_wconf 72' lang='lat' dir='ltr'>in</span> <span class='ocrx_word' id='word_1_72' title='bbox 957 505 989 529; x_wconf 82' lang='lat' dir='ltr'>te.</span> 
     </span>
     <span class='ocr_line' id='line_1_18' title="bbox 147 545 990 583; baseline 0.002 -10"><span class='ocrx_word' id='word_1_73' title='bbox 147 546 176 574; x_wconf 89' lang='lat' dir='ltr'>Et</span> <span class='ocrx_word' id='word_1_74' title='bbox 196 546 262 574; x_wconf 88' lang='lat' dir='ltr'>dicit</span> <span class='ocrx_word' id='word_1_75' title='bbox 282 545 373 573; x_wconf 86' lang='lat' dir='ltr'>anima</span> <span class='ocrx_word' id='word_1_76' title='bbox 394 548 496 579; x_wconf 82' lang='lat' dir='ltr'>sancta,</span> <span class='ocrx_word' id='word_1_77' title='bbox 517 549 591 574; x_wconf 82' lang='lat' dir='ltr'>casta</span> <span class='ocrx_word' id='word_1_78' title='bbox 612 549 639 574; x_wconf 89' lang='lat' dir='ltr'>et</span> <span class='ocrx_word' id='word_1_79' title='bbox 660 546 772 582; x_wconf 88' lang='lat' dir='ltr'>pulcra:</span> <span class='ocrx_word' id='word_1_80' title='bbox 793 555 845 574; x_wconf 88' lang='lat' dir='ltr'>non</span> <span class='ocrx_word' id='word_1_81' title='bbox 862 550 903 575; x_wconf 86' lang='lat' dir='ltr'>est</span> <span class='ocrx_word' id='word_1_82' title='bbox 918 547 990 583; x_wconf 58' lang='lat' dir='ltr'>(pur</span> 
     </span>
     <span class='ocr_line' id='line_1_19' title="bbox 145 592 989 629; baseline 0.001 -9"><span class='ocrx_word' id='word_1_83' title='bbox 145 592 253 621; x_wconf 84' lang='lat' dir='ltr'>critudo</span> <span class='ocrx_word' id='word_1_84' title='bbox 274 592 336 628; x_wconf 82' lang='lat' dir='ltr'>ista)</span> <span class='ocrx_word' id='word_1_85' title='bbox 358 600 374 620; x_wconf 88' lang='lat' dir='ltr'>a</span> <span class='ocrx_word' id='word_1_86' title='bbox 395 599 452 626; x_wconf 85' lang='lat' dir='ltr'>me,</span> <span class='ocrx_word' id='word_1_87' title='bbox 474 592 520 621; x_wconf 90' lang='lat' dir='ltr'>sed</span> <span class='ocrx_word' id='word_1_88' title='bbox 542 600 557 620; x_wconf 89' lang='lat' dir='ltr'>a</span> <span class='ocrx_word' id='word_1_89' title='bbox 578 595 620 626; x_wconf 87' lang='lat' dir='ltr'>te;</span> <span class='ocrx_word' id='word_1_90' title='bbox 644 597 674 620; x_wconf 82' lang='lat' dir='ltr'>ta</span> <span class='ocrx_word' id='word_1_91' title='bbox 693 592 814 629; x_wconf 68' lang='lat' dir='ltr'>pulcher</span> <span class='ocrx_word' id='word_1_92' title='bbox 828 602 857 621; x_wconf 76' lang='lat' dir='ltr'>es</span> <span class='ocrx_word' id='word_1_93' title='bbox 872 597 896 621; x_wconf 80' lang='lat' dir='ltr'>et</span> <span class='ocrx_word' id='word_1_94' title='bbox 911 594 989 621; x_wconf 80' lang='lat' dir='ltr'>deco-</span> 
     </span>
     <span class='ocr_line' id='line_1_20' title="bbox 144 639 988 676; baseline 0 -9"><span class='ocrx_word' id='word_1_95' title='bbox 144 647 208 673; x_wconf 73' lang='lat' dir='ltr'>rus,</span> <span class='ocrx_word' id='word_1_96' title='bbox 224 639 301 676; x_wconf 82' lang='lat' dir='ltr'>quasi</span> <span class='ocrx_word' id='word_1_97' title='bbox 323 639 410 668; x_wconf 88' lang='lat' dir='ltr'>dicat:</span> <span class='ocrx_word' id='word_1_98' title='bbox 425 646 460 667; x_wconf 85' lang='lat' dir='ltr'>ex</span> <span class='ocrx_word' id='word_1_99' title='bbox 476 647 532 675; x_wconf 83' lang='lat' dir='ltr'>quo</span> <span class='ocrx_word' id='word_1_100' title='bbox 554 646 685 667; x_wconf 84' lang='lat' dir='ltr'>conversa</span> <span class='ocrx_word' id='word_1_101' title='bbox 708 646 768 667; x_wconf 86' lang='lat' dir='ltr'>suin</span> <span class='ocrx_word' id='word_1_102' title='bbox 791 639 823 667; x_wconf 91' lang='lat' dir='ltr'>ad</span> <span class='ocrx_word' id='word_1_103' title='bbox 846 643 872 667; x_wconf 89' lang='lat' dir='ltr'>te</span> <span class='ocrx_word' id='word_1_104' title='bbox 893 643 920 668; x_wconf 87' lang='lat' dir='ltr'>et</span> <span class='ocrx_word' id='word_1_105' title='bbox 941 639 988 668; x_wconf 89' lang='lat' dir='ltr'>tibi</span> 
     </span>
     <span class='ocr_line' id='line_1_21' title="bbox 144 685 989 723; baseline 0 -9"><span class='ocrx_word' id='word_1_106' title='bbox 144 686 279 723; x_wconf 88' lang='lat' dir='ltr'>copulata,</span> <span class='ocrx_word' id='word_1_107' title='bbox 300 693 411 714; x_wconf 86' lang='lat' dir='ltr'>necesse</span> <span class='ocrx_word' id='word_1_108' title='bbox 432 689 481 719; x_wconf 87' lang='lat' dir='ltr'>est,</span> <span class='ocrx_word' id='word_1_109' title='bbox 504 685 576 722; x_wconf 89' lang='lat' dir='ltr'>quod</span> <span class='ocrx_word' id='word_1_110' title='bbox 599 685 757 722; x_wconf 76' lang='lat' dir='ltr'>pulcritudo</span> <span class='ocrx_word' id='word_1_111' title='bbox 779 689 827 714; x_wconf 88' lang='lat' dir='ltr'>tua</span> <span class='ocrx_word' id='word_1_112' title='bbox 847 689 875 714; x_wconf 89' lang='lat' dir='ltr'>et</span> <span class='ocrx_word' id='word_1_113' title='bbox 895 686 989 714; x_wconf 88' lang='lat' dir='ltr'>simili-</span> 
     </span>
     <span class='ocr_line' id='line_1_22' title="bbox 144 732 928 769; baseline -0.001 -8"><span class='ocrx_word' id='word_1_114' title='bbox 144 732 210 761; x_wconf 84' lang='lat' dir='ltr'>tudo</span> <span class='ocrx_word' id='word_1_115' title='bbox 231 735 311 761; x_wconf 89' lang='lat' dir='ltr'>ornet</span> <span class='ocrx_word' id='word_1_116' title='bbox 332 740 383 761; x_wconf 87' lang='lat' dir='ltr'>me.</span> <span class='ocrx_word' id='word_1_117' title='bbox 406 732 558 769; x_wconf 87' lang='lat' dir='ltr'>Diligamus</span> <span class='ocrx_word' id='word_1_118' title='bbox 579 732 663 769; x_wconf 88' lang='lat' dir='ltr'>igitur</span> <span class='ocrx_word' id='word_1_119' title='bbox 685 732 813 768; x_wconf 83' lang='lat' dir='ltr'>exemplo</span> <span class='ocrx_word' id='word_1_120' title='bbox 833 732 928 769; x_wconf 88' lang='lat' dir='ltr'>ipsius.</span> 
     </span>
     <span class='ocr_line' id='line_1_23' title="bbox 221 779 989 816; baseline 0 -9"><span class='ocrx_word' id='word_1_121' title='bbox 221 779 312 808; x_wconf 88' lang='lat' dir='ltr'>Tertio</span> <span class='ocrx_word' id='word_1_122' title='bbox 328 783 456 807; x_wconf 89' lang='lat' dir='ltr'>movetur</span> <span class='ocrx_word' id='word_1_123' title='bbox 470 779 570 816; x_wconf 86' lang='lat' dir='ltr'>aliquis</span> <span class='ocrx_word' id='word_1_124' title='bbox 591 779 623 807; x_wconf 90' lang='lat' dir='ltr'>ad</span> <span class='ocrx_word' id='word_1_125' title='bbox 639 779 793 807; x_wconf 84' lang='lat' dir='ltr'>faciendum</span> <span class='ocrx_word' id='word_1_126' title='bbox 809 779 911 815; x_wconf 85' lang='lat' dir='ltr'>aliquid</span> <span class='ocrx_word' id='word_1_127' title='bbox 928 787 989 815; x_wconf 89' lang='lat' dir='ltr'>pro-</span> 
     </span>
     <span class='ocr_line' id='line_1_24' title="bbox 144 826 988 864; baseline -0.002 -9"><span class='ocrx_word' id='word_1_128' title='bbox 144 830 204 864; x_wconf 84' lang='lat' dir='ltr'>pter</span> <span class='ocrx_word' id='word_1_129' title='bbox 225 827 404 855; x_wconf 68' lang='lat' dir='ltr'>servandam</span> <span class='ocrx_word' id='word_1_130' title='bbox 420 826 588 859; x_wconf 67' lang='lat' dir='ltr'>ltonestmm</span> <span class='ocrx_word' id='word_1_131' title='bbox 610 829 636 854; x_wconf 90' lang='lat' dir='ltr'>et</span> <span class='ocrx_word' id='word_1_132' title='bbox 657 833 693 854; x_wconf 80' lang='lat' dir='ltr'>ex</span> <span class='ocrx_word' id='word_1_133' title='bbox 710 826 760 854; x_wconf 83' lang='lat' dir='ltr'>hoc</span> <span class='ocrx_word' id='word_1_134' title='bbox 782 829 855 854; x_wconf 89' lang='lat' dir='ltr'>mota</span> <span class='ocrx_word' id='word_1_135' title='bbox 869 826 921 854; x_wconf 91' lang='lat' dir='ltr'>fuit</span> <span class='ocrx_word' id='word_1_136' title='bbox 936 826 988 854; x_wconf 87' lang='lat' dir='ltr'>ista</span> 
     </span>
     <span class='ocr_line' id='line_1_25' title="bbox 143 872 987 909; baseline -0.002 -7"><span class='ocrx_word' id='word_1_137' title='bbox 143 874 176 902; x_wconf 87' lang='lat' dir='ltr'>ad</span> <span class='ocrx_word' id='word_1_138' title='bbox 196 873 368 902; x_wconf 87' lang='lat' dir='ltr'>dilectionem</span> <span class='ocrx_word' id='word_1_139' title='bbox 392 873 502 901; x_wconf 82' lang='lat' dir='ltr'>Christi.</span> <span class='ocrx_word' id='word_1_140' title='bbox 523 872 632 906; x_wconf 82' lang='lat' dir='ltr'>Videte,</span> <span class='ocrx_word' id='word_1_141' title='bbox 655 872 801 909; x_wconf 90' lang='lat' dir='ltr'>quomodo.</span> <span class='ocrx_word' id='word_1_142' title='bbox 824 872 895 900; x_wconf 92' lang='lat' dir='ltr'>Nihil</span> <span class='ocrx_word' id='word_1_143' title='bbox 915 872 987 900; x_wconf 88' lang='lat' dir='ltr'>enim</span> 
     </span>
     <span class='ocr_line' id='line_1_26' title="bbox 142 919 987 956; baseline -0.004 -7"><span class='ocrx_word' id='word_1_144' title='bbox 142 923 183 949; x_wconf 86' lang='lat' dir='ltr'>est</span> <span class='ocrx_word' id='word_1_145' title='bbox 197 920 321 954; x_wconf 88' lang='lat' dir='ltr'>dulcius,</span> <span class='ocrx_word' id='word_1_146' title='bbox 337 920 404 948; x_wconf 91' lang='lat' dir='ltr'>nihil</span> <span class='ocrx_word' id='word_1_147' title='bbox 423 919 522 948; x_wconf 87' lang='lat' dir='ltr'>iustius</span> <span class='ocrx_word' id='word_1_148' title='bbox 537 927 620 956; x_wconf 87' lang='lat' dir='ltr'>quam</span> <span class='ocrx_word' id='word_1_149' title='bbox 635 927 728 947; x_wconf 85' lang='lat' dir='ltr'>amare</span> <span class='ocrx_word' id='word_1_150' title='bbox 743 919 892 947; x_wconf 84' lang='lat' dir='ltr'>Christum.</span> <span class='ocrx_word' id='word_1_151' title='bbox 908 919 987 947; x_wconf 73' lang='lat' dir='ltr'>Nulla</span> 
     </span>
     <span class='ocr_line' id='line_1_27' title="bbox 142 965 985 1003; baseline -0.002 -8"><span class='ocrx_word' id='word_1_152' title='bbox 142 967 215 996; x_wconf 91' lang='lat' dir='ltr'>enim</span> <span class='ocrx_word' id='word_1_153' title='bbox 237 970 279 995; x_wconf 89' lang='lat' dir='ltr'>est</span> <span class='ocrx_word' id='word_1_154' title='bbox 301 966 468 1003; x_wconf 78' lang='lat' dir='ltr'>comparatio</span> <span class='ocrx_word' id='word_1_155' title='bbox 489 966 522 994; x_wconf 88' lang='lat' dir='ltr'>ad</span> <span class='ocrx_word' id='word_1_156' title='bbox 539 965 711 994; x_wconf 87' lang='lat' dir='ltr'>dilectionem</span> <span class='ocrx_word' id='word_1_157' title='bbox 727 973 815 994; x_wconf 90' lang='lat' dir='ltr'>suam.</span> <span class='ocrx_word' id='word_1_158' title='bbox 832 966 890 1002; x_wconf 84' lang='lat' dir='ltr'>lpse</span> <span class='ocrx_word' id='word_1_159' title='bbox 904 965 985 993; x_wconf 90' lang='lat' dir='ltr'>dicit:</span> 
     </span>
     <span class='ocr_line' id='line_1_28' title="bbox 143 1011 985 1051; baseline -0.004 -9"><span class='ocrx_word' id='word_1_160' title='bbox 143 1015 201 1051; x_wconf 71' lang='lat' dir='ltr'>Eyo</span> <span class='ocrx_word' id='word_1_161' title='bbox 223 1013 371 1051; x_wconf 70' lang='lat' dir='ltr'>ctittyemes</span> <span class='ocrx_word' id='word_1_162' title='bbox 398 1021 443 1041; x_wconf 82' lang='lat' dir='ltr'>me</span> <span class='ocrx_word' id='word_1_163' title='bbox 474 1013 563 1050; x_wconf 66' lang='lat' dir='ltr'>clitiyo</span> <span class='ocrx_word' id='word_1_164' title='bbox 579 1013 598 1040; x_wconf 79' lang='lat'>2.</span> <span class='ocrx_word' id='word_1_165' title='bbox 621 1012 706 1040; x_wconf 89' lang='lat' dir='ltr'>David</span> <span class='ocrx_word' id='word_1_166' title='bbox 735 1011 950 1048; x_wconf 79' lang='lat' dir='ltr'>reprehenditur</span> <span class='ocrx_word' id='word_1_167' title='bbox 965 1012 985 1046; x_wconf 71' lang='lat'>3,</span> 
     </span>
     <span class='ocr_line' id='line_1_29' title="bbox 141 1058 986 1098; baseline -0.004 -9"><span class='ocrx_word' id='word_1_168' title='bbox 141 1069 172 1090; x_wconf 90' lang='lat' dir='ltr'>eo</span> <span class='ocrx_word' id='word_1_169' title='bbox 194 1061 268 1098; x_wconf 88' lang='lat' dir='ltr'>quod</span> <span class='ocrx_word' id='word_1_170' title='bbox 299 1060 360 1089; x_wconf 90' lang='lat' dir='ltr'>odio</span> <span class='ocrx_word' id='word_1_171' title='bbox 393 1060 489 1088; x_wconf 88' lang='lat' dir='ltr'>babuit</span> <span class='ocrx_word' id='word_1_172' title='bbox 520 1060 663 1096; x_wconf 80' lang='lat' dir='ltr'>diligentes</span> <span class='ocrx_word' id='word_1_173' title='bbox 691 1059 797 1095; x_wconf 88' lang='lat' dir='ltr'>ipsum;</span> <span class='ocrx_word' id='word_1_174' title='bbox 830 1058 986 1087; x_wconf 77' lang='lat' dir='ltr'>innaturale</span> 
     </span>
     <span class='ocr_line' id='line_1_30' title="bbox 140 1105 985 1144; baseline -0.004 -8"><span class='ocrx_word' id='word_1_175' title='bbox 140 1108 213 1137; x_wconf 90' lang='lat' dir='ltr'>enim</span> <span class='ocrx_word' id='word_1_176' title='bbox 234 1110 291 1141; x_wconf 84' lang='lat' dir='ltr'>est,</span> <span class='ocrx_word' id='word_1_177' title='bbox 314 1107 387 1144; x_wconf 87' lang='lat' dir='ltr'>quod</span> <span class='ocrx_word' id='word_1_178' title='bbox 409 1107 491 1135; x_wconf 85' lang='lat' dir='ltr'>homo</span> <span class='ocrx_word' id='word_1_179' title='bbox 514 1114 566 1135; x_wconf 91' lang='lat' dir='ltr'>non</span> <span class='ocrx_word' id='word_1_180' title='bbox 589 1106 683 1143; x_wconf 87' lang='lat' dir='ltr'>diligat</span> <span class='ocrx_word' id='word_1_181' title='bbox 707 1106 863 1142; x_wconf 80' lang='lat' dir='ltr'>diligentem</span> <span class='ocrx_word' id='word_1_182' title='bbox 885 1105 985 1142; x_wconf 88' lang='lat' dir='ltr'>ipsum.</span> 
     </span>
     <span class='ocr_line' id='line_1_31' title="bbox 141 1153 985 1190; baseline -0.004 -7"><span class='ocrx_word' id='word_1_183' title='bbox 141 1155 165 1183; x_wconf 90' lang='lat' dir='ltr'>Si</span> <span class='ocrx_word' id='word_1_184' title='bbox 187 1154 314 1183; x_wconf 88' lang='lat' dir='ltr'>Christus</span> <span class='ocrx_word' id='word_1_185' title='bbox 335 1154 434 1182; x_wconf 70' lang='lat' dir='ltr'>dilexit</span> <span class='ocrx_word' id='word_1_186' title='bbox 455 1162 508 1182; x_wconf 72' lang='lat' dir='ltr'>nos</span> <span class='ocrx_word' id='word_1_187' title='bbox 528 1154 613 1190; x_wconf 77' lang='lat' dir='ltr'>prior</span> <span class='ocrx_word' id='word_1_188' title='bbox 627 1154 638 1169; x_wconf 66' lang='lat'>‘¹</span> <span class='ocrx_word' id='word_1_189' title='bbox 661 1169 696 1173; x_wconf 90' lang='lat'>—</span> <span class='ocrx_word' id='word_1_190' title='bbox 719 1153 792 1182; x_wconf 89' lang='lat' dir='ltr'>unde</span> <span class='ocrx_word' id='word_1_191' title='bbox 816 1153 891 1181; x_wconf 71' lang='lat' dir='ltr'>Deus</span> <span class='ocrx_word' id='word_1_192' title='bbox 907 1153 985 1181; x_wconf 81' lang='lat' dir='ltr'>Pater</span> 
     </span>
     <span class='ocr_line' id='line_1_32' title="bbox 140 1200 985 1234; baseline -0.004 -4"><span class='ocrx_word' id='word_1_193' title='bbox 140 1201 219 1230; x_wconf 77' lang='lat' dir='ltr'>misit</span> <span class='ocrx_word' id='word_1_194' title='bbox 241 1201 349 1229; x_wconf 72' lang='lat' dir='ltr'>Filium</span> <span class='ocrx_word' id='word_1_195' title='bbox 371 1209 478 1234; x_wconf 74' lang='lat' dir='ltr'>suam,</span> <span class='ocrx_word' id='word_1_196' title='bbox 499 1203 530 1228; x_wconf 78' lang='lat' dir='ltr'>itt</span> <span class='ocrx_word' id='word_1_197' title='bbox 551 1208 603 1228; x_wconf 73' lang='lat' dir='ltr'>nos</span> <span class='ocrx_word' id='word_1_198' title='bbox 624 1200 795 1233; x_wconf 56' lang='lat' dir='ltr'>redime-ec,-</span> <span class='ocrx_word' id='word_1_199' title='bbox 825 1200 985 1228; x_wconf 85' lang='lat' dir='ltr'>omittamus</span> 
     </span>
     <span class='ocr_line' id='line_1_33' title="bbox 140 1246 985 1283; baseline -0.004 -6"><span class='ocrx_word' id='word_1_200' title='bbox 140 1249 211 1277; x_wconf 85' lang='lat' dir='ltr'>bona</span> <span class='ocrx_word' id='word_1_201' title='bbox 232 1251 347 1276; x_wconf 85' lang='lat' dir='ltr'>naturae</span> <span class='ocrx_word' id='word_1_202' title='bbox 369 1247 447 1276; x_wconf 89' lang='lat' dir='ltr'>nobis</span> <span class='ocrx_word' id='word_1_203' title='bbox 468 1248 566 1275; x_wconf 85' lang='lat' dir='ltr'>collata</span> <span class='ocrx_word' id='word_1_204' title='bbox 594 1250 620 1275; x_wconf 87' lang='lat' dir='ltr'>et</span> <span class='ocrx_word' id='word_1_205' title='bbox 648 1247 747 1283; x_wconf 80' lang='lat' dir='ltr'>gaudia</span> <span class='ocrx_word' id='word_1_206' title='bbox 769 1250 880 1275; x_wconf 84' lang='lat' dir='ltr'>aeterna</span> <span class='ocrx_word' id='word_1_207' title='bbox 905 1246 985 1275; x_wconf 84' lang='lat' dir='ltr'>nobis</span> 
     </span>
     <span class='ocr_line' id='line_1_34' title="bbox 139 1293 984 1330; baseline -0.002 -7"><span class='ocrx_word' id='word_1_208' title='bbox 139 1295 230 1324; x_wconf 87' lang='lat' dir='ltr'>oblata</span> <span class='ocrx_word' id='word_1_209' title='bbox 251 1297 278 1323; x_wconf 89' lang='lat' dir='ltr'>et</span> <span class='ocrx_word' id='word_1_210' title='bbox 299 1294 451 1328; x_wconf 86' lang='lat' dir='ltr'>mundum,</span> <span class='ocrx_word' id='word_1_211' title='bbox 474 1294 520 1330; x_wconf 87' lang='lat' dir='ltr'>qui</span> <span class='ocrx_word' id='word_1_212' title='bbox 543 1294 622 1322; x_wconf 90' lang='lat' dir='ltr'>nobis</span> <span class='ocrx_word' id='word_1_213' title='bbox 643 1297 685 1322; x_wconf 88' lang='lat' dir='ltr'>est</span> <span class='ocrx_word' id='word_1_214' title='bbox 706 1293 849 1327; x_wconf 85' lang='lat' dir='ltr'>subditus,</span> <span class='ocrx_word' id='word_1_215' title='bbox 872 1297 898 1322; x_wconf 86' lang='lat' dir='ltr'>et</span> <span class='ocrx_word' id='word_1_216' title='bbox 920 1301 984 1322; x_wconf 87' lang='lat' dir='ltr'>con-</span> 
     </span>
     <span class='ocr_line' id='line_1_35' title="bbox 139 1340 984 1378; baseline -0.002 -8"><span class='ocrx_word' id='word_1_217' title='bbox 139 1342 301 1375; x_wconf 88' lang='lat' dir='ltr'>sideremus,</span> <span class='ocrx_word' id='word_1_218' title='bbox 323 1341 397 1378; x_wconf 87' lang='lat' dir='ltr'>quod</span> <span class='ocrx_word' id='word_1_219' title='bbox 419 1340 526 1369; x_wconf 76' lang='lat' dir='ltr'>Filium</span> <span class='ocrx_word' id='word_1_220' title='bbox 548 1349 637 1368; x_wconf 75' lang='lat' dir='ltr'>suum</span> <span class='ocrx_word' id='word_1_221' title='bbox 652 1340 731 1368; x_wconf 76' lang='lat' dir='ltr'>misit</span> <span class='ocrx_word' id='word_1_222' title='bbox 752 1343 779 1369; x_wconf 88' lang='lat' dir='ltr'>et</span> <span class='ocrx_word' id='word_1_223' title='bbox 801 1340 920 1368; x_wconf 81' lang='lat' dir='ltr'>totaliter</span> <span class='ocrx_word' id='word_1_224' title='bbox 934 1348 984 1368; x_wconf 89' lang='lat' dir='ltr'>nos</span> 
     </span>
     <span class='ocr_line' id='line_1_36' title="bbox 139 1386 983 1424; baseline -0.004 -7"><span class='ocrx_word' id='word_1_225' title='bbox 139 1388 204 1417; x_wconf 90' lang='lat' dir='ltr'>emit</span> <span class='ocrx_word' id='word_1_226' title='bbox 225 1405 262 1408; x_wconf 97' lang='lat'><strong>—</strong></span> <span class='ocrx_word' id='word_1_227' title='bbox 284 1388 451 1421; x_wconf 84' lang='lat' dir='ltr'>videbimus,</span> <span class='ocrx_word' id='word_1_228' title='bbox 480 1387 553 1424; x_wconf 89' lang='lat' dir='ltr'>quod</span> <span class='ocrx_word' id='word_1_229' title='bbox 582 1390 709 1415; x_wconf 89' lang='lat' dir='ltr'>tenemur</span> <span class='ocrx_word' id='word_1_230' title='bbox 737 1387 826 1423; x_wconf 90' lang='lat' dir='ltr'>ipsum</span> <span class='ocrx_word' id='word_1_231' title='bbox 855 1386 983 1423; x_wconf 82' lang='lat' dir='ltr'>diligere3</span> 
     </span>
     <span class='ocr_line' id='line_1_37' title="bbox 139 1433 983 1472; baseline -0.002 -9"><span class='ocrx_word' id='word_1_232' title='bbox 139 1443 226 1472; x_wconf 88' lang='lat' dir='ltr'>quare</span> <span class='ocrx_word' id='word_1_233' title='bbox 240 1442 310 1471; x_wconf 43' lang='lat' dir='ltr'>ergo&gt;</span> <span class='ocrx_word' id='word_1_234' title='bbox 320 1443 373 1463; x_wconf 91' lang='lat' dir='ltr'>non</span> <span class='ocrx_word' id='word_1_235' title='bbox 388 1433 478 1463; x_wconf 89' lang='lat' dir='ltr'>reddis</span> <span class='ocrx_word' id='word_1_236' title='bbox 492 1434 516 1462; x_wconf 92' lang='lat' dir='ltr'>ei</span> <span class='ocrx_word' id='word_1_237' title='bbox 532 1442 579 1462; x_wconf 86' lang='lat' dir='ltr'>cor</span> <span class='ocrx_word' id='word_1_238' title='bbox 592 1436 691 1462; x_wconf 86' lang='lat' dir='ltr'>tuum?</span> <span class='ocrx_word' id='word_1_239' title='bbox 702 1433 781 1462; x_wconf 91' lang='lat' dir='ltr'>Certe</span> <span class='ocrx_word' id='word_1_240' title='bbox 797 1433 903 1461; x_wconf 75' lang='lat' dir='ltr'>iniuste</span> <span class='ocrx_word' id='word_1_241' title='bbox 918 1433 983 1470; x_wconf 66' lang='lat' dir='ltr'>ayis</span> 
     </span>
     <span class='ocr_line' id='line_1_38' title="bbox 140 1480 984 1518; baseline -0.004 -7"><span class='ocrx_word' id='word_1_242' title='bbox 140 1490 222 1516; x_wconf 83' lang='lat' dir='ltr'>nunc,</span> <span class='ocrx_word' id='word_1_243' title='bbox 244 1482 357 1511; x_wconf 69' lang='lat' dir='ltr'>Israelf’.</span> <span class='ocrx_word' id='word_1_244' title='bbox 381 1481 456 1515; x_wconf 90' lang='lat' dir='ltr'>Vide,</span> <span class='ocrx_word' id='word_1_245' title='bbox 479 1481 544 1518; x_wconf 90' lang='lat' dir='ltr'>quid</span> <span class='ocrx_word' id='word_1_246' title='bbox 568 1481 634 1517; x_wconf 88' lang='lat' dir='ltr'>petit</span> <span class='ocrx_word' id='word_1_247' title='bbox 650 1481 737 1514; x_wconf 88' lang='lat' dir='ltr'>Deus,</span> <span class='ocrx_word' id='word_1_248' title='bbox 757 1480 806 1509; x_wconf 89' lang='lat' dir='ltr'>nisi</span> <span class='ocrx_word' id='word_1_249' title='bbox 823 1484 855 1508; x_wconf 69' lang='lat' dir='ltr'>rut</span> <span class='ocrx_word' id='word_1_250' title='bbox 876 1480 984 1517; x_wconf 59' lang='lat' dir='ltr'>(libica-9</span> 
     </span>
     <span class='ocr_line' id='line_1_39' title="bbox 138 1527 982 1566; baseline -0.004 -9"><span class='ocrx_word' id='word_1_251' title='bbox 138 1529 236 1566; x_wconf 75' lang='lat' dir='ltr'>ipsam.</span> <span class='ocrx_word' id='word_1_252' title='bbox 257 1529 287 1557; x_wconf 83' lang='lat' dir='ltr'>in</span> <span class='ocrx_word' id='word_1_253' title='bbox 310 1531 364 1557; x_wconf 80' lang='lat' dir='ltr'>toto</span> <span class='ocrx_word' id='word_1_254' title='bbox 386 1528 471 1557; x_wconf 78' lang='lat' dir='ltr'>corde</span> <span class='ocrx_word' id='word_1_255' title='bbox 492 1532 540 1556; x_wconf 80' lang='lat' dir='ltr'>tuo</span> <span class='ocrx_word' id='word_1_256' title='bbox 562 1531 586 1556; x_wconf 75' lang='lat' dir='ltr'>et</span> <span class='ocrx_word' id='word_1_257' title='bbox 606 1527 736 1556; x_wconf 71' lang='lat' dir='ltr'>ambules</span> <span class='ocrx_word' id='word_1_258' title='bbox 758 1527 788 1555; x_wconf 76' lang='lat' dir='ltr'>iu</span> <span class='ocrx_word' id='word_1_259' title='bbox 811 1527 864 1555; x_wconf 70' lang='lat' dir='ltr'>riis</span> <span class='ocrx_word' id='word_1_260' title='bbox 885 1527 947 1555; x_wconf 72' lang='lat' dir='ltr'>eius</span> <span class='ocrx_word' id='word_1_261' title='bbox 962 1527 982 1555; x_wconf 80' lang='lat'>⁶.</span> 
     </span>
     <span class='ocr_line' id='line_1_40' title="bbox 216 1573 982 1611; baseline -0.004 -8"><span class='ocrx_word' id='word_1_262' title='bbox 216 1575 320 1611; x_wconf 85' lang='lat' dir='ltr'>Quarto</span> <span class='ocrx_word' id='word_1_263' title='bbox 336 1578 462 1603; x_wconf 89' lang='lat' dir='ltr'>movetur</span> <span class='ocrx_word' id='word_1_264' title='bbox 473 1573 573 1610; x_wconf 88' lang='lat' dir='ltr'>aliquis</span> <span class='ocrx_word' id='word_1_265' title='bbox 587 1573 620 1602; x_wconf 88' lang='lat' dir='ltr'>ad</span> <span class='ocrx_word' id='word_1_266' title='bbox 636 1573 789 1601; x_wconf 88' lang='lat' dir='ltr'>faciendum</span> <span class='ocrx_word' id='word_1_267' title='bbox 804 1573 907 1609; x_wconf 89' lang='lat' dir='ltr'>aliquid</span> <span class='ocrx_word' id='word_1_268' title='bbox 921 1581 982 1609; x_wconf 87' lang='lat' dir='ltr'>pro-</span> 
     </span>
     <span class='ocr_line' id='line_1_41' title="bbox 139 1619 982 1658; baseline -0.004 -8"><span class='ocrx_word' id='word_1_269' title='bbox 139 1625 199 1658; x_wconf 88' lang='lat' dir='ltr'>pter</span> <span class='ocrx_word' id='word_1_270' title='bbox 221 1620 384 1650; x_wconf 72' lang='lat' dir='ltr'>habendum</span> <span class='ocrx_word' id='word_1_271' title='bbox 406 1621 562 1654; x_wconf 56' lang='lat' dir='ltr'>solacium</span> <span class='ocrx_word' id='word_1_272' title='bbox 583 1620 630 1649; x_wconf 91' lang='lat' dir='ltr'>sed</span> <span class='ocrx_word' id='word_1_273' title='bbox 653 1620 718 1648; x_wconf 87' lang='lat' dir='ltr'>nihil</span> <span class='ocrx_word' id='word_1_274' title='bbox 742 1623 783 1648; x_wconf 85' lang='lat' dir='ltr'>est</span> <span class='ocrx_word' id='word_1_275' title='bbox 809 1620 916 1656; x_wconf 77' lang='lat' dir='ltr'>plenius</span> <span class='ocrx_word' id='word_1_276' title='bbox 936 1619 982 1647; x_wconf 93' lang='lat' dir='ltr'>de-</span> 
     </span>
     <span class='ocr_line' id='line_1_42' title="bbox 139 1667 981 1705; baseline -0.004 -8"><span class='ocrx_word' id='word_1_277' title='bbox 139 1668 281 1697; x_wconf 85' lang='lat' dir='ltr'>lectatione</span> <span class='ocrx_word' id='word_1_278' title='bbox 303 1675 384 1705; x_wconf 82' lang='lat' dir='ltr'>quain</span> <span class='ocrx_word' id='word_1_279' title='bbox 407 1675 501 1696; x_wconf 86' lang='lat' dir='ltr'>amare</span> <span class='ocrx_word' id='word_1_280' title='bbox 515 1668 612 1695; x_wconf 89' lang='lat' dir='ltr'>Deum.</span> <span class='ocrx_word' id='word_1_281' title='bbox 635 1667 660 1695; x_wconf 90' lang='lat' dir='ltr'>Si</span> <span class='ocrx_word' id='word_1_282' title='bbox 683 1667 745 1703; x_wconf 87' lang='lat' dir='ltr'>quis</span> <span class='ocrx_word' id='word_1_283' title='bbox 766 1667 884 1695; x_wconf 85' lang='lat' dir='ltr'>diceret:</span> <span class='ocrx_word' id='word_1_284' title='bbox 904 1674 981 1700; x_wconf 86' lang='lat' dir='ltr'>ecce,</span> 
     </span>
     <span class='ocr_line' id='line_1_43' title="bbox 139 1713 982 1751; baseline -0.002 -8"><span class='ocrx_word' id='word_1_285' title='bbox 139 1715 191 1744; x_wconf 92' lang='lat' dir='ltr'>mel</span> <span class='ocrx_word' id='word_1_286' title='bbox 213 1718 304 1743; x_wconf 85' lang='lat' dir='ltr'>tantae</span> <span class='ocrx_word' id='word_1_287' title='bbox 326 1714 491 1748; x_wconf 81' lang='lat' dir='ltr'>dulcedinis,</span> <span class='ocrx_word' id='word_1_288' title='bbox 514 1714 587 1751; x_wconf 87' lang='lat' dir='ltr'>quod</span> <span class='ocrx_word' id='word_1_289' title='bbox 609 1722 661 1742; x_wconf 86' lang='lat' dir='ltr'>una</span> <span class='ocrx_word' id='word_1_290' title='bbox 683 1716 761 1750; x_wconf 87' lang='lat' dir='ltr'>gutta</span> <span class='ocrx_word' id='word_1_291' title='bbox 781 1713 920 1742; x_wconf 76' lang='lat' dir='ltr'>dulcescat</span> <span class='ocrx_word' id='word_1_292' title='bbox 942 1716 982 1741; x_wconf 78' lang='lat' dir='ltr'>to-</span> 
     </span>
     <span class='ocr_line' id='line_1_44' title="bbox 138 1760 982 1798; baseline -0.004 -7"><span class='ocrx_word' id='word_1_293' title='bbox 138 1765 195 1791; x_wconf 87' lang='lat' dir='ltr'>tum</span> <span class='ocrx_word' id='word_1_294' title='bbox 218 1769 307 1796; x_wconf 85' lang='lat' dir='ltr'>mare,</span> <span class='ocrx_word' id='word_1_295' title='bbox 332 1766 359 1790; x_wconf 90' lang='lat' dir='ltr'>et</span> <span class='ocrx_word' id='word_1_296' title='bbox 386 1764 495 1798; x_wconf 84' lang='lat' dir='ltr'>gustata</span> <span class='ocrx_word' id='word_1_297' title='bbox 524 1769 578 1790; x_wconf 86' lang='lat' dir='ltr'>una</span> <span class='ocrx_word' id='word_1_298' title='bbox 605 1764 698 1798; x_wconf 82' lang='lat' dir='ltr'>gutta,</span> <span class='ocrx_word' id='word_1_299' title='bbox 725 1761 870 1789; x_wconf 77' lang='lat' dir='ltr'>videantur</span> <span class='ocrx_word' id='word_1_300' title='bbox 891 1760 982 1789; x_wconf 81' lang='lat' dir='ltr'>onmia</span> 
     </span>
     <span class='ocr_line' id='line_1_45' title="bbox 137 1807 981 1845; baseline -0.004 -7"><span class='ocrx_word' id='word_1_301' title='bbox 137 1810 227 1839; x_wconf 84' lang='lat' dir='ltr'>dulcia</span> <span class='ocrx_word' id='word_1_302' title='bbox 248 1809 372 1838; x_wconf 77' lang='lat' dir='ltr'>extranei</span> <span class='ocrx_word' id='word_1_303' title='bbox 389 1809 399 1826; x_wconf 83' lang='lat'>⁷</span> <span class='ocrx_word' id='word_1_304' title='bbox 421 1809 530 1845; x_wconf 79' lang='lat' dir='ltr'>generis</span> <span class='ocrx_word' id='word_1_305' title='bbox 550 1816 609 1837; x_wconf 86' lang='lat' dir='ltr'>esse</span> <span class='ocrx_word' id='word_1_306' title='bbox 630 1815 739 1841; x_wconf 82' lang='lat' dir='ltr'>amara;</span> <span class='ocrx_word' id='word_1_307' title='bbox 763 1808 813 1835; x_wconf 86' lang='lat' dir='ltr'>boc</span> <span class='ocrx_word' id='word_1_308' title='bbox 836 1807 887 1835; x_wconf 90' lang='lat' dir='ltr'>mel</span> <span class='ocrx_word' id='word_1_309' title='bbox 910 1807 981 1835; x_wconf 83' lang='lat' dir='ltr'>dice-</span> 
     </span>
     <span class='ocr_line' id='line_1_46' title="bbox 138 1854 982 1884; baseline -0.004 0"><span class='ocrx_word' id='word_1_310' title='bbox 138 1859 215 1884; x_wconf 85' lang='lat' dir='ltr'>retur</span> <span class='ocrx_word' id='word_1_311' title='bbox 237 1855 314 1884; x_wconf 85' lang='lat' dir='ltr'>valde</span> <span class='ocrx_word' id='word_1_312' title='bbox 335 1855 423 1884; x_wconf 83' lang='lat' dir='ltr'>dulce.</span> <span class='ocrx_word' id='word_1_313' title='bbox 456 1854 507 1883; x_wconf 97' lang='lat' dir='ltr'>Sed</span> <span class='ocrx_word' id='word_1_314' title='bbox 529 1855 596 1883; x_wconf 82' lang='lat' dir='ltr'>haec</span> <span class='ocrx_word' id='word_1_315' title='bbox 623 1854 739 1882; x_wconf 75' lang='lat' dir='ltr'>dulcedo</span> <span class='ocrx_word' id='word_1_316' title='bbox 767 1857 808 1882; x_wconf 86' lang='lat' dir='ltr'>est</span> <span class='ocrx_word' id='word_1_317' title='bbox 833 1854 858 1881; x_wconf 88' lang='lat' dir='ltr'>in</span> <span class='ocrx_word' id='word_1_318' title='bbox 888 1861 982 1881; x_wconf 86' lang='lat' dir='ltr'>amore</span> 
     </span>
     <span class='ocr_line' id='line_1_47' title="bbox 137 1900 981 1939; baseline -0.004 -8"><span class='ocrx_word' id='word_1_319' title='bbox 137 1903 238 1937; x_wconf 91' lang='lat' dir='ltr'>divino,</span> <span class='ocrx_word' id='word_1_320' title='bbox 261 1902 325 1939; x_wconf 89' lang='lat' dir='ltr'>quia</span> <span class='ocrx_word' id='word_1_321' title='bbox 346 1910 441 1930; x_wconf 88' lang='lat' dir='ltr'>omnes</span> <span class='ocrx_word' id='word_1_322' title='bbox 462 1901 662 1930; x_wconf 77' lang='lat' dir='ltr'>amaritudines</span> <span class='ocrx_word' id='word_1_323' title='bbox 682 1901 818 1929; x_wconf 82' lang='lat' dir='ltr'>convertit</span> <span class='ocrx_word' id='word_1_324' title='bbox 840 1901 865 1929; x_wconf 91' lang='lat' dir='ltr'>in</span> <span class='ocrx_word' id='word_1_325' title='bbox 888 1900 981 1929; x_wconf 89' lang='lat' dir='ltr'>dulce-</span> 
     </span>
     <span class='ocr_line' id='line_1_48' title="bbox 136 1947 981 1986; baseline -0.004 -8"><span class='ocrx_word' id='word_1_326' title='bbox 136 1950 226 1978; x_wconf 84' lang='lat' dir='ltr'>dinem</span> <span class='ocrx_word' id='word_1_327' title='bbox 249 1953 276 1978; x_wconf 87' lang='lat' dir='ltr'>et</span> <span class='ocrx_word' id='word_1_328' title='bbox 297 1949 431 1986; x_wconf 87' lang='lat' dir='ltr'>quidquid</span> <span class='ocrx_word' id='word_1_329' title='bbox 453 1952 494 1977; x_wconf 86' lang='lat' dir='ltr'>est</span> <span class='ocrx_word' id='word_1_330' title='bbox 515 1948 701 1977; x_wconf 86' lang='lat' dir='ltr'>tribulationis</span> <span class='ocrx_word' id='word_1_331' title='bbox 716 1948 886 1981; x_wconf 69' lang='lat' dir='ltr'>mundanae,</span> <span class='ocrx_word' id='word_1_332' title='bbox 907 1947 981 1976; x_wconf 85' lang='lat' dir='ltr'>simi—</span> 
     </span>
     <span class='ocr_line' id='line_1_49' title="bbox 138 1994 979 2033; baseline -0.004 -8"><span class='ocrx_word' id='word_1_333' title='bbox 138 1997 212 2031; x_wconf 89' lang='lat' dir='ltr'>liter,</span> <span class='ocrx_word' id='word_1_334' title='bbox 233 1999 342 2033; x_wconf 83' lang='lat' dir='ltr'>gustata</span> <span class='ocrx_word' id='word_1_335' title='bbox 370 1996 430 2024; x_wconf 89' lang='lat' dir='ltr'>eius</span> <span class='ocrx_word' id='word_1_336' title='bbox 450 1995 609 2029; x_wconf 79' lang='lat' dir='ltr'>dulcedine,</span> <span class='ocrx_word' id='word_1_337' title='bbox 630 1995 723 2023; x_wconf 86' lang='lat' dir='ltr'>omnia</span> <span class='ocrx_word' id='word_1_338' title='bbox 743 1995 834 2023; x_wconf 78' lang='lat' dir='ltr'>dulcia</span> <span class='ocrx_word' id='word_1_339' title='bbox 854 1994 979 2023; x_wconf 80' lang='lat' dir='ltr'>extranei</span> 
     </span>
     <span class='ocr_line' id='line_1_50' title="bbox 137 2040 980 2080; baseline -0.004 -9"><span class='ocrx_word' id='word_1_340' title='bbox 137 2043 245 2080; x_wconf 87' lang='lat' dir='ltr'>generis</span> <span class='ocrx_word' id='word_1_341' title='bbox 259 2042 388 2071; x_wconf 85' lang='lat' dir='ltr'>videntur</span> <span class='ocrx_word' id='word_1_342' title='bbox 409 2050 518 2076; x_wconf 83' lang='lat' dir='ltr'>amara,</span> <span class='ocrx_word' id='word_1_343' title='bbox 541 2042 614 2079; x_wconf 87' lang='lat' dir='ltr'>quia,</span> <span class='ocrx_word' id='word_1_344' title='bbox 642 2045 778 2078; x_wconf 84' lang='lat' dir='ltr'>«gustato</span> <span class='ocrx_word' id='word_1_345' title='bbox 800 2041 913 2077; x_wconf 84' lang='lat' dir='ltr'>spiritu,</span> <span class='ocrx_word' id='word_1_346' title='bbox 935 2040 980 2069; x_wconf 88' lang='lat' dir='ltr'>de-</span> 
     </span>
     <span class='ocr_line' id='line_1_51' title="bbox 137 2088 980 2126; baseline -0.002 -8"><span class='ocrx_word' id='word_1_347' title='bbox 137 2090 201 2126; x_wconf 85' lang='lat' dir='ltr'>sipit</span> <span class='ocrx_word' id='word_1_348' title='bbox 221 2089 310 2118; x_wconf 87' lang='lat' dir='ltr'>omnis</span> <span class='ocrx_word' id='word_1_349' title='bbox 331 2097 395 2118; x_wconf 85' lang='lat' dir='ltr'>caro</span> <span class='ocrx_word' id='word_1_350' title='bbox 406 2089 417 2106; x_wconf 71' lang='grc'>8</span> <span class='ocrx_word' id='word_1_351' title='bbox 429 2101 455 2116; x_wconf 83' lang='grc'>».</span> <span class='ocrx_word' id='word_1_352' title='bbox 472 2089 547 2117; x_wconf 87' lang='lat' dir='ltr'>Unde</span> <span class='ocrx_word' id='word_1_353' title='bbox 562 2089 622 2123; x_wconf 85' lang='lat' dir='ltr'>ista,</span> <span class='ocrx_word' id='word_1_354' title='bbox 638 2092 747 2125; x_wconf 80' lang='lat' dir='ltr'>gustata</span> <span class='ocrx_word' id='word_1_355' title='bbox 761 2088 812 2116; x_wconf 87' lang='lat' dir='ltr'>hac</span> <span class='ocrx_word' id='word_1_356' title='bbox 827 2088 980 2121; x_wconf 83' lang='lat' dir='ltr'>dulcedine,</span> 
     </span>
     <span class='ocr_line' id='line_1_52' title="bbox 137 2135 981 2173; baseline -0.002 -8"><span class='ocrx_word' id='word_1_357' title='bbox 137 2137 203 2165; x_wconf 88' lang='lat' dir='ltr'>nihil</span> <span class='ocrx_word' id='word_1_358' title='bbox 226 2144 323 2173; x_wconf 82' lang='lat' dir='ltr'>sapere</span> <span class='ocrx_word' id='word_1_359' title='bbox 345 2136 442 2172; x_wconf 82' lang='lat' dir='ltr'>potuit.</span> <span class='ocrx_word' id='word_1_360' title='bbox 466 2136 559 2169; x_wconf 89' lang='lat' dir='ltr'>lmmo,</span> <span class='ocrx_word' id='word_1_361' title='bbox 581 2136 661 2164; x_wconf 84' lang='lat' dir='ltr'>etiam</span> <span class='ocrx_word' id='word_1_362' title='bbox 678 2135 792 2172; x_wconf 76' lang='lat' dir='ltr'>Angelos</span> <span class='ocrx_word' id='word_1_363' title='bbox 813 2135 940 2172; x_wconf 83' lang='lat' dir='ltr'>despexit</span> <span class='ocrx_word' id='word_1_364' title='bbox 954 2138 981 2163; x_wconf 88' lang='lat' dir='ltr'>et</span> 
     </span>
     <span class='ocr_line' id='line_1_53' title="bbox 137 2182 981 2219; baseline -0.002 -7"><span class='ocrx_word' id='word_1_365' title='bbox 137 2183 249 2212; x_wconf 81' lang='lat' dir='ltr'>recessit</span> <span class='ocrx_word' id='word_1_366' title='bbox 270 2183 304 2211; x_wconf 90' lang='lat' dir='ltr'>ab</span> <span class='ocrx_word' id='word_1_367' title='bbox 325 2183 372 2217; x_wconf 85' lang='lat' dir='ltr'>eis,</span> <span class='ocrx_word' id='word_1_368' title='bbox 395 2191 457 2211; x_wconf 86' lang='lat' dir='ltr'>cum</span> <span class='ocrx_word' id='word_1_369' title='bbox 480 2183 552 2219; x_wconf 88' lang='lat' dir='ltr'>ipsos</span> <span class='ocrx_word' id='word_1_370' title='bbox 568 2182 673 2211; x_wconf 87' lang='lat' dir='ltr'>videret</span> <span class='ocrx_word' id='word_1_371' title='bbox 693 2182 719 2210; x_wconf 89' lang='lat' dir='ltr'>in</span> <span class='ocrx_word' id='word_1_372' title='bbox 742 2186 934 2215; x_wconf 88' lang='lat' dir='ltr'>monumento,</span> <span class='ocrx_word' id='word_1_373' title='bbox 949 2184 981 2210; x_wconf 86' lang='lat' dir='ltr'>ut</span> 
     </span>
     <span class='ocr_line' id='line_1_54' title="bbox 138 2228 980 2265; baseline -0.002 -7"><span class='ocrx_word' id='word_1_374' title='bbox 138 2230 272 2259; x_wconf 88' lang='lat' dir='ltr'>inveniret</span> <span class='ocrx_word' id='word_1_375' title='bbox 286 2230 426 2258; x_wconf 82' lang='lat' dir='ltr'>Christum</span> <span class='ocrx_word' id='word_1_376' title='bbox 439 2229 458 2256; x_wconf 73' lang='lat'>⁹.</span> <span class='ocrx_word' id='word_1_377' title='bbox 474 2229 547 2258; x_wconf 86' lang='lat' dir='ltr'>Hanc</span> <span class='ocrx_word' id='word_1_378' title='bbox 561 2229 732 2258; x_wconf 88' lang='lat' dir='ltr'>dulcedinem</span> <span class='ocrx_word' id='word_1_379' title='bbox 749 2228 888 2265; x_wconf 83' lang='lat' dir='ltr'>praedicat</span> <span class='ocrx_word' id='word_1_380' title='bbox 902 2229 980 2257; x_wconf 92' lang='lat' dir='ltr'>Chri-</span> 
     </span>
     <span class='ocr_line' id='line_1_55' title="bbox 137 2276 979 2313; baseline -0.001 -8"><span class='ocrx_word' id='word_1_381' title='bbox 137 2280 196 2306; x_wconf 86' lang='lat' dir='ltr'>stus</span> <span class='ocrx_word' id='word_1_382' title='bbox 211 2277 237 2305; x_wconf 93' lang='lat' dir='ltr'>in</span> <span class='ocrx_word' id='word_1_383' title='bbox 261 2277 463 2305; x_wconf 85' lang='lat' dir='ltr'>Ecclesiastico:</span> <span class='ocrx_word' id='word_1_384' title='bbox 486 2276 630 2310; x_wconf 71' lang='lat' dir='ltr'>Transito,</span> <span class='ocrx_word' id='word_1_385' title='bbox 646 2276 745 2313; x_wconf 83' lang='lat' dir='ltr'>inquit,</span> <span class='ocrx_word' id='word_1_386' title='bbox 760 2276 800 2305; x_wconf 76' lang='lat' dir='ltr'>ad</span> <span class='ocrx_word' id='word_1_387' title='bbox 814 2284 858 2304; x_wconf 77' lang='lat' dir='ltr'>me</span> <span class='ocrx_word' id='word_1_388' title='bbox 873 2284 979 2309; x_wconf 73' lang='lat' dir='ltr'>onmeS,</span> 
     </span>
    </p>
   </div>
   <div class='ocr_carea' id='block_1_7' title="bbox 136 2322 1010 2366">
    <p class='ocr_par' dir='ltr' id='par_1_7' title="bbox 136 2322 1010 2366">
     <span class='ocr_line' id='line_1_56' title="bbox 136 2322 1010 2366; baseline -0.002 -14"><span class='ocrx_word' id='word_1_389' title='bbox 136 2322 188 2361; x_wconf 79' lang='lat' dir='ltr'>qut</span> <span class='ocrx_word' id='word_1_390' title='bbox 208 2323 412 2360; x_wconf 74' lang='lat' dir='ltr'>concupiscitis</span> <span class='ocrx_word' id='word_1_391' title='bbox 432 2331 477 2351; x_wconf 75' lang='lat' dir='ltr'>me</span> <span class='ocrx_word' id='word_1_392' title='bbox 498 2326 548 2351; x_wconf 85' lang='lat' dir='ltr'>etc.</span> <span class='ocrx_word' id='word_1_393' title='bbox 575 2323 721 2360; x_wconf 83' lang='lat' dir='ltr'>Sequitur:</span> <span class='ocrx_word' id='word_1_394' title='bbox 745 2322 874 2359; x_wconf 78' lang='lat' dir='ltr'>Spiritus</span> <span class='ocrx_word' id='word_1_395' title='bbox 899 2330 980 2350; x_wconf 77' lang='lat' dir='ltr'>meas</span> <span class='ocrx_word' id='word_1_396' title='bbox 1007 2363 1010 2366; x_wconf 19' lang='grc' dir='ltr'><strong><em>Δ</em></strong></span> 
     </span>
    </p>
   </div>
   <div class='ocr_carea' id='block_1_8' title="bbox 135 2369 981 2546">
    <p class='ocr_par' dir='ltr' id='par_1_8' title="bbox 135 2369 981 2546">
     <span class='ocr_line' id='line_1_57' title="bbox 136 2369 980 2407; baseline -0.001 -9"><span class='ocrx_word' id='word_1_397' title='bbox 136 2378 225 2407; x_wconf 76' lang='lat' dir='ltr'>saper</span> <span class='ocrx_word' id='word_1_398' title='bbox 245 2370 301 2398; x_wconf 75' lang='lat' dir='ltr'>‘met</span> <span class='ocrx_word' id='word_1_399' title='bbox 322 2370 433 2402; x_wconf 71' lang='lat' dir='ltr'>(fulcis,</span> <span class='ocrx_word' id='word_1_400' title='bbox 459 2373 484 2398; x_wconf 83' lang='lat' dir='ltr'>ct</span> <span class='ocrx_word' id='word_1_401' title='bbox 512 2369 656 2398; x_wconf 71' lang='lat' dir='ltr'>hereditas</span> <span class='ocrx_word' id='word_1_402' title='bbox 676 2377 740 2397; x_wconf 78' lang='lat' dir='ltr'>mea</span> <span class='ocrx_word' id='word_1_403' title='bbox 761 2377 850 2406; x_wconf 72' lang='lat' dir='ltr'>super</span> <span class='ocrx_word' id='word_1_404' title='bbox 874 2370 929 2397; x_wconf 73' lang='lat' dir='ltr'>niet</span> <span class='ocrx_word' id='word_1_405' title='bbox 956 2373 980 2397; x_wconf 81' lang='lat' dir='ltr'>et</span> 
     </span>
     <span class='ocr_line' id='line_1_58' title="bbox 136 2416 981 2454; baseline -0.001 -9"><span class='ocrx_word' id='word_1_406' title='bbox 136 2416 249 2454; x_wconf 79' lang='lat' dir='ltr'>favam.</span> <span class='ocrx_word' id='word_1_407' title='bbox 267 2417 298 2445; x_wconf 89' lang='lat' dir='ltr'>Et</span> <span class='ocrx_word' id='word_1_408' title='bbox 319 2416 418 2445; x_wconf 79' lang='lat' dir='ltr'>ibidem</span> <span class='ocrx_word' id='word_1_409' title='bbox 436 2417 458 2434; x_wconf 80' lang='lat'>²⁰</span> <span class='ocrx_word' id='word_1_410' title='bbox 479 2417 595 2445; x_wconf 79' lang='lat' dir='ltr'>dieitur:</span> <span class='ocrx_word' id='word_1_411' title='bbox 618 2417 723 2444; x_wconf 79' lang='lat' dir='ltr'>Vinum</span> <span class='ocrx_word' id='word_1_412' title='bbox 744 2420 769 2444; x_wconf 79' lang='lat' dir='ltr'>ct</span> <span class='ocrx_word' id='word_1_413' title='bbox 789 2416 904 2445; x_wconf 71' lang='lat' dir='ltr'>musica</span> <span class='ocrx_word' id='word_1_414' title='bbox 926 2416 981 2444; x_wconf 81' lang='lat' dir='ltr'>lae-</span> 
     </span>
     <span class='ocr_line' id='line_1_59' title="bbox 137 2462 980 2500; baseline -0.001 -9"><span class='ocrx_word' id='word_1_415' title='bbox 137 2463 249 2500; x_wconf 71' lang='lat' dir='ltr'>tificant</span> <span class='ocrx_word' id='word_1_416' title='bbox 270 2472 320 2492; x_wconf 82' lang='lat' dir='ltr'>cor</span> <span class='ocrx_word' id='word_1_417' title='bbox 341 2463 477 2497; x_wconf 87' lang='lat' dir='ltr'>hominis,</span> <span class='ocrx_word' id='word_1_418' title='bbox 499 2467 524 2492; x_wconf 83' lang='lat' dir='ltr'>et</span> <span class='ocrx_word' id='word_1_419' title='bbox 543 2471 632 2500; x_wconf 71' lang='lat' dir='ltr'>super</span> <span class='ocrx_word' id='word_1_420' title='bbox 655 2466 779 2500; x_wconf 75' lang='lat' dir='ltr'>atraque</span> <span class='ocrx_word' id='word_1_421' title='bbox 800 2462 910 2491; x_wconf 78' lang='lat' dir='ltr'>dilectio</span> <span class='ocrx_word' id='word_1_422' title='bbox 931 2471 980 2491; x_wconf 78' lang='lat' dir='ltr'>sa-</span> 
     </span>
     <span class='ocr_line' id='line_1_60' title="bbox 135 2509 847 2546; baseline -0.001 -8"><span class='ocrx_word' id='word_1_423' title='bbox 135 2510 268 2546; x_wconf 76' lang='lat' dir='ltr'>pientiae.</span> <span class='ocrx_word' id='word_1_424' title='bbox 292 2510 428 2538; x_wconf 86' lang='lat' dir='ltr'>Habemus</span> <span class='ocrx_word' id='word_1_425' title='bbox 449 2510 529 2538; x_wconf 89' lang='lat' dir='ltr'>modo</span> <span class='ocrx_word' id='word_1_426' title='bbox 550 2510 583 2538; x_wconf 93' lang='lat' dir='ltr'>de</span> <span class='ocrx_word' id='word_1_427' title='bbox 604 2509 756 2538; x_wconf 86' lang='lat' dir='ltr'>dilectionis</span> <span class='ocrx_word' id='word_1_428' title='bbox 775 2513 847 2537; x_wconf 87' lang='lat' dir='ltr'>ortu.</span> 
     </span>
    </p>
   </div>
   <div class='ocr_carea' id='block_1_9' title="bbox 137 2670 979 3009">
    <p class='ocr_par' dir='ltr' id='par_1_9' title="bbox 199 2670 356 2699">
     <span class='ocr_line' id='line_1_61' title="bbox 199 2670 356 2699; baseline 0.006 -8"><span class='ocrx_word' id='word_1_429' title='bbox 199 2670 206 2683; x_wconf 90' lang='lat'>¹</span> <span class='ocrx_word' id='word_1_430' title='bbox 225 2671 280 2699; x_wconf 80' lang='lat' dir='ltr'>Cap.</span> <span class='ocrx_word' id='word_1_431' title='bbox 297 2671 318 2698; x_wconf 78' lang='lat'>4,</span> <span class='ocrx_word' id='word_1_432' title='bbox 335 2671 356 2692; x_wconf 82' lang='lat'>7.</span> 
     </span>
    </p>

    <p class='ocr_par' dir='ltr' id='par_1_10' title="bbox 137 2709 979 2778">
     <span class='ocr_line' id='line_1_62' title="bbox 199 2709 979 2740; baseline 0.001 -8"><span class='ocrx_word' id='word_1_433' title='bbox 199 2709 208 2722; x_wconf 80' lang='lat'>³</span> <span class='ocrx_word' id='word_1_434' title='bbox 225 2711 314 2733; x_wconf 73' lang='lat' dir='ltr'>Scilicet</span> <span class='ocrx_word' id='word_1_435' title='bbox 331 2717 342 2732; x_wconf 80' lang='lat' dir='ltr'>a</span> <span class='ocrx_word' id='word_1_436' title='bbox 362 2710 426 2738; x_wconf 79' lang='lat' dir='ltr'>loab,</span> <span class='ocrx_word' id='word_1_437' title='bbox 444 2711 497 2738; x_wconf 82' lang='lat' dir='ltr'>quia</span> <span class='ocrx_word' id='word_1_438' title='bbox 516 2711 596 2732; x_wconf 61' lang='lat' dir='ltr'>Dauid·</span> <span class='ocrx_word' id='word_1_439' title='bbox 614 2711 674 2733; x_wconf 73' lang='lat' dir='ltr'>[levit</span> <span class='ocrx_word' id='word_1_440' title='bbox 699 2714 795 2733; x_wconf 79' lang='lat' dir='ltr'>mortem</span> <span class='ocrx_word' id='word_1_441' title='bbox 817 2711 938 2740; x_wconf 54' lang='lat' dir='ltr'>Absolouu</span> <span class='ocrx_word' id='word_1_442' title='bbox 956 2712 979 2733; x_wconf 93' lang='lat' dir='ltr'>ll.</span> 
     </span>
     <span class='ocr_line' id='line_1_63' title="bbox 137 2749 931 2778; baseline 0.001 -7"><span class='ocrx_word' id='word_1_443' title='bbox 137 2749 192 2777; x_wconf 75' lang='lat' dir='ltr'>neg.</span> <span class='ocrx_word' id='word_1_444' title='bbox 215 2750 252 2776; x_wconf 73' lang='grc'>10,</span> <span class='ocrx_word' id='word_1_445' title='bbox 270 2750 297 2771; x_wconf 77' lang='lat'>6:</span> <span class='ocrx_word' id='word_1_446' title='bbox 315 2749 397 2778; x_wconf 69' lang='lat' dir='ltr'>Dilz‘qis</span> <span class='ocrx_word' id='word_1_447' title='bbox 415 2749 516 2771; x_wconf 69' lang='lat' dir='ltr'>odientes</span> <span class='ocrx_word' id='word_1_448' title='bbox 534 2751 554 2772; x_wconf 84' lang='lat' dir='ltr'>le</span> <span class='ocrx_word' id='word_1_449' title='bbox 571 2750 591 2771; x_wconf 79' lang='lat' dir='ltr'>et</span> <span class='ocrx_word' id='word_1_450' title='bbox 609 2749 660 2771; x_wconf 81' lang='lat' dir='ltr'>odio</span> <span class='ocrx_word' id='word_1_451' title='bbox 678 2749 749 2772; x_wconf 74' lang='lat' dir='ltr'>habes</span> <span class='ocrx_word' id='word_1_452' title='bbox 766 2749 886 2778; x_wconf 69' lang='lat' dir='ltr'>diliymztes</span> <span class='ocrx_word' id='word_1_453' title='bbox 904 2751 931 2772; x_wconf 77' lang='lat' dir='ltr'>te.</span> 
     </span>
    </p>

    <p class='ocr_par' dir='ltr' id='par_1_11' title="bbox 199 2787 684 2815">
     <span class='ocr_line' id='line_1_64' title="bbox 199 2787 684 2815; baseline -0.002 -5"><span class='ocrx_word' id='word_1_454' title='bbox 199 2787 208 2800; x_wconf 73' lang='lat'><strong>⁴</strong></span> <span class='ocrx_word' id='word_1_455' title='bbox 226 2788 295 2815; x_wconf 82' lang='lat' dir='ltr'>Epist.</span> <span class='ocrx_word' id='word_1_456' title='bbox 313 2788 327 2810; x_wconf 95' lang='grc' dir='ltr'>Ι.</span> <span class='ocrx_word' id='word_1_457' title='bbox 344 2789 404 2810; x_wconf 82' lang='lat' dir='ltr'>ioan.</span> <span class='ocrx_word' id='word_1_458' title='bbox 423 2788 443 2814; x_wconf 76' lang='lat'>4,</span> <span class='ocrx_word' id='word_1_459' title='bbox 462 2788 498 2810; x_wconf 80' lang='grc'>10.</span> <span class='ocrx_word' id='word_1_460' title='bbox 516 2791 538 2810; x_wconf 85' lang='lat' dir='ltr'>et</span> <span class='ocrx_word' id='word_1_461' title='bbox 554 2788 602 2810; x_wconf 84' lang='lat' dir='ltr'>Gal.</span> <span class='ocrx_word' id='word_1_462' title='bbox 621 2788 646 2815; x_wconf 71' lang='lat' dir='ltr'>t,</span> <span class='ocrx_word' id='word_1_463' title='bbox 665 2788 684 2810; x_wconf 74' lang='grc'>4.</span> 
     </span>
    </p>

    <p class='ocr_par' dir='ltr' id='par_1_12' title="bbox 137 2826 979 2895">
     <span class='ocr_line' id='line_1_65' title="bbox 200 2826 979 2857; baseline 0.001 -9"><span class='ocrx_word' id='word_1_464' title='bbox 200 2826 209 2838; x_wconf 76' lang='lat'>⁵</span> <span class='ocrx_word' id='word_1_465' title='bbox 226 2827 330 2849; x_wconf 78' lang='lat' dir='ltr'>Fortasse</span> <span class='ocrx_word' id='word_1_466' title='bbox 346 2826 467 2854; x_wconf 74' lang='lat' dir='ltr'>respicitur</span> <span class='ocrx_word' id='word_1_467' title='bbox 484 2827 538 2848; x_wconf 90' lang='lat' dir='ltr'>illud</span> <span class='ocrx_word' id='word_1_468' title='bbox 557 2827 613 2849; x_wconf 86' lang='lat' dir='ltr'>Gen.</span> <span class='ocrx_word' id='word_1_469' title='bbox 635 2828 668 2853; x_wconf 79' lang='grc'>16,</span> <span class='ocrx_word' id='word_1_470' title='bbox 686 2828 710 2848; x_wconf 80' lang='lat'>5:</span> <span class='ocrx_word' id='word_1_471' title='bbox 730 2827 810 2856; x_wconf 74' lang='lat' dir='ltr'>Inique</span> <span class='ocrx_word' id='word_1_472' title='bbox 827 2827 878 2857; x_wconf 73' lang='lat' dir='ltr'>ayis</span> <span class='ocrx_word' id='word_1_473' title='bbox 896 2829 979 2851; x_wconf 79' lang='lat' dir='ltr'>contra</span> 
     </span>
     <span class='ocr_line' id='line_1_66' title="bbox 137 2864 978 2895; baseline 0.002 -8"><span class='ocrx_word' id='word_1_474' title='bbox 137 2871 188 2893; x_wconf 64' lang='grc' dir='ltr'>πη),</span> <span class='ocrx_word' id='word_1_475' title='bbox 205 2866 241 2887; x_wconf 77' lang='lat' dir='ltr'>vel</span> <span class='ocrx_word' id='word_1_476' title='bbox 260 2865 328 2887; x_wconf 79' lang='lat' dir='ltr'>Exod.</span> <span class='ocrx_word' id='word_1_477' title='bbox 346 2866 368 2892; x_wconf 74' lang='grc' dir='ltr'>ὅ,</span> <span class='ocrx_word' id='word_1_478' title='bbox 386 2866 427 2887; x_wconf 62' lang='grc'>’101</span> <span class='ocrx_word' id='word_1_479' title='bbox 441 2865 470 2888; x_wconf 83' lang='lat' dir='ltr'>Et</span> <span class='ocrx_word' id='word_1_480' title='bbox 486 2864 571 2887; x_wconf 73' lang='lat' dir='ltr'>iniuste</span> <span class='ocrx_word' id='word_1_481' title='bbox 583 2865 664 2894; x_wconf 67' lang='lat' dir='ltr'>ayilur</span> <span class='ocrx_word' id='word_1_482' title='bbox 676 2867 758 2888; x_wconf 78' lang='lat' dir='ltr'>contra</span> <span class='ocrx_word' id='word_1_483' title='bbox 773 2866 888 2895; x_wconf 75' lang='lat' dir='ltr'>populum</span> <span class='ocrx_word' id='word_1_484' title='bbox 903 2868 978 2889; x_wconf 75' lang='lat' dir='ltr'>tuum.</span> 
     </span>
    </p>

    <p class='ocr_par' dir='ltr' id='par_1_13' title="bbox 199 2903 440 2931">
     <span class='ocr_line' id='line_1_67' title="bbox 199 2903 440 2931; baseline -0.004 -5"><span class='ocrx_word' id='word_1_485' title='bbox 199 2903 208 2915; x_wconf 74' lang='lat'>⁴³</span> <span class='ocrx_word' id='word_1_486' title='bbox 226 2904 291 2926; x_wconf 80' lang='lat' dir='ltr'>Dent.</span> <span class='ocrx_word' id='word_1_487' title='bbox 310 2904 346 2931; x_wconf 88' lang='grc'>30,</span> <span class='ocrx_word' id='word_1_488' title='bbox 365 2905 385 2925; x_wconf 87' lang='grc'>6.</span> <span class='ocrx_word' id='word_1_489' title='bbox 408 2905 440 2926; x_wconf 84' lang='lat' dir='ltr'>lb&#39;.</span> 
     </span>
    </p>

    <p class='ocr_par' dir='ltr' id='par_1_14' title="bbox 200 2941 779 2970">
     <span class='ocr_line' id='line_1_68' title="bbox 200 2941 779 2970; baseline 0.002 -6"><span class='ocrx_word' id='word_1_490' title='bbox 200 2941 208 2954; x_wconf 96' lang='lat'>⁷</span> <span class='ocrx_word' id='word_1_491' title='bbox 226 2942 282 2965; x_wconf 88' lang='lat' dir='ltr'>Cod.</span> <span class='ocrx_word' id='word_1_492' title='bbox 300 2942 419 2965; x_wconf 84' lang='lat' dir='ltr'>Trecensis</span> <span class='ocrx_word' id='word_1_493' title='bbox 437 2943 473 2964; x_wconf 85' lang='lat' dir='ltr'>hie</span> <span class='ocrx_word' id='word_1_494' title='bbox 490 2945 512 2964; x_wconf 86' lang='lat' dir='ltr'>et</span> <span class='ocrx_word' id='word_1_495' title='bbox 528 2943 584 2964; x_wconf 83' lang='lat' dir='ltr'>infra</span> <span class='ocrx_word' id='word_1_496' title='bbox 603 2943 656 2970; x_wconf 78' lang='lat' dir='ltr'>legit</span> <span class='ocrx_word' id='word_1_497' title='bbox 673 2942 779 2966; x_wconf 77' lang='lat' dir='ltr'>alterius.</span> 
     </span>
    </p>

    <p class='ocr_par' dir='ltr' id='par_1_15' title="bbox 200 2980 579 3009">
     <span class='ocr_line' id='line_1_69' title="bbox 200 2980 579 3009; baseline 0 -6"><span class='ocrx_word' id='word_1_498' title='bbox 200 2980 208 2993; x_wconf 61' lang='grc' dir='ltr'>Β</span> <span class='ocrx_word' id='word_1_499' title='bbox 228 2982 343 3009; x_wconf 67' lang='lat' dir='ltr'>Bernard.y</span> <span class='ocrx_word' id='word_1_500' title='bbox 361 2982 429 3009; x_wconf 69' lang='lat' dir='ltr'>Epist,</span> <span class='ocrx_word' id='word_1_501' title='bbox 449 2982 500 3003; x_wconf 83' lang='lat' dir='ltr'>lii.</span> <span class='ocrx_word' id='word_1_502' title='bbox 518 2988 541 3003; x_wconf 90' lang='lat' dir='ltr'>n.</span> <span class='ocrx_word' id='word_1_503' title='bbox 558 2982 579 3003; x_wconf 85' lang='lat'>3.</span> 
     </span>
    </p>
   </div>
   <div class='ocr_carea' id='block_1_10' title="bbox 1008 279 1021 2546">
    <p class='ocr_par' dir='ltr' id='par_1_16' title="bbox 1008 279 1021 2546">
     <span class='ocr_line' id='line_1_70' title="bbox 1008 279 1021 2546; baseline 0 0"><span class='ocrx_word' id='word_1_504' title='bbox 1008 279 1021 2546; x_wconf 95' lang='lat' dir='ltr'> </span> 
     </span>
    </p>
   </div>
   <div class='ocr_carea' id='block_1_11' title="bbox 791 2671 1002 2699">
    <p class='ocr_par' dir='ltr' id='par_1_17' title="bbox 791 2671 1002 2699">
     <span class='ocr_line' id='line_1_71' title="bbox 791 2671 1002 2699; baseline 0 -5"><span class='ocrx_word' id='word_1_505' title='bbox 791 2671 800 2684; x_wconf 81' lang='lat'><strong>²</strong></span> <span class='ocrx_word' id='word_1_506' title='bbox 819 2673 885 2694; x_wconf 78' lang='lat' dir='ltr'>Prov.</span> <span class='ocrx_word' id='word_1_507' title='bbox 903 2673 923 2699; x_wconf 73' lang='lat'>8,</span> <span class='ocrx_word' id='word_1_508' title='bbox 943 2673 978 2694; x_wconf 75' lang='grc'>17.</span> <span class='ocrx_word' id='word_1_509' title='bbox 1000 2679 1002 2681; x_wconf 95' lang='grc'><strong><em>·</em></strong></span> 
     </span>
    </p>
   </div>
   <div class='ocr_carea' id='block_1_12' title="bbox 1005 2836 1008 3006">
    <p class='ocr_par' dir='ltr' id='par_1_18' title="bbox 1005 2836 1008 3006">
     <span class='ocr_line' id='line_1_72' title="bbox 1005 2836 1008 3006; baseline 0 342"><span class='ocrx_word' id='word_1_510' title='bbox 1005 2836 1008 3006; x_wconf 95' lang='lat' dir='ltr'> </span> 
     </span>
    </p>
   </div>
   <div class='ocr_carea' id='block_1_13' title="bbox 1837 200 1892 229">
    <p class='ocr_par' dir='ltr' id='par_1_19' title="bbox 1837 200 1892 229">
     <span class='ocr_line' id='line_1_73' title="bbox 1837 200 1892 229; baseline 0 -1"><span class='ocrx_word' id='word_1_511' title='bbox 1837 200 1892 229; x_wconf 75' lang='grc'>559</span> 
     </span>
    </p>
   </div>
   <div class='ocr_carea' id='block_1_14' title="bbox 1036 271 2038 2549">
    <p class='ocr_par' dir='ltr' id='par_1_20' title="bbox 1036 271 2038 2305">
     <span class='ocr_line' id='line_1_74' title="bbox 1127 271 2038 312; baseline 0.004 -13"><span class='ocrx_word' id='word_1_512' title='bbox 1127 271 1154 299; x_wconf 87' lang='lat' dir='ltr'>Ii.</span> <span class='ocrx_word' id='word_1_513' title='bbox 1177 272 1308 309; x_wconf 86' lang='lat' dir='ltr'>Sequitur</span> <span class='ocrx_word' id='word_1_514' title='bbox 1329 273 1362 302; x_wconf 89' lang='lat' dir='ltr'>de</span> <span class='ocrx_word' id='word_1_515' title='bbox 1393 274 1545 303; x_wconf 83' lang='lat' dir='ltr'>dilectionis</span> <span class='ocrx_word' id='word_1_516' title='bbox 1575 275 1676 309; x_wconf 65' lang='lat' dir='ltr'>moa&#39;oe</span> <span class='ocrx_word' id='word_1_517' title='bbox 1698 276 1854 305; x_wconf 83' lang='lat' dir='ltr'>Bernardus</span> <span class='ocrx_word' id='word_1_518' title='bbox 1870 279 1891 295; x_wconf 82' lang='lat'>11</span> <span class='ocrx_word' id='word_1_519' title='bbox 1914 285 1992 312; x_wconf 58' lang='lat' dir='ltr'>rafsti.</span> <span class='ocrx_word' id='word_1_520' title='bbox 2006 285 2038 304; x_wconf 70' lang='lat' dir='ltr'>ni-</span> 
     </span>
     <span class='ocr_line' id='line_1_75' title="bbox 1049 308 2038 358; baseline 0.008 -13"><span class='ocrx_word' id='word_1_521' title='bbox 1049 317 1117 351; x_wconf 88' lang='lat' dir='ltr'>vult,</span> <span class='ocrx_word' id='word_1_522' title='bbox 1139 318 1212 354; x_wconf 90' lang='lat' dir='ltr'>quod</span> <span class='ocrx_word' id='word_1_523' title='bbox 1238 330 1251 343; x_wconf 78' lang='lat'>11</span> <span class='ocrx_word' id='word_1_524' title='bbox 1267 319 1365 348; x_wconf 89' lang='lat' dir='ltr'>modus</span> <span class='ocrx_word' id='word_1_525' title='bbox 1385 320 1513 358; x_wconf 80' lang='lat' dir='ltr'>diligendi</span> <span class='ocrx_word' id='word_1_526' title='bbox 1536 321 1623 350; x_wconf 89' lang='lat' dir='ltr'>Deum</span> <span class='ocrx_word' id='word_1_527' title='bbox 1645 322 1680 351; x_wconf 86' lang='lat' dir='ltr'>sit</span> <span class='ocrx_word' id='word_1_528' title='bbox 1700 323 1758 352; x_wconf 91' lang='lat' dir='ltr'>sine</span> <span class='ocrx_word' id='word_1_529' title='bbox 1772 324 1890 352; x_wconf 86' lang='lat' dir='ltr'>modo».</span> <span class='ocrx_word' id='word_1_530' title='bbox 1904 308 2038 349; x_wconf 49' lang='lat' dir='ltr'>ffuestfwssm&#39;</span> 
     </span>
     <span class='ocr_line' id='line_1_76' title="bbox 1048 363 2007 406; baseline 0.01 -15"><span class='ocrx_word' id='word_1_531' title='bbox 1048 363 1134 392; x_wconf 85' lang='lat' dir='ltr'>Credo</span> <span class='ocrx_word' id='word_1_532' title='bbox 1155 368 1261 399; x_wconf 84' lang='lat' dir='ltr'>tamen,</span> <span class='ocrx_word' id='word_1_533' title='bbox 1283 366 1356 402; x_wconf 89' lang='lat' dir='ltr'>quod</span> <span class='ocrx_word' id='word_1_534' title='bbox 1378 367 1553 404; x_wconf 82' lang='lat' dir='ltr'>quadruplex</span> <span class='ocrx_word' id='word_1_535' title='bbox 1575 368 1693 398; x_wconf 84' lang='lat' dir='ltr'>conditio</span> <span class='ocrx_word' id='word_1_536' title='bbox 1715 370 1891 406; x_wconf 82' lang='lat' dir='ltr'>requiratur,</span> <span class='ocrx_word' id='word_1_537' title='bbox 1924 378 2007 404; x_wconf 57' lang='lat' dir='ltr'>Quattuor</span> 
     </span>
     <span class='ocr_line' id='line_1_77' title="bbox 1047 401 2028 453; baseline 0.008 -15"><span class='ocrx_word' id='word_1_538' title='bbox 1047 410 1120 446; x_wconf 90' lang='lat' dir='ltr'>quod</span> <span class='ocrx_word' id='word_1_539' title='bbox 1143 411 1225 440; x_wconf 89' lang='lat' dir='ltr'>bomo</span> <span class='ocrx_word' id='word_1_540' title='bbox 1247 416 1320 441; x_wconf 85' lang='lat' dir='ltr'>recte</span> <span class='ocrx_word' id='word_1_541' title='bbox 1341 412 1444 450; x_wconf 82' lang='lat' dir='ltr'>diligat,</span> <span class='ocrx_word' id='word_1_542' title='bbox 1466 414 1577 449; x_wconf 86' lang='lat' dir='ltr'>seilicet,</span> <span class='ocrx_word' id='word_1_543' title='bbox 1600 415 1673 452; x_wconf 88' lang='lat' dir='ltr'>quod</span> <span class='ocrx_word' id='word_1_544' title='bbox 1694 416 1788 453; x_wconf 84' lang='lat' dir='ltr'>diligat</span> <span class='ocrx_word' id='word_1_545' title='bbox 1801 416 1891 453; x_wconf 72' lang='lat' dir='ltr'>fideti-</span> <span class='ocrx_word' id='word_1_546' title='bbox 1905 401 2028 421; x_wconf 59' lang='lat' dir='ltr'>⁰⁰⁰d¹²¹⁰ne³&#39;</span> 
     </span>
     <span class='ocr_line' id='line_1_78' title="bbox 1048 457 2015 497; baseline 0.009 -13"><span class='ocrx_word' id='word_1_547' title='bbox 1048 460 1099 489; x_wconf 79' lang='lat' dir='ltr'>ter,</span> <span class='ocrx_word' id='word_1_548' title='bbox 1122 457 1325 494; x_wconf 56' lang='lat' dir='ltr'>sz&#39;nyutarster,</span> <span class='ocrx_word' id='word_1_549' title='bbox 1353 459 1496 496; x_wconf 74' lang='lat' dir='ltr'>ferventer</span> <span class='ocrx_word' id='word_1_550' title='bbox 1517 465 1544 490; x_wconf 89' lang='lat' dir='ltr'>et</span> <span class='ocrx_word' id='word_1_551' title='bbox 1571 461 1708 497; x_wconf 74' lang='lat' dir='ltr'>finaliter.</span> <span class='ocrx_word' id='word_1_552' title='bbox 1737 479 1773 483; x_wconf 86' lang='lat'>—</span> <span class='ocrx_word' id='word_1_553' title='bbox 1801 464 1890 492; x_wconf 84' lang='lat' dir='ltr'>Prima</span> <span class='ocrx_word' id='word_1_554' title='bbox 1908 470 2015 490; x_wconf 74' lang='lat' dir='ltr'>Sitssdelis.</span> 
     </span>
     <span class='ocr_line' id='line_1_79' title="bbox 1047 503 1889 542; baseline 0.011 -12"><span class='ocrx_word' id='word_1_555' title='bbox 1047 503 1165 531; x_wconf 84' lang='lat' dir='ltr'>conditio</span> <span class='ocrx_word' id='word_1_556' title='bbox 1187 507 1243 537; x_wconf 82' lang='lat' dir='ltr'>est,</span> <span class='ocrx_word' id='word_1_557' title='bbox 1265 508 1297 533; x_wconf 86' lang='lat' dir='ltr'>ut</span> <span class='ocrx_word' id='word_1_558' title='bbox 1317 505 1411 542; x_wconf 84' lang='lat' dir='ltr'>diligat</span> <span class='ocrx_word' id='word_1_559' title='bbox 1438 506 1568 542; x_wconf 72' lang='lat' dir='ltr'>fideliter,</span> <span class='ocrx_word' id='word_1_560' title='bbox 1591 509 1694 538; x_wconf 87' lang='lat' dir='ltr'>scilicet</span> <span class='ocrx_word' id='word_1_561' title='bbox 1714 513 1745 538; x_wconf 92' lang='lat' dir='ltr'>ut</span> <span class='ocrx_word' id='word_1_562' title='bbox 1774 518 1826 538; x_wconf 92' lang='lat' dir='ltr'>non</span> <span class='ocrx_word' id='word_1_563' title='bbox 1855 511 1889 539; x_wconf 87' lang='lat' dir='ltr'>sit</span> 
     </span>
     <span class='ocr_line' id='line_1_80' title="bbox 1047 549 1888 590; baseline 0.011 -14"><span class='ocrx_word' id='word_1_564' title='bbox 1047 549 1138 585; x_wconf 84' lang='lat' dir='ltr'>aliqua</span> <span class='ocrx_word' id='word_1_565' title='bbox 1153 550 1291 579; x_wconf 86' lang='lat' dir='ltr'>simulatio</span> <span class='ocrx_word' id='word_1_566' title='bbox 1300 562 1306 585; x_wconf 80' lang='lat'><em>3</em></span> <span class='ocrx_word' id='word_1_567' title='bbox 1323 552 1405 580; x_wconf 89' lang='lat' dir='ltr'>immo</span> <span class='ocrx_word' id='word_1_568' title='bbox 1420 561 1497 581; x_wconf 88' lang='lat' dir='ltr'>amor</span> <span class='ocrx_word' id='word_1_569' title='bbox 1510 557 1615 583; x_wconf 86' lang='lat' dir='ltr'>tantum</span> <span class='ocrx_word' id='word_1_570' title='bbox 1631 555 1734 584; x_wconf 80' lang='lat' dir='ltr'>ferveat</span> <span class='ocrx_word' id='word_1_571' title='bbox 1748 556 1774 584; x_wconf 93' lang='lat' dir='ltr'>in</span> <span class='ocrx_word' id='word_1_572' title='bbox 1789 557 1888 590; x_wconf 87' lang='lat' dir='ltr'>animo,</span> 
     </span>
     <span class='ocr_line' id='line_1_81' title="bbox 1046 597 1887 640; baseline 0.011 -17"><span class='ocrx_word' id='word_1_573' title='bbox 1046 599 1181 632; x_wconf 89' lang='lat' dir='ltr'>quantum</span> <span class='ocrx_word' id='word_1_574' title='bbox 1204 597 1285 625; x_wconf 89' lang='lat' dir='ltr'>homo</span> <span class='ocrx_word' id='word_1_575' title='bbox 1307 599 1431 628; x_wconf 86' lang='lat' dir='ltr'>exterius</span> <span class='ocrx_word' id='word_1_576' title='bbox 1449 601 1566 629; x_wconf 85' lang='lat' dir='ltr'>ostendit</span> <span class='ocrx_word' id='word_1_577' title='bbox 1581 602 1607 629; x_wconf 93' lang='lat' dir='ltr'>in</span> <span class='ocrx_word' id='word_1_578' title='bbox 1623 602 1714 639; x_wconf 85' lang='lat' dir='ltr'>sign0;</span> <span class='ocrx_word' id='word_1_579' title='bbox 1737 603 1887 640; x_wconf 86' lang='lat' dir='ltr'>Sapientia:</span> 
     </span>
     <span class='ocr_line' id='line_1_82' title="bbox 1046 642 1887 684; baseline 0.011 -14"><span class='ocrx_word' id='word_1_580' title='bbox 1046 642 1158 671; x_wconf 75' lang='lat' dir='ltr'>Fideles</span> <span class='ocrx_word' id='word_1_581' title='bbox 1179 643 1210 672; x_wconf 75' lang='lat' dir='ltr'>in</span> <span class='ocrx_word' id='word_1_582' title='bbox 1231 644 1379 673; x_wconf 74' lang='lat' dir='ltr'>dilectione</span> <span class='ocrx_word' id='word_1_583' title='bbox 1394 647 1574 684; x_wconf 70' lang='lat' dir='ltr'>acquiescent</span> <span class='ocrx_word' id='word_1_584' title='bbox 1594 648 1654 681; x_wconf 81' lang='lat' dir='ltr'>itli;</span> <span class='ocrx_word' id='word_1_585' title='bbox 1677 649 1887 678; x_wconf 84' lang='lat' dir='ltr'>Proverbiorum</span> 
     </span>
     <span class='ocr_line' id='line_1_83' title="bbox 1046 688 1886 732; baseline 0.01 -16"><span class='ocrx_word' id='word_1_586' title='bbox 1046 688 1223 718; x_wconf 87' lang='lat' dir='ltr'>duodecimo:</span> <span class='ocrx_word' id='word_1_587' title='bbox 1247 691 1305 726; x_wconf 80' lang='lat' dir='ltr'>Qai</span> <span class='ocrx_word' id='word_1_588' title='bbox 1324 692 1443 729; x_wconf 69' lang='lat' dir='ltr'>iieyliyc&#39;t</span> <span class='ocrx_word' id='word_1_589' title='bbox 1463 693 1603 722; x_wconf 77' lang='lat' dir='ltr'>(lamnam</span> <span class='ocrx_word' id='word_1_590' title='bbox 1622 699 1743 732; x_wconf 74' lang='lat' dir='ltr'>propter</span> <span class='ocrx_word' id='word_1_591' title='bbox 1758 696 1886 724; x_wconf 79' lang='lat' dir='ltr'>amicum</span> 
     </span>
     <span class='ocr_line' id='line_1_84' title="bbox 1046 735 1888 779; baseline 0.011 -17"><span class='ocrx_word' id='word_1_592' title='bbox 1046 735 1141 763; x_wconf 72' lang='lat' dir='ltr'>iustas</span> <span class='ocrx_word' id='word_1_593' title='bbox 1161 740 1209 764; x_wconf 71' lang='lat' dir='ltr'>est.</span> <span class='ocrx_word' id='word_1_594' title='bbox 1232 737 1325 774; x_wconf 89' lang='lat' dir='ltr'>Neque</span> <span class='ocrx_word' id='word_1_595' title='bbox 1351 738 1385 766; x_wconf 87' lang='lat' dir='ltr'>sit</span> <span class='ocrx_word' id='word_1_596' title='bbox 1411 738 1520 767; x_wconf 89' lang='lat' dir='ltr'>dilectio</span> <span class='ocrx_word' id='word_1_597' title='bbox 1551 740 1721 775; x_wconf 87' lang='lat' dir='ltr'>seductoria,</span> <span class='ocrx_word' id='word_1_598' title='bbox 1749 750 1820 779; x_wconf 86' lang='lat' dir='ltr'>quae</span> <span class='ocrx_word' id='word_1_599' title='bbox 1847 745 1888 771; x_wconf 89' lang='lat' dir='ltr'>est</span> 
     </span>
     <span class='ocr_line' id='line_1_85' title="bbox 1046 783 1888 825; baseline 0.011 -16"><span class='ocrx_word' id='word_1_600' title='bbox 1046 785 1151 810; x_wconf 87' lang='lat' dir='ltr'>tantum</span> <span class='ocrx_word' id='word_1_601' title='bbox 1173 783 1200 810; x_wconf 93' lang='lat' dir='ltr'>in</span> <span class='ocrx_word' id='word_1_602' title='bbox 1222 784 1362 820; x_wconf 84' lang='lat' dir='ltr'>amplexu.</span> <span class='ocrx_word' id='word_1_603' title='bbox 1384 801 1422 805; x_wconf 76' lang='lat'>—</span> <span class='ocrx_word' id='word_1_604' title='bbox 1444 786 1568 814; x_wconf 85' lang='lat' dir='ltr'>Secunde</span> <span class='ocrx_word' id='word_1_605' title='bbox 1592 790 1712 823; x_wconf 88' lang='lat' dir='ltr'>oportet,</span> <span class='ocrx_word' id='word_1_606' title='bbox 1734 789 1805 825; x_wconf 88' lang='lat' dir='ltr'>quod</span> <span class='ocrx_word' id='word_1_607' title='bbox 1828 789 1888 817; x_wconf 92' lang='lat' dir='ltr'>dili-</span> 
     </span>
     <span class='ocr_line' id='line_1_86' title="bbox 1044 828 1886 870; baseline 0.011 -16"><span class='ocrx_word' id='word_1_608' title='bbox 1044 830 1090 863; x_wconf 86' lang='lat' dir='ltr'>gat</span> <span class='ocrx_word' id='word_1_609' title='bbox 1110 828 1313 865; x_wconf 71' lang='lat' dir='ltr'>sinyalariter,</span> <span class='ocrx_word' id='word_1_610' title='bbox 1336 834 1367 858; x_wconf 85' lang='lat' dir='ltr'>ut</span> <span class='ocrx_word' id='word_1_611' title='bbox 1388 839 1442 859; x_wconf 91' lang='lat' dir='ltr'>non</span> <span class='ocrx_word' id='word_1_612' title='bbox 1463 831 1593 868; x_wconf 83' lang='lat' dir='ltr'>diligatur</span> <span class='ocrx_word' id='word_1_613' title='bbox 1615 833 1717 869; x_wconf 89' lang='lat' dir='ltr'>aliquid</span> <span class='ocrx_word' id='word_1_614' title='bbox 1740 842 1823 870; x_wconf 87' lang='lat' dir='ltr'>supra</span> <span class='ocrx_word' id='word_1_615' title='bbox 1844 843 1886 869; x_wconf 80' lang='lat' dir='ltr'>se,</span> 
     </span>
     <span class='ocr_line' id='line_1_87' title="bbox 1045 874 1885 911; baseline 0.01 -10"><span class='ocrx_word' id='word_1_616' title='bbox 1045 874 1087 901; x_wconf 95' lang='lat' dir='ltr'>vel</span> <span class='ocrx_word' id='word_1_617' title='bbox 1109 878 1219 910; x_wconf 86' lang='lat' dir='ltr'>praeter</span> <span class='ocrx_word' id='word_1_618' title='bbox 1241 875 1340 911; x_wconf 87' lang='lat' dir='ltr'>ipsum,</span> <span class='ocrx_word' id='word_1_619' title='bbox 1363 880 1463 905; x_wconf 87' lang='lat' dir='ltr'>utnon</span> <span class='ocrx_word' id='word_1_620' title='bbox 1485 878 1519 905; x_wconf 87' lang='lat' dir='ltr'>sit</span> <span class='ocrx_word' id='word_1_621' title='bbox 1541 878 1576 906; x_wconf 87' lang='lat' dir='ltr'>ibi</span> <span class='ocrx_word' id='word_1_622' title='bbox 1599 879 1651 907; x_wconf 84' lang='lat' dir='ltr'>alia</span> <span class='ocrx_word' id='word_1_623' title='bbox 1668 880 1776 908; x_wconf 85' lang='lat' dir='ltr'>dilectio</span> <span class='ocrx_word' id='word_1_624' title='bbox 1790 881 1885 909; x_wconf 86' lang='lat' dir='ltr'>adiun-</span> 
     </span>
     <span class='ocr_line' id='line_1_88' title="bbox 1044 921 1886 960; baseline 0.008 -12"><span class='ocrx_word' id='word_1_625' title='bbox 1044 924 1094 948; x_wconf 91' lang='lat' dir='ltr'>cta.</span> <span class='ocrx_word' id='word_1_626' title='bbox 1117 921 1221 950; x_wconf 87' lang='lat' dir='ltr'>Caritas</span> <span class='ocrx_word' id='word_1_627' title='bbox 1242 922 1313 950; x_wconf 86' lang='lat' dir='ltr'>enim</span> <span class='ocrx_word' id='word_1_628' title='bbox 1336 926 1377 951; x_wconf 91' lang='lat' dir='ltr'>est</span> <span class='ocrx_word' id='word_1_629' title='bbox 1393 932 1491 960; x_wconf 82' lang='lat' dir='ltr'>inagna</span> <span class='ocrx_word' id='word_1_630' title='bbox 1511 924 1635 959; x_wconf 88' lang='lat' dir='ltr'>domina;</span> <span class='ocrx_word' id='word_1_631' title='bbox 1651 929 1678 954; x_wconf 87' lang='lat' dir='ltr'>et</span> <span class='ocrx_word' id='word_1_632' title='bbox 1698 927 1718 954; x_wconf 89' lang='lat' dir='ltr'>si</span> <span class='ocrx_word' id='word_1_633' title='bbox 1743 927 1824 955; x_wconf 86' lang='lat' dir='ltr'>bomo</span> <span class='ocrx_word' id='word_1_634' title='bbox 1839 928 1886 955; x_wconf 84' lang='lat' dir='ltr'>ha-</span> 
     </span>
     <span class='ocr_line' id='line_1_89' title="bbox 1044 966 1886 1008; baseline 0.008 -14"><span class='ocrx_word' id='word_1_635' title='bbox 1044 966 1121 995; x_wconf 85' lang='lat' dir='ltr'>beret</span> <span class='ocrx_word' id='word_1_636' title='bbox 1149 975 1196 996; x_wconf 80' lang='lat' dir='ltr'>cor</span> <span class='ocrx_word' id='word_1_637' title='bbox 1225 969 1329 1003; x_wconf 84' lang='lat' dir='ltr'>maius,</span> <span class='ocrx_word' id='word_1_638' title='bbox 1355 977 1437 1006; x_wconf 88' lang='lat' dir='ltr'>quam</span> <span class='ocrx_word' id='word_1_639' title='bbox 1460 970 1558 1005; x_wconf 78' lang='lat' dir='ltr'>habet,</span> <span class='ocrx_word' id='word_1_640' title='bbox 1584 971 1610 999; x_wconf 90' lang='lat' dir='ltr'>in</span> <span class='ocrx_word' id='word_1_641' title='bbox 1638 972 1768 1008; x_wconf 81' lang='lat' dir='ltr'>decuplo,</span> <span class='ocrx_word' id='word_1_642' title='bbox 1798 976 1886 1001; x_wconf 90' lang='lat' dir='ltr'>totum</span> 
     </span>
     <span class='ocr_line' id='line_1_90' title="bbox 1044 1014 1887 1055; baseline 0.007 -14"><span class='ocrx_word' id='word_1_643' title='bbox 1044 1014 1124 1042; x_wconf 86' lang='lat' dir='ltr'>vellet</span> <span class='ocrx_word' id='word_1_644' title='bbox 1142 1014 1192 1042; x_wconf 90' lang='lat' dir='ltr'>sibi</span> <span class='ocrx_word' id='word_1_645' title='bbox 1214 1023 1358 1051; x_wconf 86' lang='lat' dir='ltr'>occupare.</span> <span class='ocrx_word' id='word_1_646' title='bbox 1374 1016 1449 1045; x_wconf 89' lang='lat' dir='ltr'>Unde</span> <span class='ocrx_word' id='word_1_647' title='bbox 1463 1016 1564 1045; x_wconf 88' lang='lat' dir='ltr'>dicitur</span> <span class='ocrx_word' id='word_1_648' title='bbox 1580 1018 1616 1045; x_wconf 78' lang='lat'>²2:</span> <span class='ocrx_word' id='word_1_649' title='bbox 1640 1019 1673 1046; x_wconf 78' lang='lat' dir='ltr'>ln</span> <span class='ocrx_word' id='word_1_650' title='bbox 1693 1019 1804 1055; x_wconf 70' lang='lat' dir='ltr'>yaaclio</span> <span class='ocrx_word' id='word_1_651' title='bbox 1824 1019 1887 1047; x_wconf 74' lang='lat' dir='ltr'>cius</span> 
     </span>
     <span class='ocr_line' id='line_1_91' title="bbox 1042 1061 1886 1102; baseline 0.007 -14"><span class='ocrx_word' id='word_1_652' title='bbox 1042 1069 1100 1088; x_wconf 71' lang='lat' dir='ltr'>ozon</span> <span class='ocrx_word' id='word_1_653' title='bbox 1115 1061 1283 1089; x_wconf 60' lang='lat' dir='ltr'>mtvcebttur</span> <span class='ocrx_word' id='word_1_654' title='bbox 1304 1066 1468 1091; x_wconf 70' lang='lat' dir='ltr'>extraneus.</span> <span class='ocrx_word' id='word_1_655' title='bbox 1489 1063 1520 1091; x_wconf 82' lang='lat' dir='ltr'>Et</span> <span class='ocrx_word' id='word_1_656' title='bbox 1541 1068 1653 1101; x_wconf 85' lang='lat' dir='ltr'>propter</span> <span class='ocrx_word' id='word_1_657' title='bbox 1670 1065 1720 1093; x_wconf 89' lang='lat' dir='ltr'>hoc</span> <span class='ocrx_word' id='word_1_658' title='bbox 1735 1065 1799 1093; x_wconf 85' lang='lat' dir='ltr'>dicit</span> <span class='ocrx_word' id='word_1_659' title='bbox 1814 1066 1886 1102; x_wconf 73' lang='lat' dir='ltr'>Moy-</span> 
     </span>
     <span class='ocr_line' id='line_1_92' title="bbox 1043 1107 1885 1147; baseline 0.006 -12"><span class='ocrx_word' id='word_1_660' title='bbox 1043 1114 1086 1135; x_wconf 88' lang='lat' dir='ltr'>ses</span> <span class='ocrx_word' id='word_1_661' title='bbox 1115 1107 1318 1136; x_wconf 88' lang='lat' dir='ltr'>Deuteronomii</span> <span class='ocrx_word' id='word_1_662' title='bbox 1348 1112 1443 1137; x_wconf 84' lang='lat' dir='ltr'>sexto:</span> <span class='ocrx_word' id='word_1_663' title='bbox 1475 1110 1579 1147; x_wconf 67' lang='lat' dir='ltr'>Ditiyes</span> <span class='ocrx_word' id='word_1_664' title='bbox 1611 1111 1764 1139; x_wconf 78' lang='lat' dir='ltr'>Dominum</span> <span class='ocrx_word' id='word_1_665' title='bbox 1795 1112 1885 1140; x_wconf 81' lang='lat' dir='ltr'>Deam</span> 
     </span>
     <span class='ocr_line' id='line_1_93' title="bbox 1043 1155 1885 1187; baseline 0.007 -7"><span class='ocrx_word' id='word_1_666' title='bbox 1043 1157 1126 1181; x_wconf 74' lang='lat' dir='ltr'>tuum</span> <span class='ocrx_word' id='word_1_667' title='bbox 1154 1162 1188 1181; x_wconf 64' lang='lat' dir='ltr'>cac</span> <span class='ocrx_word' id='word_1_668' title='bbox 1210 1157 1265 1182; x_wconf 86' lang='lat' dir='ltr'>toto</span> <span class='ocrx_word' id='word_1_669' title='bbox 1294 1155 1379 1183; x_wconf 78' lang='lat' dir='ltr'>eorde</span> <span class='ocrx_word' id='word_1_670' title='bbox 1404 1159 1452 1183; x_wconf 80' lang='lat' dir='ltr'>tito</span> <span class='ocrx_word' id='word_1_671' title='bbox 1473 1160 1497 1184; x_wconf 78' lang='lat' dir='ltr'>et</span> <span class='ocrx_word' id='word_1_672' title='bbox 1518 1164 1552 1184; x_wconf 75' lang='lat' dir='ltr'>ex</span> <span class='ocrx_word' id='word_1_673' title='bbox 1578 1160 1637 1185; x_wconf 90' lang='lat' dir='ltr'>tota</span> <span class='ocrx_word' id='word_1_674' title='bbox 1659 1157 1761 1185; x_wconf 72' lang='lat' dir='ltr'>anima</span> <span class='ocrx_word' id='word_1_675' title='bbox 1790 1162 1840 1186; x_wconf 79' lang='lat' dir='ltr'>tua</span> <span class='ocrx_word' id='word_1_676' title='bbox 1862 1162 1885 1187; x_wconf 83' lang='lat' dir='ltr'>ct</span> 
     </span>
     <span class='ocr_line' id='line_1_94' title="bbox 1042 1200 1884 1242; baseline 0.007 -15"><span class='ocrx_word' id='word_1_677' title='bbox 1042 1208 1076 1227; x_wconf 70' lang='lat' dir='ltr'>ex</span> <span class='ocrx_word' id='word_1_678' title='bbox 1098 1203 1157 1228; x_wconf 86' lang='lat' dir='ltr'>tota</span> <span class='ocrx_word' id='word_1_679' title='bbox 1177 1200 1350 1237; x_wconf 75' lang='lat' dir='ltr'>fertitudine</span> <span class='ocrx_word' id='word_1_680' title='bbox 1371 1206 1432 1230; x_wconf 75' lang='lat' dir='ltr'>tica.</span> <span class='ocrx_word' id='word_1_681' title='bbox 1455 1203 1529 1231; x_wconf 87' lang='lat' dir='ltr'>Unde</span> <span class='ocrx_word' id='word_1_682' title='bbox 1551 1203 1577 1231; x_wconf 92' lang='lat' dir='ltr'>in</span> <span class='ocrx_word' id='word_1_683' title='bbox 1600 1203 1732 1232; x_wconf 87' lang='lat' dir='ltr'>Canticis:</span> <span class='ocrx_word' id='word_1_684' title='bbox 1760 1206 1818 1242; x_wconf 68' lang='lat' dir='ltr'>Eyo</span> <span class='ocrx_word' id='word_1_685' title='bbox 1840 1205 1884 1233; x_wconf 73' lang='lat' dir='ltr'>(ti-</span> 
     </span>
     <span class='ocr_line' id='line_1_95' title="bbox 1043 1246 1884 1287; baseline 0.007 -13"><span class='ocrx_word' id='word_1_686' title='bbox 1043 1246 1110 1275; x_wconf 71' lang='lat' dir='ltr'>teoto</span> <span class='ocrx_word' id='word_1_687' title='bbox 1131 1255 1208 1281; x_wconf 79' lang='lat' dir='ltr'>mco,</span> <span class='ocrx_word' id='word_1_688' title='bbox 1231 1252 1256 1275; x_wconf 77' lang='lat' dir='ltr'>et</span> <span class='ocrx_word' id='word_1_689' title='bbox 1278 1248 1398 1277; x_wconf 76' lang='lat' dir='ltr'>dilectas</span> <span class='ocrx_word' id='word_1_690' title='bbox 1414 1257 1493 1277; x_wconf 78' lang='lat' dir='ltr'>meas</span> <span class='ocrx_word' id='word_1_691' title='bbox 1515 1248 1603 1283; x_wconf 75' lang='lat' dir='ltr'>milti,</span> <span class='ocrx_word' id='word_1_692' title='bbox 1623 1251 1700 1287; x_wconf 87' lang='lat' dir='ltr'>quasi</span> <span class='ocrx_word' id='word_1_693' title='bbox 1721 1251 1808 1280; x_wconf 65' lang='lat' dir='ltr'>client:</span> <span class='ocrx_word' id='word_1_694' title='bbox 1832 1260 1884 1280; x_wconf 88' lang='lat' dir='ltr'>non</span> 
     </span>
     <span class='ocr_line' id='line_1_96' title="bbox 1042 1293 2021 1330; baseline 0.005 -9"><span class='ocrx_word' id='word_1_695' title='bbox 1042 1293 1111 1321; x_wconf 87' lang='lat' dir='ltr'>vado</span> <span class='ocrx_word' id='word_1_696' title='bbox 1133 1297 1193 1330; x_wconf 88' lang='lat' dir='ltr'>post</span> <span class='ocrx_word' id='word_1_697' title='bbox 1214 1294 1394 1323; x_wconf 83' lang='lat' dir='ltr'>fornicatores</span> <span class='ocrx_word' id='word_1_698' title='bbox 1417 1296 1519 1324; x_wconf 90' lang='lat' dir='ltr'>mundi.</span> <span class='ocrx_word' id='word_1_699' title='bbox 1535 1313 1573 1316; x_wconf 84' lang='lat'>—</span> <span class='ocrx_word' id='word_1_700' title='bbox 1588 1297 1679 1325; x_wconf 88' lang='lat' dir='ltr'>Tertio</span> <span class='ocrx_word' id='word_1_701' title='bbox 1700 1297 1831 1327; x_wconf 84' lang='lat' dir='ltr'>debemus</span> <span class='ocrx_word' id='word_1_702' title='bbox 1845 1298 1884 1326; x_wconf 90' lang='lat' dir='ltr'>di-</span> <span class='ocrx_word' id='word_1_703' title='bbox 1900 1307 1928 1326; x_wconf 67' lang='lat' dir='ltr'>sa</span> <span class='ocrx_word' id='word_1_704' title='bbox 1941 1308 2021 1326; x_wconf 72' lang='lat' dir='ltr'>fervens.</span> 
     </span>
     <span class='ocr_line' id='line_1_97' title="bbox 1042 1339 1885 1380; baseline 0.007 -13"><span class='ocrx_word' id='word_1_705' title='bbox 1042 1339 1127 1376; x_wconf 86' lang='lat' dir='ltr'>ligere</span> <span class='ocrx_word' id='word_1_706' title='bbox 1147 1339 1299 1377; x_wconf 73' lang='lat' dir='ltr'>ferventer.</span> <span class='ocrx_word' id='word_1_707' title='bbox 1323 1342 1374 1370; x_wconf 88' lang='lat' dir='ltr'>iste</span> <span class='ocrx_word' id='word_1_708' title='bbox 1395 1342 1488 1371; x_wconf 90' lang='lat' dir='ltr'>fervor</span> <span class='ocrx_word' id='word_1_709' title='bbox 1516 1343 1667 1372; x_wconf 84' lang='lat' dir='ltr'>attenditur</span> <span class='ocrx_word' id='word_1_710' title='bbox 1688 1348 1823 1380; x_wconf 85' lang='lat' dir='ltr'>quantum</span> <span class='ocrx_word' id='word_1_711' title='bbox 1851 1345 1885 1373; x_wconf 89' lang='lat' dir='ltr'>ad</span> 
     </span>
     <span class='ocr_line' id='line_1_98' title="bbox 1041 1387 1885 1427; baseline 0.006 -12"><span class='ocrx_word' id='word_1_712' title='bbox 1041 1387 1167 1415; x_wconf 83' lang='lat' dir='ltr'>ardorem</span> <span class='ocrx_word' id='word_1_713' title='bbox 1184 1388 1321 1423; x_wconf 85' lang='lat' dir='ltr'>desiderii,</span> <span class='ocrx_word' id='word_1_714' title='bbox 1336 1392 1367 1417; x_wconf 86' lang='lat' dir='ltr'>ut</span> <span class='ocrx_word' id='word_1_715' title='bbox 1382 1389 1472 1417; x_wconf 86' lang='lat' dir='ltr'>anima</span> <span class='ocrx_word' id='word_1_716' title='bbox 1487 1393 1569 1418; x_wconf 80' lang='lat' dir='ltr'>extra</span> <span class='ocrx_word' id='word_1_717' title='bbox 1583 1398 1612 1419; x_wconf 90' lang='lat' dir='ltr'>se</span> <span class='ocrx_word' id='word_1_718' title='bbox 1624 1391 1797 1427; x_wconf 72' lang='lat' dir='ltr'>egrediatur,</span> <span class='ocrx_word' id='word_1_719' title='bbox 1814 1392 1885 1421; x_wconf 84' lang='lat' dir='ltr'>sicut</span> 
     </span>
     <span class='ocr_line' id='line_1_99' title="bbox 1041 1434 1885 1476; baseline 0.007 -14"><span class='ocrx_word' id='word_1_720' title='bbox 1041 1434 1101 1462; x_wconf 90' lang='lat' dir='ltr'>fons</span> <span class='ocrx_word' id='word_1_721' title='bbox 1121 1434 1277 1464; x_wconf 69' lang='lat' dir='ltr'>fervescens</span> <span class='ocrx_word' id='word_1_722' title='bbox 1291 1436 1432 1472; x_wconf 84' lang='lat' dir='ltr'>egreditur</span> <span class='ocrx_word' id='word_1_723' title='bbox 1454 1440 1535 1465; x_wconf 81' lang='lat' dir='ltr'>extra</span> <span class='ocrx_word' id='word_1_724' title='bbox 1549 1445 1586 1472; x_wconf 93' lang='lat' dir='ltr'>se,</span> <span class='ocrx_word' id='word_1_725' title='bbox 1610 1438 1646 1466; x_wconf 83' lang='lat' dir='ltr'>ita</span> <span class='ocrx_word' id='word_1_726' title='bbox 1661 1439 1761 1472; x_wconf 81' lang='lat' dir='ltr'>anima,</span> <span class='ocrx_word' id='word_1_727' title='bbox 1776 1440 1885 1476; x_wconf 84' lang='lat' dir='ltr'>quando</span> 
     </span>
     <span class='ocr_line' id='line_1_100' title="bbox 1041 1481 1884 1523; baseline 0.007 -14"><span class='ocrx_word' id='word_1_728' title='bbox 1041 1481 1179 1510; x_wconf 84' lang='lat' dir='ltr'>ferventer</span> <span class='ocrx_word' id='word_1_729' title='bbox 1200 1482 1299 1519; x_wconf 82' lang='lat' dir='ltr'>diligit,</span> <span class='ocrx_word' id='word_1_730' title='bbox 1322 1483 1463 1519; x_wconf 84' lang='lat' dir='ltr'>egreditur</span> <span class='ocrx_word' id='word_1_731' title='bbox 1484 1487 1565 1512; x_wconf 77' lang='lat' dir='ltr'>extra</span> <span class='ocrx_word' id='word_1_732' title='bbox 1587 1492 1615 1513; x_wconf 88' lang='lat' dir='ltr'>se</span> <span class='ocrx_word' id='word_1_733' title='bbox 1642 1489 1669 1513; x_wconf 90' lang='lat' dir='ltr'>et</span> <span class='ocrx_word' id='word_1_734' title='bbox 1694 1486 1753 1514; x_wconf 90' lang='lat' dir='ltr'>vult</span> <span class='ocrx_word' id='word_1_735' title='bbox 1773 1486 1884 1523; x_wconf 83' lang='lat' dir='ltr'>aggredi</span> 
     </span>
     <span class='ocr_line' id='line_1_101' title="bbox 1041 1529 1885 1568; baseline 0.006 -12"><span class='ocrx_word' id='word_1_736' title='bbox 1041 1536 1111 1565; x_wconf 85' lang='lat' dir='ltr'>quae</span> <span class='ocrx_word' id='word_1_737' title='bbox 1133 1532 1197 1557; x_wconf 87' lang='lat' dir='ltr'>sunt</span> <span class='ocrx_word' id='word_1_738' title='bbox 1225 1529 1299 1557; x_wconf 87' lang='lat' dir='ltr'>ultra</span> <span class='ocrx_word' id='word_1_739' title='bbox 1321 1530 1394 1558; x_wconf 88' lang='lat' dir='ltr'>vires</span> <span class='ocrx_word' id='word_1_740' title='bbox 1423 1530 1571 1564; x_wconf 82' lang='lat' dir='ltr'>humanas,</span> <span class='ocrx_word' id='word_1_741' title='bbox 1594 1531 1659 1567; x_wconf 88' lang='lat' dir='ltr'>quia</span> <span class='ocrx_word' id='word_1_742' title='bbox 1679 1531 1766 1568; x_wconf 66' lang='lat' dir='ltr'>sortis</span> <span class='ocrx_word' id='word_1_743' title='bbox 1791 1536 1832 1560; x_wconf 75' lang='lat' dir='ltr'>est</span> <span class='ocrx_word' id='word_1_744' title='bbox 1852 1536 1885 1561; x_wconf 74' lang='lat' dir='ltr'>ut</span> 
     </span>
     <span class='ocr_line' id='line_1_102' title="bbox 1040 1576 1883 1614; baseline 0.006 -11"><span class='ocrx_word' id='word_1_745' title='bbox 1040 1584 1120 1603; x_wconf 71' lang='lat' dir='ltr'>mors</span> <span class='ocrx_word' id='word_1_746' title='bbox 1131 1576 1253 1610; x_wconf 77' lang='lat' dir='ltr'>dilectio,</span> <span class='ocrx_word' id='word_1_747' title='bbox 1265 1576 1344 1604; x_wconf 77' lang='lat' dir='ltr'>dara</span> <span class='ocrx_word' id='word_1_748' title='bbox 1355 1577 1431 1605; x_wconf 80' lang='lat' dir='ltr'>sicat</span> <span class='ocrx_word' id='word_1_749' title='bbox 1442 1576 1579 1614; x_wconf 73' lang='lat' dir='ltr'>infernas</span> <span class='ocrx_word' id='word_1_750' title='bbox 1590 1578 1747 1607; x_wconf 74' lang='lat' dir='ltr'>aemnlatio</span> <span class='ocrx_word' id='word_1_751' title='bbox 1756 1579 1786 1606; x_wconf 78' lang='lat'>¹³.</span> <span class='ocrx_word' id='word_1_752' title='bbox 1800 1579 1883 1613; x_wconf 88' lang='lat' dir='ltr'>Unde,</span> 
     </span>
     <span class='ocr_line' id='line_1_103' title="bbox 1040 1622 1883 1662; baseline 0.005 -12"><span class='ocrx_word' id='word_1_753' title='bbox 1040 1623 1106 1659; x_wconf 88' lang='lat' dir='ltr'>quia</span> <span class='ocrx_word' id='word_1_754' title='bbox 1127 1623 1177 1651; x_wconf 83' lang='lat' dir='ltr'>isla</span> <span class='ocrx_word' id='word_1_755' title='bbox 1192 1622 1331 1651; x_wconf 78' lang='lat' dir='ltr'>ferventer</span> <span class='ocrx_word' id='word_1_756' title='bbox 1352 1623 1489 1660; x_wconf 84' lang='lat' dir='ltr'>diligebat,</span> <span class='ocrx_word' id='word_1_757' title='bbox 1505 1624 1565 1652; x_wconf 91' lang='lat' dir='ltr'>ideo</span> <span class='ocrx_word' id='word_1_758' title='bbox 1587 1625 1673 1652; x_wconf 87' lang='lat' dir='ltr'>voluit</span> <span class='ocrx_word' id='word_1_759' title='bbox 1687 1626 1795 1662; x_wconf 78' lang='lat' dir='ltr'>aggredi</span> <span class='ocrx_word' id='word_1_760' title='bbox 1812 1634 1883 1662; x_wconf 88' lang='lat' dir='ltr'>quae</span> 
     </span>
     <span class='ocr_line' id='line_1_104' title="bbox 1040 1669 1882 1709; baseline 0.005 -12"><span class='ocrx_word' id='word_1_761' title='bbox 1040 1669 1155 1698; x_wconf 87' lang='lat' dir='ltr'>suerunt</span> <span class='ocrx_word' id='word_1_762' title='bbox 1171 1670 1243 1697; x_wconf 86' lang='lat' dir='ltr'>ultra</span> <span class='ocrx_word' id='word_1_763' title='bbox 1259 1670 1331 1698; x_wconf 91' lang='lat' dir='ltr'>vires</span> <span class='ocrx_word' id='word_1_764' title='bbox 1345 1670 1420 1703; x_wconf 83' lang='lat' dir='ltr'>eius:</span> <span class='ocrx_word' id='word_1_765' title='bbox 1437 1670 1497 1698; x_wconf 83' lang='lat' dir='ltr'>ibat</span> <span class='ocrx_word' id='word_1_766' title='bbox 1511 1671 1551 1698; x_wconf 76' lang='lat' dir='ltr'>ad</span> <span class='ocrx_word' id='word_1_767' title='bbox 1565 1676 1793 1706; x_wconf 73' lang='lat' dir='ltr'>monumentum,</span> <span class='ocrx_word' id='word_1_768' title='bbox 1809 1672 1882 1709; x_wconf 90' lang='lat' dir='ltr'>qnod</span> 
     </span>
     <span class='ocr_line' id='line_1_105' title="bbox 1039 1715 1881 1754; baseline 0.004 -11"><span class='ocrx_word' id='word_1_769' title='bbox 1039 1723 1093 1744; x_wconf 91' lang='lat' dir='ltr'>non</span> <span class='ocrx_word' id='word_1_770' title='bbox 1116 1715 1254 1744; x_wconf 85' lang='lat' dir='ltr'>audebant</span> <span class='ocrx_word' id='word_1_771' title='bbox 1275 1716 1363 1744; x_wconf 89' lang='lat' dir='ltr'>facere</span> <span class='ocrx_word' id='word_1_772' title='bbox 1385 1716 1453 1750; x_wconf 76' lang='lat' dir='ltr'>viri,</span> <span class='ocrx_word' id='word_1_773' title='bbox 1478 1717 1578 1745; x_wconf 87' lang='lat' dir='ltr'>obtulit</span> <span class='ocrx_word' id='word_1_774' title='bbox 1605 1725 1634 1746; x_wconf 90' lang='lat' dir='ltr'>se</span> <span class='ocrx_word' id='word_1_775' title='bbox 1661 1718 1693 1745; x_wconf 88' lang='lat' dir='ltr'>ad</span> <span class='ocrx_word' id='word_1_776' title='bbox 1717 1718 1881 1754; x_wconf 86' lang='lat' dir='ltr'>portandum</span> 
     </span>
     <span class='ocr_line' id='line_1_106' title="bbox 1039 1762 2022 1801; baseline 0.002 -11"><span class='ocrx_word' id='word_1_777' title='bbox 1039 1770 1141 1799; x_wconf 84' lang='lat' dir='ltr'>corpus</span> <span class='ocrx_word' id='word_1_778' title='bbox 1155 1762 1265 1790; x_wconf 84' lang='lat' dir='ltr'>Christi.</span> <span class='ocrx_word' id='word_1_779' title='bbox 1283 1780 1318 1783; x_wconf 97' lang='lat'><strong>—</strong></span> <span class='ocrx_word' id='word_1_780' title='bbox 1334 1763 1408 1797; x_wconf 89' lang='lat' dir='ltr'>Item,</span> <span class='ocrx_word' id='word_1_781' title='bbox 1424 1763 1556 1792; x_wconf 82' lang='lat' dir='ltr'>debemus</span> <span class='ocrx_word' id='word_1_782' title='bbox 1570 1764 1682 1801; x_wconf 87' lang='lat' dir='ltr'>diligere</span> <span class='ocrx_word' id='word_1_783' title='bbox 1697 1773 1883 1801; x_wconf 60' lang='lat' dir='ltr'>perseveratri-</span> <span class='ocrx_word' id='word_1_784' title='bbox 1895 1773 1923 1792; x_wconf 73' lang='lat' dir='ltr'>sn</span> <span class='ocrx_word' id='word_1_785' title='bbox 1935 1778 2022 1797; x_wconf 66' lang='lat' dir='ltr'>perseve-</span> 
     </span>
     <span class='ocr_line' id='line_1_107' title="bbox 1040 1801 1978 1847; baseline 0.003 -10"><span class='ocrx_word' id='word_1_786' title='bbox 1040 1813 1081 1837; x_wconf 81' lang='lat' dir='ltr'>ter</span> <span class='ocrx_word' id='word_1_787' title='bbox 1102 1810 1230 1845; x_wconf 85' lang='lat' dir='ltr'>exemplo</span> <span class='ocrx_word' id='word_1_788' title='bbox 1252 1809 1368 1843; x_wconf 83' lang='lat' dir='ltr'>Christi,</span> <span class='ocrx_word' id='word_1_789' title='bbox 1386 1810 1422 1838; x_wconf 75' lang='lat' dir='ltr'>,de</span> <span class='ocrx_word' id='word_1_790' title='bbox 1444 1818 1499 1846; x_wconf 89' lang='lat' dir='ltr'>quo</span> <span class='ocrx_word' id='word_1_791' title='bbox 1521 1810 1546 1838; x_wconf 93' lang='lat' dir='ltr'>in</span> <span class='ocrx_word' id='word_1_792' title='bbox 1569 1811 1666 1839; x_wconf 85' lang='lat' dir='ltr'>Ioanne</span> <span class='ocrx_word' id='word_1_793' title='bbox 1682 1812 1720 1838; x_wconf 78' lang='lat'>¹4:</span> <span class='ocrx_word' id='word_1_794' title='bbox 1742 1812 1792 1847; x_wconf 84' lang='lat' dir='ltr'>Qui</span> <span class='ocrx_word' id='word_1_795' title='bbox 1815 1820 1881 1840; x_wconf 77' lang='lat' dir='ltr'>cum</span> <span class='ocrx_word' id='word_1_796' title='bbox 1929 1801 1978 1815; x_wconf 59' lang='lat'><strong>‘³⁰⁵&#39;</strong></span> 
     </span>
     <span class='ocr_line' id='line_1_108' title="bbox 1039 1855 1882 1894; baseline 0.004 -11"><span class='ocrx_word' id='word_1_797' title='bbox 1039 1855 1183 1884; x_wconf 73' lang='lat' dir='ltr'>dilexis-set</span> <span class='ocrx_word' id='word_1_798' title='bbox 1197 1864 1276 1889; x_wconf 65' lang='lat' dir='ltr'>suos,</span> <span class='ocrx_word' id='word_1_799' title='bbox 1291 1856 1343 1893; x_wconf 72' lang='lat' dir='ltr'>qut</span> <span class='ocrx_word' id='word_1_800' title='bbox 1356 1860 1439 1884; x_wconf 73' lang='lat' dir='ltr'>erant</span> <span class='ocrx_word' id='word_1_801' title='bbox 1455 1857 1485 1884; x_wconf 75' lang='lat' dir='ltr'>in</span> <span class='ocrx_word' id='word_1_802' title='bbox 1500 1857 1622 1891; x_wconf 70' lang='lat' dir='ltr'>mundo,</span> <span class='ocrx_word' id='word_1_803' title='bbox 1639 1858 1668 1885; x_wconf 71' lang='lat' dir='ltr'>iit</span> <span class='ocrx_word' id='word_1_804' title='bbox 1682 1857 1767 1894; x_wconf 76' lang='lat' dir='ltr'>finem</span> <span class='ocrx_word' id='word_1_805' title='bbox 1782 1858 1882 1886; x_wconf 66' lang='lat' dir='ltr'>ditexit</span> 
     </span>
     <span class='ocr_line' id='line_1_109' title="bbox 1039 1902 1881 1941; baseline 0.005 -12"><span class='ocrx_word' id='word_1_806' title='bbox 1039 1910 1092 1930; x_wconf 74' lang='lat' dir='ltr'>eos.</span> <span class='ocrx_word' id='word_1_807' title='bbox 1116 1902 1235 1930; x_wconf 80' lang='lat' dir='ltr'>Maxima</span> <span class='ocrx_word' id='word_1_808' title='bbox 1256 1903 1327 1931; x_wconf 91' lang='lat' dir='ltr'>enim</span> <span class='ocrx_word' id='word_1_809' title='bbox 1352 1911 1457 1931; x_wconf 83' lang='lat' dir='ltr'>merces</span> <span class='ocrx_word' id='word_1_810' title='bbox 1481 1908 1521 1932; x_wconf 92' lang='lat' dir='ltr'>est</span> <span class='ocrx_word' id='word_1_811' title='bbox 1543 1904 1653 1937; x_wconf 79' lang='lat' dir='ltr'>amoris,</span> <span class='ocrx_word' id='word_1_812' title='bbox 1676 1905 1740 1941; x_wconf 88' lang='lat' dir='ltr'>quia</span> <span class='ocrx_word' id='word_1_813' title='bbox 1761 1905 1816 1933; x_wconf 84' lang='lat' dir='ltr'>vita</span> <span class='ocrx_word' id='word_1_814' title='bbox 1837 1913 1881 1933; x_wconf 89' lang='lat' dir='ltr'>ae-</span> 
     </span>
     <span class='ocr_line' id='line_1_110' title="bbox 1039 1949 1880 1985; baseline 0.005 -9"><span class='ocrx_word' id='word_1_815' title='bbox 1039 1952 1125 1977; x_wconf 85' lang='lat' dir='ltr'>terna.</span> <span class='ocrx_word' id='word_1_816' title='bbox 1139 1949 1207 1978; x_wconf 84' lang='lat' dir='ltr'>llaec</span> <span class='ocrx_word' id='word_1_817' title='bbox 1222 1957 1271 1977; x_wconf 89' lang='lat' dir='ltr'>nos</span> <span class='ocrx_word' id='word_1_818' title='bbox 1287 1949 1364 1978; x_wconf 82' lang='lat' dir='ltr'>valde</span> <span class='ocrx_word' id='word_1_819' title='bbox 1378 1950 1457 1978; x_wconf 81' lang='lat' dir='ltr'>debet</span> <span class='ocrx_word' id='word_1_820' title='bbox 1474 1958 1584 1979; x_wconf 89' lang='lat' dir='ltr'>movere</span> <span class='ocrx_word' id='word_1_821' title='bbox 1598 1951 1630 1979; x_wconf 90' lang='lat' dir='ltr'>ad</span> <span class='ocrx_word' id='word_1_822' title='bbox 1646 1959 1782 1985; x_wconf 74' lang='lat' dir='ltr'>altiorem,</span> <span class='ocrx_word' id='word_1_823' title='bbox 1797 1951 1880 1980; x_wconf 82' lang='lat' dir='ltr'>Jacob</span> 
     </span>
     <span class='ocr_line' id='line_1_111' title="bbox 1038 1995 1882 2032; baseline 0.002 -9"><span class='ocrx_word' id='word_1_824' title='bbox 1038 1996 1157 2023; x_wconf 76' lang='lat' dir='ltr'>servivit</span> <span class='ocrx_word' id='word_1_825' title='bbox 1177 1999 1281 2032; x_wconf 73' lang='lat' dir='ltr'>septe-m</span> <span class='ocrx_word' id='word_1_826' title='bbox 1301 1996 1389 2024; x_wconf 72' lang='lat' dir='ltr'>annis</span> <span class='ocrx_word' id='word_1_827' title='bbox 1400 2004 1456 2032; x_wconf 78' lang='lat' dir='ltr'>pro</span> <span class='ocrx_word' id='word_1_828' title='bbox 1473 1995 1586 2030; x_wconf 75' lang='lat' dir='ltr'>Rachel,</span> <span class='ocrx_word' id='word_1_829' title='bbox 1606 2001 1631 2024; x_wconf 73' lang='lat' dir='ltr'>et</span> <span class='ocrx_word' id='word_1_830' title='bbox 1651 1997 1824 2025; x_wconf 50' lang='lat' dir='ltr'>¹uidebantur</span> <span class='ocrx_word' id='word_1_831' title='bbox 1838 1996 1882 2025; x_wconf 82' lang='lat' dir='ltr'>illi</span> 
     </span>
     <span class='ocr_line' id='line_1_112' title="bbox 1036 2043 1881 2079; baseline 0.001 -8"><span class='ocrx_word' id='word_1_832' title='bbox 1036 2043 1129 2079; x_wconf 71' lang='lat' dir='ltr'>pauci</span> <span class='ocrx_word' id='word_1_833' title='bbox 1149 2043 1209 2071; x_wconf 67' lang='lat' dir='ltr'>(lies</span> <span class='ocrx_word' id='word_1_834' title='bbox 1227 2051 1302 2079; x_wconf 75' lang='lat' dir='ltr'>prae</span> <span class='ocrx_word' id='word_1_835' title='bbox 1323 2043 1435 2071; x_wconf 72' lang='lat' dir='ltr'>(inieris</span> <span class='ocrx_word' id='word_1_836' title='bbox 1456 2043 1666 2079; x_wconf 71' lang='lat' dir='ltr'>maym&#39;tadim’.</span> <span class='ocrx_word' id='word_1_837' title='bbox 1684 2044 1709 2071; x_wconf 95' lang='lat' dir='ltr'>ln</span> <span class='ocrx_word' id='word_1_838' title='bbox 1728 2044 1881 2072; x_wconf 83' lang='lat' dir='ltr'>Proverbiis</span> 
     </span>
     <span class='ocr_line' id='line_1_113' title="bbox 1038 2089 1880 2127; baseline 0.001 -10"><span class='ocrx_word' id='word_1_839' title='bbox 1038 2089 1154 2117; x_wconf 87' lang='lat' dir='ltr'>dicitur:</span> <span class='ocrx_word' id='word_1_840' title='bbox 1180 2089 1266 2117; x_wconf 75' lang='lat' dir='ltr'>Omni</span> <span class='ocrx_word' id='word_1_841' title='bbox 1287 2093 1410 2126; x_wconf 78' lang='lat' dir='ltr'>tempore</span> <span class='ocrx_word' id='word_1_842' title='bbox 1435 2089 1529 2127; x_wconf 61' lang='lat' dir='ltr'>(libya</span> <span class='ocrx_word' id='word_1_843' title='bbox 1557 2091 1609 2127; x_wconf 78' lang='lat' dir='ltr'>qui</span> <span class='ocrx_word' id='word_1_844' title='bbox 1632 2091 1746 2118; x_wconf 71' lang='lat' dir='ltr'>anticus</span> <span class='ocrx_word' id='word_1_845' title='bbox 1769 2095 1826 2123; x_wconf 46' lang='lat' dir='ltr'>esu·</span> <span class='ocrx_word' id='word_1_846' title='bbox 1854 2093 1880 2119; x_wconf 88' lang='lat' dir='ltr'>et</span> 
     </span>
     <span class='ocr_line' id='line_1_114' title="bbox 1038 2135 1880 2174; baseline 0.002 -10"><span class='ocrx_word' id='word_1_847' title='bbox 1038 2135 1101 2164; x_wconf 85' lang='lat' dir='ltr'>alibi</span> <span class='ocrx_word' id='word_1_848' title='bbox 1119 2136 1140 2153; x_wconf 76' lang='lat'>¹⁵</span> <span class='ocrx_word' id='word_1_849' title='bbox 1162 2136 1278 2165; x_wconf 87' lang='lat' dir='ltr'>dicitur:</span> <span class='ocrx_word' id='word_1_850' title='bbox 1300 2137 1356 2165; x_wconf 85' lang='lat' dir='ltr'>Non</span> <span class='ocrx_word' id='word_1_851' title='bbox 1379 2141 1419 2165; x_wconf 90' lang='lat' dir='ltr'>est</span> <span class='ocrx_word' id='word_1_852' title='bbox 1441 2137 1547 2166; x_wconf 82' lang='lat' dir='ltr'>amicus</span> <span class='ocrx_word' id='word_1_853' title='bbox 1568 2137 1738 2174; x_wconf 84' lang='lat' dir='ltr'>reputandus</span> <span class='ocrx_word' id='word_1_854' title='bbox 1753 2138 1799 2174; x_wconf 88' lang='lat' dir='ltr'>qui</span> <span class='ocrx_word' id='word_1_855' title='bbox 1817 2140 1880 2166; x_wconf 85' lang='lat' dir='ltr'>ante</span> 
     </span>
     <span class='ocr_line' id='line_1_115' title="bbox 1038 2183 1878 2221; baseline 0.001 -10"><span class='ocrx_word' id='word_1_856' title='bbox 1038 2185 1154 2211; x_wconf 89' lang='lat' dir='ltr'>mortem</span> <span class='ocrx_word' id='word_1_857' title='bbox 1170 2183 1279 2211; x_wconf 82' lang='lat' dir='ltr'>dimittit</span> <span class='ocrx_word' id='word_1_858' title='bbox 1295 2191 1396 2212; x_wconf 86' lang='lat' dir='ltr'>amare.</span> <span class='ocrx_word' id='word_1_859' title='bbox 1412 2184 1458 2212; x_wconf 81' lang='lat' dir='ltr'>llic</span> <span class='ocrx_word' id='word_1_860' title='bbox 1473 2184 1544 2212; x_wconf 91' lang='lat' dir='ltr'>enim</span> <span class='ocrx_word' id='word_1_861' title='bbox 1560 2187 1601 2212; x_wconf 89' lang='lat' dir='ltr'>est</span> <span class='ocrx_word' id='word_1_862' title='bbox 1616 2192 1693 2212; x_wconf 85' lang='lat' dir='ltr'>amor</span> <span class='ocrx_word' id='word_1_863' title='bbox 1707 2184 1777 2213; x_wconf 86' lang='lat' dir='ltr'>sicut</span> <span class='ocrx_word' id='word_1_864' title='bbox 1792 2184 1878 2221; x_wconf 63' lang='lat' dir='ltr'>ignis,</span> 
     </span>
     <span class='ocr_line' id='line_1_116' title="bbox 1038 2230 1879 2260; baseline 0.001 -2"><span class='ocrx_word' id='word_1_865' title='bbox 1038 2230 1084 2259; x_wconf 90' lang='lat' dir='ltr'>sed</span> <span class='ocrx_word' id='word_1_866' title='bbox 1106 2230 1141 2258; x_wconf 91' lang='lat' dir='ltr'>ibi</span> <span class='ocrx_word' id='word_1_867' title='bbox 1164 2230 1217 2258; x_wconf 82' lang='lat' dir='ltr'>erit</span> <span class='ocrx_word' id='word_1_868' title='bbox 1237 2230 1308 2259; x_wconf 87' lang='lat' dir='ltr'>sicut</span> <span class='ocrx_word' id='word_1_869' title='bbox 1323 2231 1467 2258; x_wconf 76' lang='lat' dir='ltr'>caminus.</span> <span class='ocrx_word' id='word_1_870' title='bbox 1484 2231 1557 2259; x_wconf 82' lang='lat' dir='ltr'>Patet</span> <span class='ocrx_word' id='word_1_871' title='bbox 1580 2231 1659 2259; x_wconf 86' lang='lat' dir='ltr'>inodo</span> <span class='ocrx_word' id='word_1_872' title='bbox 1681 2231 1714 2260; x_wconf 89' lang='lat' dir='ltr'>de</span> <span class='ocrx_word' id='word_1_873' title='bbox 1728 2231 1879 2260; x_wconf 89' lang='lat' dir='ltr'>dilectionis</span> 
     </span>
     <span class='ocr_line' id='line_1_117' title="bbox 1037 2277 1258 2305; baseline 0 0"><span class='ocrx_word' id='word_1_874' title='bbox 1037 2280 1100 2305; x_wconf 88' lang='lat' dir='ltr'>ortu</span> <span class='ocrx_word' id='word_1_875' title='bbox 1122 2281 1149 2305; x_wconf 87' lang='lat' dir='ltr'>et</span> <span class='ocrx_word' id='word_1_876' title='bbox 1171 2277 1258 2305; x_wconf 89' lang='lat' dir='ltr'>modo.</span> 
     </span>
    </p>

    <p class='ocr_par' dir='ltr' id='par_1_21' title="bbox 1037 2323 2021 2549">
     <span class='ocr_line' id='line_1_118' title="bbox 1116 2323 2021 2374; baseline 0.001 -23"><span class='ocrx_word' id='word_1_877' title='bbox 1116 2323 1155 2351; x_wconf 93' lang='grc'>111.</span> <span class='ocrx_word' id='word_1_878' title='bbox 1178 2324 1308 2360; x_wconf 85' lang='lat' dir='ltr'>Sequitur</span> <span class='ocrx_word' id='word_1_879' title='bbox 1336 2324 1369 2352; x_wconf 90' lang='lat' dir='ltr'>de</span> <span class='ocrx_word' id='word_1_880' title='bbox 1398 2323 1550 2352; x_wconf 88' lang='lat' dir='ltr'>dilectionis</span> <span class='ocrx_word' id='word_1_881' title='bbox 1571 2325 1662 2361; x_wconf 66' lang='lat' dir='ltr'>signio.</span> <span class='ocrx_word' id='word_1_882' title='bbox 1690 2325 1759 2353; x_wconf 90' lang='lat' dir='ltr'>Sunt</span> <span class='ocrx_word' id='word_1_883' title='bbox 1786 2328 2021 2374; x_wconf 45' lang='grc' dir='ltr'>[11116111ιῖἒὲιείοῇἔέἛῇ</span> 
     </span>
     <span class='ocr_line' id='line_1_119' title="bbox 1037 2370 1986 2408; baseline -0.001 -10"><span class='ocrx_word' id='word_1_884' title='bbox 1037 2373 1157 2407; x_wconf 85' lang='lat' dir='ltr'>quatuor</span> <span class='ocrx_word' id='word_1_885' title='bbox 1179 2370 1256 2407; x_wconf 79' lang='lat' dir='ltr'>signa</span> <span class='ocrx_word' id='word_1_886' title='bbox 1276 2370 1334 2398; x_wconf 87' lang='lat' dir='ltr'>veri</span> <span class='ocrx_word' id='word_1_887' title='bbox 1356 2371 1471 2404; x_wconf 78' lang='lat' dir='ltr'>amoris,</span> <span class='ocrx_word' id='word_1_888' title='bbox 1493 2371 1558 2407; x_wconf 86' lang='lat' dir='ltr'>quia</span> <span class='ocrx_word' id='word_1_889' title='bbox 1586 2379 1669 2399; x_wconf 82' lang='lat' dir='ltr'>verus</span> <span class='ocrx_word' id='word_1_890' title='bbox 1689 2379 1766 2399; x_wconf 87' lang='lat' dir='ltr'>amor</span> <span class='ocrx_word' id='word_1_891' title='bbox 1784 2375 1879 2408; x_wconf 78' lang='lat' dir='ltr'>torpe·</span> <span class='ocrx_word' id='word_1_892' title='bbox 1924 2384 1986 2402; x_wconf 68' lang='lat' dir='ltr'>gnum.</span> 
     </span>
     <span class='ocr_line' id='line_1_120' title="bbox 1038 2416 1878 2454; baseline 0.001 -9"><span class='ocrx_word' id='word_1_893' title='bbox 1038 2425 1100 2445; x_wconf 79' lang='lat' dir='ltr'>rem.</span> <span class='ocrx_word' id='word_1_894' title='bbox 1120 2417 1237 2450; x_wconf 66' lang='lat' dir='ltr'>excutit,</span> <span class='ocrx_word' id='word_1_895' title='bbox 1260 2417 1390 2446; x_wconf 81' lang='lat' dir='ltr'>timorem</span> <span class='ocrx_word' id='word_1_896' title='bbox 1412 2416 1498 2454; x_wconf 79' lang='lat' dir='ltr'>foras</span> <span class='ocrx_word' id='word_1_897' title='bbox 1518 2418 1613 2451; x_wconf 79' lang='lat' dir='ltr'>mittit,</span> <span class='ocrx_word' id='word_1_898' title='bbox 1633 2417 1745 2454; x_wconf 70' lang='lat' dir='ltr'>pudori</span> <span class='ocrx_word' id='word_1_899' title='bbox 1758 2426 1816 2446; x_wconf 66' lang='lat' dir='ltr'>own</span> <span class='ocrx_word' id='word_1_900' title='bbox 1837 2426 1878 2446; x_wconf 79' lang='lat' dir='ltr'>ce-</span> 
     </span>
     <span class='ocr_line' id='line_1_121' title="bbox 1037 2463 2001 2498; baseline 0.002 -7"><span class='ocrx_word' id='word_1_901' title='bbox 1037 2464 1094 2497; x_wconf 66' lang='lat' dir='ltr'>dit,‘</span> <span class='ocrx_word' id='word_1_902' title='bbox 1110 2463 1220 2492; x_wconf 70' lang='lat' dir='ltr'>doloris</span> <span class='ocrx_word' id='word_1_903' title='bbox 1240 2472 1299 2491; x_wconf 72' lang='lat' dir='ltr'>non</span> <span class='ocrx_word' id='word_1_904' title='bbox 1319 2463 1457 2492; x_wconf 77' lang='lat' dir='ltr'>meminit.</span> <span class='ocrx_word' id='word_1_905' title='bbox 1480 2481 1517 2484; x_wconf 97' lang='lat'><strong>—</strong></span> <span class='ocrx_word' id='word_1_906' title='bbox 1538 2464 1637 2498; x_wconf 83' lang='lat' dir='ltr'>Primo,</span> <span class='ocrx_word' id='word_1_907' title='bbox 1658 2464 1734 2498; x_wconf 88' lang='lat' dir='ltr'>dico,</span> <span class='ocrx_word' id='word_1_908' title='bbox 1755 2464 1807 2493; x_wconf 86' lang='lat' dir='ltr'>fuit</span> <span class='ocrx_word' id='word_1_909' title='bbox 1827 2464 1879 2493; x_wconf 82' lang='lat' dir='ltr'>ista</span> <span class='ocrx_word' id='word_1_910' title='bbox 1896 2474 1971 2498; x_wconf 79' lang='lat' dir='ltr'>Signum</span> <span class='ocrx_word' id='word_1_911' title='bbox 1985 2475 2001 2493; x_wconf 84' lang='lat'>1.</span> 
     </span>
     <span class='ocr_line' id='line_1_122' title="bbox 1038 2510 1878 2549; baseline 0.002 -11"><span class='ocrx_word' id='word_1_912' title='bbox 1038 2510 1236 2547; x_wconf 85' lang='lat' dir='ltr'>perfectissima</span> <span class='ocrx_word' id='word_1_913' title='bbox 1258 2511 1357 2539; x_wconf 89' lang='lat' dir='ltr'>Christi</span> <span class='ocrx_word' id='word_1_914' title='bbox 1374 2511 1509 2545; x_wconf 71' lang='lat' dir='ltr'>amatrix,</span> <span class='ocrx_word' id='word_1_915' title='bbox 1532 2511 1591 2539; x_wconf 87' lang='lat' dir='ltr'>eius</span> <span class='ocrx_word' id='word_1_916' title='bbox 1606 2511 1714 2547; x_wconf 82' lang='lat' dir='ltr'>signum</span> <span class='ocrx_word' id='word_1_917' title='bbox 1729 2511 1790 2546; x_wconf 85' lang='lat' dir='ltr'>fuit,</span> <span class='ocrx_word' id='word_1_918' title='bbox 1805 2512 1878 2549; x_wconf 86' lang='lat' dir='ltr'>quod</span> 
     </span>
    </p>
   </div>
   <div class='ocr_carea' id='block_1_15' title="bbox 1905 796 2025 838">
    <p class='ocr_par' dir='ltr' id='par_1_22' title="bbox 1905 796 2025 838">
     <span class='ocr_line' id='line_1_123' title="bbox 1905 796 2025 823; baseline 0.008 -9"><span class='ocrx_word' id='word_1_919' title='bbox 1905 796 1933 815; x_wconf 81' lang='lat' dir='ltr'>Sit</span> <span class='ocrx_word' id='word_1_920' title='bbox 1945 797 2025 823; x_wconf 79' lang='lat' dir='ltr'>singula·</span> 
     </span>
     <span class='ocr_line' id='line_1_124' title="bbox 1947 825 1980 838; baseline 0 0"><span class='ocrx_word' id='word_1_921' title='bbox 1947 825 1980 838; x_wconf 77' lang='lat' dir='ltr'>ris.</span> 
     </span>
    </p>
   </div>
   <div class='ocr_carea' id='block_1_16' title="bbox 1035 2671 1878 3010">
    <p class='ocr_par' dir='ltr' id='par_1_23' title="bbox 1099 2671 1877 2701">
     <span class='ocr_line' id='line_1_125' title="bbox 1099 2671 1877 2701; baseline 0 -7"><span class='ocrx_word' id='word_1_922' title='bbox 1099 2671 1108 2684; x_wconf 67' lang='lat'><em>0</em></span> <span class='ocrx_word' id='word_1_923' title='bbox 1126 2672 1254 2700; x_wconf 73' lang='lat' dir='ltr'>llespiciiur</span> <span class='ocrx_word' id='word_1_924' title='bbox 1272 2673 1330 2694; x_wconf 85' lang='lat' dir='ltr'>ioan.</span> <span class='ocrx_word' id='word_1_925' title='bbox 1348 2673 1385 2699; x_wconf 74' lang='lat'>⁴20,</span> <span class='ocrx_word' id='word_1_926' title='bbox 1402 2673 1434 2694; x_wconf 78' lang='grc'>12.</span> <span class='ocrx_word' id='word_1_927' title='bbox 1447 2677 1525 2700; x_wconf 81' lang='lat' dir='ltr'>seqq.;</span> <span class='ocrx_word' id='word_1_928' title='bbox 1538 2673 1641 2701; x_wconf 83' lang='lat' dir='ltr'>sequitur</span> <span class='ocrx_word' id='word_1_929' title='bbox 1653 2673 1719 2694; x_wconf 81' lang='lat' dir='ltr'>Eccli.</span> <span class='ocrx_word' id='word_1_930' title='bbox 1733 2673 1768 2700; x_wconf 74' lang='lat'>24,</span> <span class='ocrx_word' id='word_1_931' title='bbox 1782 2673 1818 2694; x_wconf 77' lang='lat'>26.</span> <span class='ocrx_word' id='word_1_932' title='bbox 1830 2679 1877 2701; x_wconf 60' lang='lat' dir='ltr'>seq.</span> 
     </span>
    </p>

    <p class='ocr_par' dir='ltr' id='par_1_24' title="bbox 1099 2711 1312 2738">
     <span class='ocr_line' id='line_1_126' title="bbox 1099 2711 1312 2738; baseline -0.005 -5"><span class='ocrx_word' id='word_1_933' title='bbox 1099 2711 1119 2723; x_wconf 84' lang='lat'>¹⁰</span> <span class='ocrx_word' id='word_1_934' title='bbox 1137 2712 1202 2733; x_wconf 72' lang='lat' dir='ltr'>Ercli.</span> <span class='ocrx_word' id='word_1_935' title='bbox 1221 2711 1257 2738; x_wconf 78' lang='lat'>40,</span> <span class='ocrx_word' id='word_1_936' title='bbox 1275 2712 1312 2733; x_wconf 72' lang='lat'>20.</span> 
     </span>
    </p>

    <p class='ocr_par' dir='ltr' id='par_1_25' title="bbox 1036 2749 1878 2816">
     <span class='ocr_line' id='line_1_127' title="bbox 1099 2749 1878 2778; baseline 0 -6"><span class='ocrx_word' id='word_1_937' title='bbox 1099 2749 1117 2763; x_wconf 77' lang='lat'>¹¹</span> <span class='ocrx_word' id='word_1_938' title='bbox 1137 2751 1169 2772; x_wconf 85' lang='lat' dir='ltr'>De</span> <span class='ocrx_word' id='word_1_939' title='bbox 1185 2750 1303 2777; x_wconf 82' lang='lat' dir='ltr'>diligendo</span> <span class='ocrx_word' id='word_1_940' title='bbox 1320 2750 1375 2777; x_wconf 85' lang='lat' dir='ltr'>Deo,</span> <span class='ocrx_word' id='word_1_941' title='bbox 1393 2756 1413 2772; x_wconf 80' lang='lat' dir='ltr'>c.</span> <span class='ocrx_word' id='word_1_942' title='bbox 1434 2751 1452 2771; x_wconf 90' lang='grc'>1.</span> <span class='ocrx_word' id='word_1_943' title='bbox 1469 2756 1491 2771; x_wconf 88' lang='lat' dir='ltr'>n.</span> <span class='ocrx_word' id='word_1_944' title='bbox 1514 2751 1531 2771; x_wconf 89' lang='grc'>1.</span> <span class='ocrx_word' id='word_1_945' title='bbox 1552 2762 1575 2766; x_wconf 73' lang='lat'><em>-</em></span> <span class='ocrx_word' id='word_1_946' title='bbox 1597 2751 1730 2778; x_wconf 82' lang='lat' dir='ltr'>Sequuntur</span> <span class='ocrx_word' id='word_1_947' title='bbox 1747 2751 1800 2777; x_wconf 80' lang='lat' dir='ltr'>Sap.</span> <span class='ocrx_word' id='word_1_948' title='bbox 1818 2751 1839 2777; x_wconf 74' lang='lat'>3,</span> <span class='ocrx_word' id='word_1_949' title='bbox 1856 2751 1878 2772; x_wconf 68' lang='grc'>9.</span> 
     </span>
     <span class='ocr_line' id='line_1_128' title="bbox 1036 2789 1829 2816; baseline -0.001 -5"><span class='ocrx_word' id='word_1_950' title='bbox 1036 2792 1058 2811; x_wconf 86' lang='lat' dir='ltr'>et</span> <span class='ocrx_word' id='word_1_951' title='bbox 1075 2790 1143 2811; x_wconf 77' lang='lat' dir='ltr'>Prov.</span> <span class='ocrx_word' id='word_1_952' title='bbox 1163 2790 1201 2816; x_wconf 73' lang='lat'>12,</span> <span class='ocrx_word' id='word_1_953' title='bbox 1220 2790 1261 2816; x_wconf 58' lang='grc' dir='ltr'>-Ξιὴ</span> <span class='ocrx_word' id='word_1_954' title='bbox 1280 2789 1301 2810; x_wconf 80' lang='lat' dir='ltr'>lii</span> <span class='ocrx_word' id='word_1_955' title='bbox 1319 2789 1365 2810; x_wconf 89' lang='lat' dir='ltr'>duo</span> <span class='ocrx_word' id='word_1_956' title='bbox 1383 2789 1425 2810; x_wconf 88' lang='lat' dir='ltr'>loci</span> <span class='ocrx_word' id='word_1_957' title='bbox 1442 2789 1514 2810; x_wconf 82' lang='lat' dir='ltr'>additi</span> <span class='ocrx_word' id='word_1_958' title='bbox 1532 2791 1584 2810; x_wconf 88' lang='lat' dir='ltr'>sunt</span> <span class='ocrx_word' id='word_1_959' title='bbox 1601 2794 1627 2810; x_wconf 86' lang='lat' dir='ltr'>ex</span> <span class='ocrx_word' id='word_1_960' title='bbox 1644 2789 1695 2810; x_wconf 84' lang='lat' dir='ltr'>cod.</span> <span class='ocrx_word' id='word_1_961' title='bbox 1714 2789 1829 2810; x_wconf 79' lang='lat' dir='ltr'>Trecensi.</span> 
     </span>
    </p>

    <p class='ocr_par' dir='ltr' id='par_1_26' title="bbox 1099 2826 1822 2855">
     <span class='ocr_line' id='line_1_129' title="bbox 1099 2826 1822 2855; baseline -0.001 -6"><span class='ocrx_word' id='word_1_962' title='bbox 1099 2827 1118 2840; x_wconf 71' lang='lat'>¹2</span> <span class='ocrx_word' id='word_1_963' title='bbox 1137 2829 1202 2849; x_wconf 63' lang='lat' dir='ltr'>l‘rov.</span> <span class='ocrx_word' id='word_1_964' title='bbox 1224 2827 1256 2854; x_wconf 71' lang='grc'>14,</span> <span class='ocrx_word' id='word_1_965' title='bbox 1279 2828 1315 2855; x_wconf 84' lang='grc'>10;</span> <span class='ocrx_word' id='word_1_966' title='bbox 1333 2830 1460 2855; x_wconf 82' lang='lat' dir='ltr'>sequuntur</span> <span class='ocrx_word' id='word_1_967' title='bbox 1479 2827 1542 2849; x_wconf 83' lang='lat' dir='ltr'>Dent.</span> <span class='ocrx_word' id='word_1_968' title='bbox 1561 2828 1582 2853; x_wconf 84' lang='grc'>6,</span> <span class='ocrx_word' id='word_1_969' title='bbox 1600 2827 1621 2849; x_wconf 87' lang='grc'>5.</span> <span class='ocrx_word' id='word_1_970' title='bbox 1638 2830 1660 2849; x_wconf 81' lang='lat' dir='ltr'>et</span> <span class='ocrx_word' id='word_1_971' title='bbox 1676 2826 1739 2849; x_wconf 78' lang='lat' dir='ltr'>Cant.</span> <span class='ocrx_word' id='word_1_972' title='bbox 1757 2828 1782 2854; x_wconf 77' lang='lat'>6,</span> <span class='ocrx_word' id='word_1_973' title='bbox 1801 2828 1822 2848; x_wconf 71' lang='lat'>⁵2.</span> 
     </span>
    </p>

    <p class='ocr_par' dir='ltr' id='par_1_27' title="bbox 1099 2865 1727 2894">
     <span class='ocr_line' id='line_1_130' title="bbox 1099 2865 1727 2894; baseline -0.002 -6"><span class='ocrx_word' id='word_1_974' title='bbox 1099 2865 1118 2878; x_wconf 74' lang='lat'>¹⁹</span> <span class='ocrx_word' id='word_1_975' title='bbox 1135 2866 1200 2888; x_wconf 81' lang='lat' dir='ltr'>Cant.</span> <span class='ocrx_word' id='word_1_976' title='bbox 1217 2867 1243 2894; x_wconf 71' lang='lat'>8,</span> <span class='ocrx_word' id='word_1_977' title='bbox 1261 2867 1287 2893; x_wconf 73' lang='lat' dir='ltr'>t5;</span> <span class='ocrx_word' id='word_1_978' title='bbox 1304 2866 1358 2888; x_wconf 86' lang='lat' dir='ltr'>dein</span> <span class='ocrx_word' id='word_1_979' title='bbox 1375 2865 1495 2893; x_wconf 81' lang='lat' dir='ltr'>respicitur</span> <span class='ocrx_word' id='word_1_980' title='bbox 1513 2866 1572 2887; x_wconf 85' lang='lat' dir='ltr'>ioan.</span> <span class='ocrx_word' id='word_1_981' title='bbox 1589 2866 1630 2893; x_wconf 77' lang='lat'>20,</span> <span class='ocrx_word' id='word_1_982' title='bbox 1652 2866 1670 2888; x_wconf 87' lang='grc'>1.</span> <span class='ocrx_word' id='word_1_983' title='bbox 1695 2866 1727 2888; x_wconf 81' lang='grc'>15.</span> 
     </span>
    </p>

    <p class='ocr_par' dir='ltr' id='par_1_28' title="bbox 1099 2905 1845 2933">
     <span class='ocr_line' id='line_1_131' title="bbox 1099 2905 1845 2933; baseline 0 -6"><span class='ocrx_word' id='word_1_984' title='bbox 1099 2905 1117 2918; x_wconf 77' lang='lat'>¹⁴</span> <span class='ocrx_word' id='word_1_985' title='bbox 1135 2905 1190 2933; x_wconf 75' lang='lat' dir='ltr'>Cap.</span> <span class='ocrx_word' id='word_1_986' title='bbox 1212 2906 1245 2933; x_wconf 67' lang='grc'>13,</span> <span class='ocrx_word' id='word_1_987' title='bbox 1268 2906 1287 2932; x_wconf 84' lang='grc' dir='ltr'>Ι;</span> <span class='ocrx_word' id='word_1_988' title='bbox 1306 2908 1434 2933; x_wconf 80' lang='lat' dir='ltr'>sequuntur</span> <span class='ocrx_word' id='word_1_989' title='bbox 1450 2906 1505 2926; x_wconf 82' lang='lat' dir='ltr'>Gen.</span> <span class='ocrx_word' id='word_1_990' title='bbox 1522 2905 1559 2929; x_wconf 52' lang='lat'>⁴29.</span> <span class='ocrx_word' id='word_1_991' title='bbox 1578 2906 1614 2926; x_wconf 74' lang='lat'>20.</span> <span class='ocrx_word' id='word_1_992' title='bbox 1631 2908 1653 2927; x_wconf 89' lang='lat' dir='ltr'>et</span> <span class='ocrx_word' id='word_1_993' title='bbox 1670 2905 1736 2927; x_wconf 80' lang='lat' dir='ltr'>Prov.</span> <span class='ocrx_word' id='word_1_994' title='bbox 1755 2905 1791 2932; x_wconf 77' lang='lat' dir='ltr'>i7,</span> <span class='ocrx_word' id='word_1_995' title='bbox 1812 2905 1845 2927; x_wconf 81' lang='lat'>17.</span> 
     </span>
    </p>

    <p class='ocr_par' dir='ltr' id='par_1_29' title="bbox 1035 2943 1876 3010">
     <span class='ocr_line' id='line_1_132' title="bbox 1099 2943 1876 2972; baseline 0 -6"><span class='ocrx_word' id='word_1_996' title='bbox 1099 2943 1118 2956; x_wconf 83' lang='lat'>¹⁵</span> <span class='ocrx_word' id='word_1_997' title='bbox 1136 2944 1255 2966; x_wconf 85' lang='lat' dir='ltr'>Tribuitur</span> <span class='ocrx_word' id='word_1_998' title='bbox 1272 2944 1393 2966; x_wconf 80' lang='lat' dir='ltr'>Ambrosio</span> <span class='ocrx_word' id='word_1_999' title='bbox 1411 2944 1432 2965; x_wconf 89' lang='lat' dir='ltr'>iu</span> <span class='ocrx_word' id='word_1_1000' title='bbox 1451 2944 1586 2971; x_wconf 72' lang='lat' dir='ltr'>l‘olyanthen</span> <span class='ocrx_word' id='word_1_1001' title='bbox 1609 2944 1649 2965; x_wconf 84' lang='lat' dir='ltr'>los.</span> <span class='ocrx_word' id='word_1_1002' title='bbox 1667 2944 1745 2971; x_wconf 83' lang='lat' dir='ltr'>Lnngii</span> <span class='ocrx_word' id='word_1_1003' title='bbox 1763 2950 1817 2972; x_wconf 78' lang='lat' dir='ltr'>pag.</span> <span class='ocrx_word' id='word_1_1004' title='bbox 1833 2945 1876 2971; x_wconf 76' lang='lat'>72;</span> 
     </span>
     <span class='ocr_line' id='line_1_133' title="bbox 1035 2983 1387 3010; baseline -0.003 -5"><span class='ocrx_word' id='word_1_1005' title='bbox 1035 2983 1088 3005; x_wconf 88' lang='lat' dir='ltr'>dein</span> <span class='ocrx_word' id='word_1_1006' title='bbox 1106 2983 1226 3010; x_wconf 69' lang='lat' dir='ltr'>respicitur</span> <span class='ocrx_word' id='word_1_1007' title='bbox 1245 2983 1293 3004; x_wconf 81' lang='lat' dir='ltr'>lsai.</span> <span class='ocrx_word' id='word_1_1008' title='bbox 1311 2983 1348 3010; x_wconf 72' lang='lat'>21,</span> <span class='ocrx_word' id='word_1_1009' title='bbox 1365 2984 1387 3004; x_wconf 78' lang='grc'>9.</span> 
     </span>
    </p>
   </div>
  </div>
 </body>
</html>
