2243 3348
610 157 767 186 DOMlNlCA
788 158 906 187 TERTIA
926 159 958 188 lN
979 160 1020 196 QL

146 235 271 264 munita.
283 252 321 256 ——
335 235 444 264 Civitas
455 235 506 263 ista
516 238 576 263 erat
590 235 650 263 eius
661 235 835 270 conscientia,
848 236 874 263 in
887 244 942 273 qua
953 239 992 265 tot

146 284 226 311 erant
246 281 397 316 domicilia,
420 282 506 310 immo
526 282 669 318 praeclara
690 282 806 318 palatia,
827 285 895 318 quot
918 285 992 311 recta

146 328 274 363 consilia,
296 331 364 365 quot
384 332 478 357 sancta
498 328 649 361 desideria,
679 330 748 364 quot
775 328 820 365 pia
848 329 990 357 exercitia.

146 376 215 404 Haec
237 376 318 404 etiam
340 375 435 404 civitas
456 377 516 403 erat
542 375 612 403 bene
633 374 766 408 mimica,
795 375 924 411 quoniam
954 375 990 403 ibi

145 422 288 451 habitabat
308 422 456 450 multitudo
477 421 636 450 caelestium
659 421 857 450 charismatum
886 424 914 450 et
935 422 990 450 vir-

145 471 246 497 tutum.
270 468 421 497 Iucundum
443 470 503 496 erat
518 468 669 504 Prophetae
690 467 716 496 in
739 468 790 496 hac
811 467 920 496 civitate
942 468 990 496 ha-

144 515 242 549 bitare,
264 523 318 543 non
340 515 455 543 curabat
476 515 601 543 exterius
622 515 762 543 oberrare.
785 514 860 543 Unde
885 518 911 543 et
932 515 990 543 ani—

145 569 218 590 mam
241 569 318 590 suam
340 561 375 590 ab
396 561 585 590 exterioribus
612 561 645 589 ad
673 562 806 590 interiora
827 561 989 596 revocabat,

145 608 238 637 dicens
254 609 278 636 ¹:
303 608 480 642 Convertere,
497 609 600 637 anima
615 617 689 642 meu,
705 609 736 637 iu
751 609 879 646 ‘requiem
895 613 988 642 luam,

144 655 216 693 quia
239 655 381 683 Dominus
403 654 538 692 bene-fecit
565 654 624 683 libi.
651 655 708 683 Non
737 655 866 683 videntur
894 663 988 692 perce-

144 702 216 738 pisse
231 702 299 730 haec
314 701 406 729 divina
420 701 553 730 beneficia
574 703 620 738 qui
636 710 690 729 non
706 701 823 730 libenter
842 702 989 738 quiescunt

144 748 172 776 in
194 748 303 776 civitate
324 748 391 782 ista,
413 748 490 785 quia,
507 748 659 777 secundum
681 748 833 776 doctrinam
855 750 988 782 Senecae,

149 806 162 819 «
179 795 298 831 primum
320 798 516 832 argumentum
540 795 705 832 compositae
727 795 826 823 mentis
847 798 889 823 est
910 803 989 832 posse

144 849 238 870 secum
260 842 410 870 consistere
425 854 451 870 ».

222 889 314 917 Tertio
335 889 436 917 debent
464 889 576 925 perfecti
600 892 630 917 ul
657 888 714 925 lilii
734 889 808 917 lucis
836 889 990 918 ambulare

143 945 240 965 rorem.
260 936 397 965 stillando
419 944 467 973 per
482 936 573 964 cordis
587 936 767 965 devotionem.
784 937 826 965 Sic
845 937 989 965 aiul'iulare

143 982 316 1012 desiderabat
331 983 475 1019 Propheta,
491 990 553 1011 oum
576 983 613 1010 ait
625 983 651 1010 2;
669 983 761 1019 Adipc
775 987 801 1011 el
811 984 990 1020 pinguedine

143 1030 292 1067 repleatur
307 1030 411 1058 anima
431 1038 505 1057 mea.
528 1030 571 1058 Sic
586 1030 729 1058 ambulare
743 1030 844 1058 debent
860 1031 910 1058 viri
926 1039 989 1067 per-

142 1076 205 1105 fecti
228 1080 254 1105 et
275 1077 427 1105 devotionis
442 1076 586 1105 dulcedine
601 1077 778 1113 impingnari,
794 1080 825 1105 ut
839 1077 989 1114 impleatur

143 1123 170 1152 in
192 1124 231 1152 eis
246 1123 313 1152 illud
330 1123 538 1160 propheticum:
561 1123 761 1160 Jmpimyuasli
775 1124 805 1152 iu
827 1124 884 1152 oleo
900 1129 990 1161 eaput

143 1178 248 1198 meum.
271 1171 324 1199 Nec
345 1170 417 1199 enim
433 1170 518 1203 decet,
536 1178 582 1198 eos
598 1170 700 1199 habere
716 1174 826 1199 terram
848 1175 987 1205 arentem,

143 1217 190 1246 sed
205 1217 369 1254 irrigyuam,
385 1217 534 1254 superiori
554 1220 579 1245 el
593 1216 732 1254 infcriori
752 1218 869 1255 irrigyuo
891 1219 990 1256 irriga-

142 1268 214 1298 tam,
236 1264 288 1293 hoc
310 1268 350 1292 est
371 1264 591 1301 compunctionis
605 1267 632 1292 et
652 1264 804 1293 devotionis
820 1265 987 1302 irrigatione.

142 1311 236 1340 Talem
264 1315 367 1339 terram
396 1311 554 1347 impetravit
575 1311 660 1339 Axam
691 1319 706 1339 a
734 1314 828 1347 patre,
865 1312 988 1341 Indicum

142 1358 241 1395 primo,
264 1358 291 1386 id
312 1361 362 1392 est⁷
385 1358 465 1386 talem
488 1366 599 1395 quoque
614 1358 714 1386 debent
736 1359 785 1395 ipsi
802 1367 818 1387 a
837 1360 927 1388 Patre
949 1360 989 1387 lu-

142 1405 257 1433 minum
272 1405 282 1421 3
306 1405 469 1441 impetrare,
491 1405 614 1441 alioquin
644 1405 772 1434 videntur
804 1414 863 1434 esse
885 1407 989 1435 similes

141 1452 282 1481 montibus
303 1452 418 1485 Gelboe‚
440 1452 473 1480 de
495 1452 598 1489 quibus
620 1452 720 1489 legitur
742 1453 854 1481 secundi
885 1454 986 1490 Regum

141 1499 247 1536 primo:
264 1499 371 1527 Montes
389 1499 504 1532 Gelboe,
527 1507 577 1527 uec
606 1508 655 1527 ros
677 1508 727 1528 uec
747 1499 849 1535 pluuia
873 1500 989 1528 ueniant

140 1554 230 1582 super
258 1554 323 1580 *uo-³3
354 1546 492 1583 quiajam
522 1554 575 1574 non
598 1550 688 1574 esseut
710 1551 818 1574 montes
847 1555 895 1583 per
924 1548 989 1575 emi-

141 1593 261 1621 nentiam
285 1592 475 1629 perfectionis,
497 1592 543 1621 sed
566 1592 657 1628 potius
679 1601 728 1629 per
750 1596 887 1621 tumorem
910 1602 988 1630 prae—

140 1640 302 1674 sumtionis,
323 1648 373 1668 uec
394 1640 504 1668 veniret
524 1648 613 1676 super
634 1647 681 1668 eos
701 1648 749 1667 ros
764 1640 916 1669 devotionis
937 1649 988 1669 uec

137 1686 242 1723 pluvia
263 1686 489 1723 compunctionis.

220 1734 324 1770 Quarto
345 1733 447 1762 debent
467 1733 581 1770 perfecti
610 1737 641 1762 ul
662 1733 718 1770 filii
739 1733 813 1762 lucis
834 1734 988 1762 ambulare

15 1785 123 1810 nequam.
140 1789 243 1809 sensus
268 1781 468 1817 suspemlemlo
496 1788 546 1817 per
574 1781 733 1809 caelestium
763 1781 986 1818 speculationem.

4 1833 5 1838 ¹
141 1828 180 1856 De
201 1827 398 1856 ambulatione
413 1828 463 1856 ista
478 1828 534 1856 sive
549 1828 729 1864 suspensione
745 1828 879 1857 habemus
893 1836 988 1857 exeni-

140 1875 218 1911 plum
240 1874 286 1903 lob
301 1875 417 1911 septimo
432 1875 460 1902 4;
483 1874 679 1912 Suspensum
694 1875 775 1912 cleyll
796 1876 899 1904 anima
913 1884 986 1904 mea.

141 1921 233 1950 Simile
254 1921 434 1958 suspendium
467 1922 528 1958 eligi
550 1921 631 1950 debet
658 1930 674 1950 a
696 1922 763 1951 viris
784 1923 927 1959 perfectis,
958 1925 989 1951 ut

140 1968 247 2005 possint
266 1968 358 1997 dicere
379 1977 442 1997 cum
466 1969 591 2005 Apostolo
619 1969 652 1997 ad
676 1969 862 2006 Philippenses
890 1970 987 1998 tertio:

141 2015 252 2044 Nostra
273 2016 455 2044 conversatio
478 2016 508 2044 in
529 2016 617 2044 caelis
638 2020 686 2044 est.
713 2016 764 2044 Sed
786 2016 852 2053 quid
880 2017 988 2045 dicetur

140 2062 174 2091 de
196 2062 249 2091 illis
269 2063 316 2100 qui
339 2071 389 2091 nec
409 2063 436 2091 111
459 2063 541 2091 caelis
563 2066 628 2091 sunt
655 2071 705 2099 per
727 2064 986 2100 contemplationem

141 2110 240 2138 necin
270 2110 352 2138 terris
379 2118 429 2146 per
457 2110 614 2138 actionem?
642 2110 691 2138 Ubi
720 2118 786 2147 ergo
814 2113 897 2139 sunt?
925 2111 988 2139 Sine

140 2156 225 2185 dubio
246 2165 385 2193 nusquam
404 2160 484 2191 sunt;
500 2160 527 2185 et
543 2158 593 2186 hoc
608 2166 657 2194 per
674 2158 773 2186 mentis
788 2158 987 2194 evagationem,

141 2203 215 2240 quia,
237 2206 269 2231 ut
290 2203 355 2231 dicit
377 2204 478 2232 Seneca
492 2204 513 2237 ⁵,
547 2212 715 2240 «nusquam
737 2207 778 2232 cst
806 2204 853 2240 qui
882 2204 987 2241 ubique

141 2253 182 2278 est
197 2262 223 2278 ».
247 2251 284 2278 lta
305 2250 355 2287 ipsi
378 2258 516 2287 nusquam
533 2253 598 2279 sunt
612 2251 799 2285 mansionarii,
815 2251 862 2279 sed
883 2251 987 2288 ubique

141 2297 201 2334 vagi
223 2300 250 2326 et
270 2297 379 2334 profugi
402 2306 450 2334 per
472 2297 663 2326 fluctuantiam
685 2298 776 2326 cordis
797 2299 848 2326 sui.

220 2344 321 2380 Quinto
342 2344 442 2382 debent
470 2344 582 2381 perfecti
612 2348 644 2372 ul
663 2344 719 2381 filii
739 2345 813 2373 lucis
835 2344 988 2373 ambulare

140 2395 289 2428 stuporem
303 2392 471 2420 sustinendo
486 2392 496 2408 ὓ
519 2400 568 2428 per
590 2392 747 2420 divinorum
763 2400 879 2429 operum
902 2392 987 2420 admi-

142 2438 284 2466 rationem.
307 2438 350 2466 Sic
372 2438 530 2467 ambulabat
559 2442 585 2466 et
612 2439 741 2475 stupebat
769 2439 817 2475 qui
838 2439 946 2467 dicebat
961 2439 986 2466 ⁷:

26 944 52 963 De
64 942 124 961 tertia.

13 2394 39 2413 De
51 2395 123 2418 quinta.

143 2485 238 2520 Quam
254 2484 448 2522 maynificala
461 2489 531 2513 suut
553 2494 641 2522 opera
657 2490 722 2519 lua,
741 2485 876 2514 Domine!
893 2485 988 2514 Nimis

1025 160 1238 190 ADRAGEStMA.
1260 163 1369 191 SERMO
1391 165 1430 192 Ill.
1832 175 1887 202 §2⁹29

1047 237 1217 274 profundae
1237 238 1334 276 factae
1361 245 1431 269 sum
1458 243 1644 279 cogitationes
1665 250 1739 274 tuac.
1768 248 1799 276 Et
1824 257 1888 278 vere

1048 291 1147 320 magna
1168 288 1233 313 sunt
1253 293 1337 321 opera
1357 287 1431 316 illius
1449 289 1501 326 qui
1520 288 1593 325 facil
1614 292 1765 321 mirabilia
1778 302 1889 331 maqna

1048 329 1136 357 solus.
1159 331 1254 367 Magna
1275 340 1394 375 namque
1409 338 1474 362 sunt
1495 343 1579 371 opera
1600 338 1753 372 creationis,
1776 340 1821 368 sed
1836 349 1890 369 ma-

1048 376 1108 404 iora
1127 384 1211 412 opera
1233 379 1419 413 recreationis,
1442 380 1488 408 sed
1510 382 1630 411 maxima
1651 392 1734 420 opera
1755 385 1890 421 glorifica-

1048 422 1138 451 tionis.
1161 423 1230 452 Haec
1244 424 1345 452 debent
1366 425 1417 453 viri
1440 427 1552 462 perfecti
1574 429 1682 458 assidue
1703 431 1842 466 admirari,
1867 433 1890 461 si

1047 469 1145 497 volunt
1165 469 1344 499 admiratione
1366 472 1514 507 sublevari,
1530 475 1716 506 sublevatione
1731 478 1889 514 Illuminari‚

1047 514 1247 544 illuminatione
1267 516 1396 545 delectari
1425 522 1452 547 et
1480 520 1642 550 mirabiliter
1670 523 1828 553 delectando
1858 534 1889 555 ac

1046 562 1245 591 delectabiliter
1265 563 1427 593 admirando
1448 569 1643 604 contemplari;
1665 571 1731 599 alias
1759 580 1812 600 non
1841 581 1888 609 po—

1046 611 1141 637 terunt
1172 610 1375 646 contemplativi
1408 613 1527 647 realiter,
1549 615 1595 643 sed
1618 619 1722 645 tantum
1746 619 1887 648 nominali-

1046 657 1088 683 ter
1110 656 1275 692 nuncupari.
1292 672 1328 676 —
1344 657 1375 685 Et
1392 659 1457 694 quid
1474 660 1584 695 prodest
1599 670 1697 691 nomen
1713 664 1815 694 habere
1829 667 1888 695 sine
1920 671 1988 698 comm
2001 677 2033 691 110-

1046 704 1098 730 re?
1124 702 1195 738 Quid
1216 703 1288 731 valet
1308 711 1407 732 vacare
1428 705 1462 733 ab
1487 708 1627 737 exercitiis
1648 711 1834 741 exterioribus
1861 716 1889 742 et
1901 697 2034 742 ffiffeffissffi?

1046 757 1099 777 non
1110 752 1243 785 yuslare,
1255 758 1345 787 quam
1356 752 1459 779 suavis
1470 757 1511 781 est
1527 754 1667 783 Dominus
1679 756 1689 772 ⁸
1698 757 1711 784 f>
1726 757 1795 793 Quid
1811 760 1890 795 prod-
1904 746 1944 760 Μ’

1046 798 1088 824 est
1108 795 1304 832 perfectionem
1320 797 1391 825 vitae
1412 806 1513 827 vovere
1534 803 1561 828 et
1574 809 1628 829 non
1647 803 1770 837 reddere,
1792 812 1889 834 secun-

1046 842 1113 870 dum
1134 842 1239 871 dictum
1270 843 1382 872 Poetae:
1416 856 1429 869 «
1445 845 1572 875 Pollicitis
1599 847 1675 876 dives
1695 850 1810 885 quilibet
1831 860 1890 881 esse

1046 893 1136 926 potest
1148 900 1180 923 »;
1203 893 1229 918 et
1251 890 1403 919 secundum
1433 893 1611 928 proverbium
1640 895 1767 932 vulgare:
1798 909 1810 921 «
1828 899 1891 927 pro-

1048 936 1158 965 mittere
1180 939 1207 964 et
1228 945 1281 965 uon
1304 937 1370 965 dare
1391 942 1432 966 est
1453 939 1569 967 stultum
1598 941 1752 970 confortare
1767 954 1793 970 >›.
1816 943 1890 972 Unde

1047 983 1115 1011 tales
1138 983 1266 1012 videntur
1287 984 1374 1012 Deum
1398 993 1449 1021 pro
1470 986 1555 1014 stulto
1577 987 1687 1016 babere.

1079 1063 1081 1065 ³
1125 1032 1209 1058 Sexto
1229 1031 1330 1059 debent
1351 1031 1402 1059 viri
1425 1032 1536 1068 perfecti
1561 1037 1593 1061 ul
1611 1034 1667 1070 filii
1693 1035 1767 1063 lucis
1789 1036 1891 1065 ambu-
1908 1041 1935 1060 De
1948 1044 2007 1061 sexto-

1047 1077 1109 1105 lare
1130 1077 1262 1105 ecstasim
1283 1078 1478 1115 praeferendo
1500 1087 1549 1115 per
1571 1081 1670 1109 mentis
1690 1082 1890 1111 alienationem.

1046 1124 1088 1152 Sic
1119 1124 1334 1153 ambulaverunt
1365 1128 1422 1153 tres
1449 1125 1593 1162 discipuli,
1625 1128 1671 1163 qui
1705 1128 1891 1158 interfuerunt

1045 1169 1199 1198 dominicae
1228 1171 1480 1208 transfigurationi,
1509 1172 1542 1200 de
1567 1173 1670 1209 quibus
1697 1174 1822 1203 Matthaei
1845 1176 1890 1204 de-

1046 1217 1116 1245 cimo
1138 1218 1254 1253 septimo
1269 1218 1279 1234 9
1302 1218 1435 1254 legimus,
1457 1219 1530 1255 quod
1551 1220 1640 1248 nubes
1668 1221 1768 1250 lucida
1793 1222 1891 1251 obum-

1046 1263 1142 1292 bravit
1157 1273 1213 1298 eos,
1230 1265 1360 1301 quoniam
1378 1268 1474 1302 raptus
1489 1267 1578 1302 gratia
1592 1267 1649 1295 sive
1663 1268 1790 1297 alienabo
1805 1273 1891 1298 ecsta*

1045 1312 1098 1340 tica
1120 1311 1229 1340 videtur
1251 1320 1310 1340 esse
1330 1313 1408 1349 quasi
1430 1313 1519 1341 nubes
1545 1314 1661 1348 lucida,
1687 1315 1770 1344 simul
1795 1316 1891 1345 obum-

1045 1358 1129 1387 brans
1144 1362 1171 1387 et
1186 1359 1360 1387 illuminans:
1376 1359 1547 1389 obumbrans
1562 1364 1697 1397 quantum
1713 1362 1746 1390 ad
1762 1363 1891 1398 humana,

1045 1405 1205 1434 illuminans
1226 1409 1363 1442 quantum
1384 1406 1416 1435 ad
1446 1407 1546 1435 divina.
1569 1408 1641 1437 Talis
1669 1409 1749 1437 etiam
1778 1410 1892 1439 desectio

1046 1452 1203 1480 insinuatur
1233 1453 1258 1480 in
1286 1453 1406 1481 Psalmo:
1430 1454 1548 1488 Memor,
1570 1455 1676 1492 inquit,
1704 1455 1754 1493 fui
1775 1457 1842 1491 Dei,
1865 1457 1890 1485 in

1045 1507 1101 1535 quo
1117 1502 1228 1527 notatur
1249 1500 1406 1528 meditantis
1420 1501 1580 1535 admiratio;
1596 1505 1620 1530 el
1641 1502 1796 1531 delectatus
1814 1512 1891 1538 sitm,

1047 1546 1072 1573 in
1089 1554 1144 1582 quo
1166 1549 1278 1574 notatur
1300 1547 1462 1576 adi'nirantis
1477 1548 1634 1582 delectatio3
1650 1552 1674 1577 el
1689 1549 1789 1586 (lesecil
1807 1550 1892 1587 spiri-

1046 1596 1092 1620 tus
1114 1601 1205 1626 uicus,
1222 1593 1247 1621 in
1264 1602 1320 1630 quo
1341 1597 1454 1622 notatur
1476 1595 1575 1623 mentis
1596 1595 1731 1624 alienatio.
1748 1613 1784 1617 —
1800 1597 1836 1625 Ad
1853 1601 1892 1626 ta—
1909 1601 2000 1620 Hortatio-

1047 1640 1097 1668 lem
1120 1640 1311 1669 alienationem
1327 1641 1428 1669 debent
1442 1641 1548 1678 disponi
1571 1642 1622 1670 viri
1640 1643 1751 1679 perfecti
1768 1652 1817 1680 per
1836 1653 1892 1673 ma-

1045 1686 1215 1723 gnitudinem
1238 1687 1400 1722 devotionis⁷
1421 1688 1610 1717 admirationis
1630 1692 1657 1717 et
1672 1690 1823 1726 spiritualis
1844 1699 1893 1720 ex-

1046 1733 1209 1762 sultationis.
1234 1734 1265 1761 Et
1286 1736 1351 1762 tunc
1368 1738 1498 1770 poterunt
1514 1735 1683 1764 confidenter
1705 1740 1798 1772 petere
1813 1745 1892 1766 oscu-

1046 1779 1102 1807 lum
1117 1780 1222 1816 Sponsi‚
1235 1780 1356 1809 dicentes
1367 1789 1430 1809 cum
1447 1789 1547 1817 sponsa
1567 1782 1741 1811 Canticorum
1754 1784 1890 1819 primo¹⁰:

1048 1827 1200 1855 Oseuletur
1222 1836 1266 1855 mc
1287 1828 1384 1856 osculo
1406 1828 1466 1856 oris
1487 1829 1543 1857 sui.
1561 1830 1637 1858 Tunc
1658 1830 1739 1858 etiam
1762 1834 1892 1867 poterunt

1045 1874 1173 1903 revelata
1194 1874 1272 1912 facie
1292 1875 1421 1912 yloriam
1446 1876 1564 1905 Domini
1576 1877 1726 1914 speculari
1746 1886 1808 1907 cum
1823 1879 1892 1915 Apo-

1046 1921 1124 1955 stolo,
1147 1922 1284 1950 secundae
1305 1922 1339 1950 ad
1354 1923 1510 1952 Corinthios
1532 1924 1622 1952 tertio.

1125 1969 1207 2002 Ecce⁷
1229 1970 1343 2005 potestis
1365 1970 1507 1999 manifeste
1538 1970 1645 2005 videre,
1667 1972 1786 2008 qualiter
1814 1972 1892 2001 docet

1045 2016 1191 2052 Apostolus
1205 2024 1302 2045 omnes
1316 2016 1392 2053 filios
1407 2017 1482 2045 lucis
1493 2018 1675 2054 spiritualiter
1686 2018 1836 2047 ambulare.
1850 2019 1892 2047 Sic

1046 2062 1238 2096 (imbulemus,
1260 2067 1293 2091 ut
1312 2063 1369 2100 filii
1389 2064 1463 2092 lucis
1484 2065 1578 2093 simus
1600 2068 1627 2093 et
1648 2065 1680 2093 ad
1706 2066 1891 2102 contemplan-

1045 2109 1110 2138 dum
1124 2109 1215 2138 lucem
1230 2110 1455 2139 inaccessibilem
1467 2112 1487 2128 ¹¹
1503 2112 1649 2148 pervenire
1660 2113 1806 2149 possimus,
1818 2113 1891 2149 quod

1045 2156 1124 2185 nobis
1152 2157 1283 2185 concedat
1311 2158 1363 2186 lua:
1391 2167 1480 2192 vera,
1502 2167 1576 2196 quae
1604 2159 1753 2187 illuminat
1780 2168 1891 2188 omnem

1045 2202 1188 2232 homiuem
1210 2207 1261 2233 etc.

1375 2289 1466 2317 Sanno
1489 2288 1519 2316 111
1535 2288 1566 2316 ¹2.

1116 2367 1199 2392 Sermo
1210 2366 1297 2391 fratris
1310 2367 1501 2392 Bonaventurae
1514 2367 1626 2391 Parisius
1638 2367 1663 2390 in
1677 2366 1799 2397 Capuam,
1811 2374 1890 2391 mane.

1124 2440 1198 2467 Erat
1220 2440 1300 2468 Iesus
1328 2440 1444 2468 eiicieus
1465 2440 1666 2473 daemonium,
1689 2443 1713 2467 et
1734 2440 1807 2468 illua
1827 2444 1891 2468 erat

1045 2490 1178 2520 mulum,
1201 2487 1289 2515 Lucae
1311 2487 1456 2515 undecimo
1472 2487 1504 2514 ¹³.

205 2641 212 2654 ¹
231 2643 313 2665 Psalm.
332 2643 339 2664 11
351 2643 383 2671 it,
400 2643 422 2665 7.
440 2655 471 2659 —
490 2644 594 2672 Sequens
611 2644 675 2666 locus
692 2645 794 2666 Senecae
811 2647 845 2666 est
862 2645 932 2672 Epist.
949 2646 970 2666 2.

205 2680 213 2693 2
233 2682 314 2703 Psalm.
335 2682 371 2709 62,
390 2682 414 2709 6;
432 2686 560 2711 sequuntur
579 2683 613 2705 Ps.
631 2684 668 2711 22,
687 2683 709 2705 ὃ
726 2686 748 2705 et
765 2683 835 2706 ludic.
856 2684 878 2712 11,
896 2684 932 2706 Ἰ15.

205 2719 214 2732 ³
232 2721 274 2743 lac.
294 2721 314 2748 4,
333 2721 373 2748 117;
391 2721 495 2750 sequitur
514 2722 536 2743 11.
554 2722 611 2750 Reg.
632 2723 651 2750 1,
669 2723 705 2744 21.

204 2758 214 2770 ⁴¹
232 2759 296 2782 Yers.
308 2760 344 2782 Ἰὸ.
354 2760 397 2783 Csr.
407 2761 439 2782 De
450 2761 543 2789 Triplici
553 2761 604 2788 Yia,
613 2767 633 2783 c.
643 2763 695 2783 211.
707 2762 728 2784 9,
738 2762 846 2790 Sequitur
856 2762 910 2784 Phil.
920 2762 942 2789 3,
952 2763 988 2784 20.

205 2797 214 2810 ⁵
230 2799 301 2826 Epist.
318 2800 340 2821 2.
617 2800 626 2812 ⁰
645 2801 742 2829 Supple:
760 2807 830 2830 quem
847 2802 884 2824 lux
902 2802 988 2824 incutit.

205 2836 214 2849 ⁷
231 2838 312 2860 Psalm.
331 2839 368 2865 91,
387 2839 413 2866 (ἃς
431 2840 534 2868 sequitur
552 2840 587 2862 Ps.
606 2840 657 2868 =l35,
676 2839 697 2861 11.

205 2875 214 2888 ⁸
232 2877 313 2899 psalm.
333 2878 369 2905 33,
387 2879 407 2900 9.
425 2890 456 2894 —-
474 2879 581 2907 Sequitur
598 2878 674 2907 Ovid.y
692 2879 706 2901 I.
724 2879 752 2901 de
769 2879 829 2907 Arte,
847 2886 868 2901 v.
888 2879 941 2902 litt.

206 2914 215 2927 ⁰
233 2916 298 2939 Vers.
316 2916 343 2943 ὃς
360 2917 463 2945 sequitur
480 2918 516 2940 Ps.
533 2918 570 2943 76,
589 2917 610 2940 4.

207 2954 226 2966 ¹⁰
244 2956 309 2978 Vers.
328 2956 353 2984 11;
371 2956 474 2985 sequitur
491 2957 514 2979 ll.
532 2956 583 2980 Cor.
602 2958 622 2984 3,
641 2958 678 2980 18.
693 2970 723 2974 -
737 2958 767 2981 De
785 2958 827 2980 isto
845 2958 919 2985 gradu
937 2964 988 2980 con-

1047 2645 1202 2673 templationis
1214 2647 1344 2667 conteratur
1356 2646 1450 2671 Bonav.‚
1463 2645 1487 2666 11.
1500 2645 1559 2666 Sent.
1573 2644 1595 2666 d.
1608 2645 1645 2666 23.
1657 2650 1678 2666 a.
1691 2645 1712 2666 ΞΖ.
1725 2651 1747 2672 q.
1760 2644 1781 2666 3.
1793 2644 1815 2665 111
1827 2650 1891 2671 corp.

1047 2687 1069 2706 et
1085 2685 1114 2707 ad
1133 2685 1157 2711 63
1176 2685 1208 2707 111.
1226 2685 1288 2707 Sent.
1306 2684 1329 2706 d.
1347 2684 1382 2706 23.
1401 2684 1458 2706 dub.
1476 2684 1500 2710 43
1519 2684 1611 2712 Quaest.
1632 2683 1661 2705 de
1682 2683 1778 2705 Scientiu
1802 2682 1891 2709 Christi,

1046 2730 1068 2752 q.
1086 2724 1108 2745 7.
1126 2724 1186 2746 circa
1205 2724 1273 2746 finem
1292 2730 1367 2751 corp.;
1385 2723 1503 2745 Collation.
1516 2723 1537 2744 in
1551 2721 1665 2749 nomem„
1684 2722 1756 2744 collat.
1775 2722 1795 2743 2.
1814 2728 1835 2743 n.
1854 2722 1890 2743 28.

1046 2768 1103 2790 seq.;
1124 2763 1226 2784 Itinerar.
1244 2762 1325 2784 mentis
1342 2762 1364 2783 in
1378 2762 1459 2787 Deum,
1472 2767 1492 2783 c.
1504 2761 1529 2788 73
1542 2761 1571 2783 de
1584 2760 1678 2788 Triplici
1690 2760 1740 2786 Via,
1753 2766 1773 2781 c.
1785 2760 1806 2781 3.
1819 2766 1841 2781 n.
1854 2760 1891 2781 Ἰ13.

1109 2800 1127 2813 ¹¹
1146 2801 1214 2828 Epist.
1232 2801 1246 2822 l.
1266 2801 1326 2822 Tim.
1343 2801 1364 2827 6,
1383 2800 1424 2827 116;
1442 2802 1463 2821 et
1480 2800 1533 2821 dein
1551 2800 1610 2821 loan.
1632 2799 1649 2825 l,
1666 2799 1687 2820 9.

1109 2837 1127 2851 ¹²
1145 2840 1174 2862 Ex
1192 2840 1209 2861 Α
1227 2840 1263 2862 sol.
1286 2839 1326 2860 109
1345 2845 1367 2860 v.
1386 2839 1446 2860 idem
1464 2844 1540 2860 sermo
1558 2843 1583 2859 ex
1606 2840 1671 2864 parte
1690 2837 1790 2859 occurrit
1806 2837 1828 2858 in
1846 2837 1890 2859 Do-

1046 2879 1129 2901 minica
1147 2882 1229 2907 quarta
1248 2878 1364 2906 Quadrag.
1382 2878 1420 2900 sol.
1434 2878 1441 2898 rt
1453 2877 1477 2898 14
1496 2883 1529 2903 v.‚
1546 2876 1587 2898 ubi
1599 2876 1620 2897 in
1633 2876 1676 2898 [ino
1690 2876 1784 2897 dicitur:
1799 2874 1891 2902 Quaeri>

1045 2917 1169 2941 restitutumv
1187 2916 1210 2939 in
1227 2922 1335 2940 sermone
1352 2915 1418 2939 terlt'e
1435 2915 1554 2938 Donu'nice
1571 2914 1596 2937 iit
1614 2914 1811 2943 Quadi-aposlum.

1108 2955 1127 2968 ¹⁸
1146 2957 1210 2979 Vers.
1229 2956 1264 2977 11.
