2308 3358
0 919 5 1046 ἐ

0 1047 4 1130 l

0 1131 5 1219 i.

731 493 1305 567 PROLEGOMENA

638 700 719 747 [N
763 698 1055 747 NONUM
1099 697 1401 746 TOMUM.

503 1186 594 1210 CAPUT
613 1188 628 1210 1.

227 1280 264 1311 De
283 1279 380 1311 multis
401 1288 555 1311 sermonum
575 1281 670 1311 saneto
690 1281 901 1312 Bonaventurae

142 1334 312 1365 tributorum
326 1334 500 1373 editionibus,
513 1344 582 1375 quae
595 1335 734 1375 hucusque
748 1335 896 1374 impressae
910 1335 985 1365 sunt.

403 1445 421 1468 1.
439 1445 468 1468 De
485 1445 583 1468 editione
601 1445 722 1469 Vaticana.

205 1517 227 1538 ln
245 1516 310 1538 tertio
328 1516 392 1539 istius
409 1516 517 1539 editionis
535 1519 609 1543 tomo,
628 1516 667 1545 qui
690 1517 712 1538 in
731 1517 795 1539 titulo
813 1516 882 1539 habet
899 1523 985 1539 annum

143 1563 302 1591 impressionis
320 1562 392 1591 1596,
410 1562 545 1585 exhibentur
562 1562 607 1585 294
625 1568 743 1585 sermones
760 1563 790 1586 de
809 1563 939 1592 Tempore,
957 1564 986 1586 57

141 1615 261 1632 sermones
277 1609 298 1632 in
317 1609 411 1637 Proprie
429 1609 457 1631 de
475 1609 562 1632 Sanctis
580 1612 602 1632 et
620 1609 648 1631 4-7
666 1609 688 1631 in
706 1609 828 1632 Communi
841 1610 987 1638 Sanctorum,

140 1656 163 1678 in
180 1659 227 1679 toto
245 1656 289 1679 398
307 1662 433 1679 sermones.
449 1656 527 1679 Editor
547 1657 648 1684 Angelus
659 1657 735 1679 Rocca
751 1655 778 1679 O.
792 1657 813 1679 S.
826 1657 885 1685 Aug.
898 1657 920 1679 in
938 1658 987 1686 epi-

140 1704 196 1727 stola
213 1704 380 1732 nuncupatoria
405 1704 434 1726 ad
451 1705 536 1732 Papam
554 1703 696 1727 Clementem
715 1704 773 1732 Vlll,
796 1711 849 1727 cum
872 1705 936 1732 plura
955 1705 988 1727 di-

140 1751 209 1773 xisset
224 1751 248 1772 in
265 1750 356 1773 laudem
373 1756 509 1773 sermonum
535 1751 557 1773 S.
575 1751 764 1779 Bonaventurae,
791 1751 884 1780 asserit,
901 1758 926 1774 se
944 1752 988 1774 col-

140 1797 223 1825 legisse
240 1799 262 1820 et
278 1803 414 1825 segregasse
432 1798 473 1819 bos
494 1803 614 1820 sermones
640 1806 650 1817 α
662 1803 734 1825 puros
756 1800 778 1820 et
796 1798 923 1826 genuinos,
946 1799 986 1828 qui

140 1847 206 1866 antea
223 1844 320 1867 aliorum
337 1844 490 1872 sermonibus,
508 1846 587 1872 utpote
605 1844 779 1867 Bonaventurae
796 1845 910 1873 Paduam,
928 1846 986 1869 Petri

140 1890 231 1912 Aureoli
247 1892 269 1912 et
285 1889 400 1912 Francisci
411 1890 532 1918 Mayronis,
545 1891 640 1912 confuse
652 1890 758 1918 permixti
768 1894 845 1918 erant,
858 1894 880 1914 et
892 1898 985 1915 summo

139 1936 218 1959 labore
234 1936 264 1959 ab
282 1936 374 1959 infinitis
390 1936 508 1960 erroribus
525 1943 668 1965 expurgasse
680 1946 702 1960 n.
724 1937 814 1966 Quibus
832 1938 917 1962 verbis·
933 1940 987 1962 satis

140 1983 238 2012 indicat,
255 1990 280 2006 se
292 1986 344 2006 ante
355 1984 435 2007 oculos
446 1984 555 2007 habuisse
566 1985 684 2014 antiquam
697 1985 821 2008 editionem
834 1986 987 2009 Basileensem

141 2036 177 2053 an.
198 2031 263 2059 1502,
280 2031 309 2053 de
326 2037 372 2060 qua
390 2031 446 2053 infra
463 2038 484 2054 n.
504 2031 558 2054 Vlll.
575 2037 651 2054 sermo
669 2031 718 2054 erit.

203 2077 277 2100 Editio
294 2077 404 2101 Vaticana
421 2078 559 2106 reimpressa
585 2081 619 2101 est
637 2079 743 2106 Lugduni
770 2079 838 2106 4609,
855 2080 987 2108 Moguntiae

141 2130 177 2146 an.
196 2123 256 2146 '1675
273 2126 296 2146 et
312 2124 356 2146 alio
373 2124 454 2147 ordine
470 2125 572 2148 Venetiis
591 2125 659 2154 l759,
676 2125 776 2154 denique
796 2125 826 2148 ab
849 2132 908 2149 anno
927 2127 987 2149 '1864

142 2171 242 2198 Parisiis,
260 2173 354 2193 curante
371 2171 466 2194 domino
484 2172 572 2195 Peltier.

205 2218 356 2240 surrexerunt
373 2220 450 2240 tamen
465 2221 517 2241 ante
534 2219 600 2246 plura
617 2220 707 2242 saecula
730 2220 773 2242 viri
792 2220 876 2248 critici,
893 2221 933 2249 qui
952 2226 988 2243 nc-

142 2266 267 2291 gaverunt,
285 2264 416 2291 praedictos
436 2270 555 2287 sermones
574 2272 625 2288 esse
642 2266 764 2294 genuinos.
790 2267 836 2289 lam
860 2266 987 2289 Casimirus

142 2310 246 2333 Oudinus
264 2311 285 2334 in
302 2318 344 2334 suo
361 2311 545 2339 Commentario,
571 2315 625 2335 tom.
643 2313 676 2335 lll.
692 2314 736 2336 col.
754 2313 806 2341 400,
829 2319 910 2336 omnes
932 2314 988 2337 istos

141 2359 222 2381 saltem
239 2358 298 2381 inter
315 2358 399 2381 dubios
411 2359 498 2386 posuit,
516 2359 573 2382 dum
585 2360 685 2383 editores
698 2360 778 2383 Veneti
791 2361 885 2384 eosdem
898 2364 922 2384 ut
934 2368 987 2389 sup-

142 2405 255 2433 posititios
272 2406 426 2433 exploserunt.
444 2405 548 2428 Oudinus
565 2406 658 2434 insuper
678 2407 787 2430 asseruit:
808 2416 818 2428 α
831 2408 896 2430 Unde
915 2408 988 2430 maior

142 2451 212 2474 debet
229 2457 279 2474 esse
304 2452 416 2474 certitudo
442 2458 522 2474 eorum
545 2459 604 2481 quos
621 2459 657 2475 an.
684 2454 751 2476 1521,
777 2454 868 2477 Parisiis
891 2455 988 2478 lodocus

143 2498 228 2520 Badius
244 2498 367 2520 Ascensius
384 2497 521 2526 publicavit,
538 2505 608 2527 quam
627 2506 707 2522 eorum
724 2501 765 2529 qui
783 2500 896 2523 habentur
909 2501 931 2523 in
945 2501 988 2523 Va-

142 2544 215 2567 ticana
229 2553 250 2566 n.
268 2545 314 2567 Sed
336 2545 358 2567 in
384 2546 427 2568 hoc.
454 2545 522 2568 valde
546 2546 642 2573 erravit;
668 2553 681 2569 e
705 2547 819 2570 contrario
841 2547 903 2570 enim
925 2553 988 2570 nunc

143 2590 286 2618 exploratum
304 2594 349 2619 est,
367 2597 449 2613 omnes
466 2597 479 2613 a
496 2591 567 2614 Badio
580 2592 686 2619 vulgatos
697 2599 816 2616 sermones
828 2599 879 2616 esse
895 2594 988 2622 spurios

143 2640 165 2660 et
181 2638 217 2660 Fr.
234 2637 340 2660 Conrado
358 2638 387 2660 de
405 2638 500 2660 saxonia
519 2638 680 2661 restituendos.
900 2629 903 2630 ⁷

206 2684 278 2706 Etiam
297 2685 320 2707 Ρ.
339 2684 422 2707 Bened.
439 2684 533 2712 Bonelli,
545 2684 568 2707 in
585 2691 627 2707 suo
640 2685 767 2708 Prodromo
779 2685 832 2713 (col.
847 2686 891 2709 670
905 2687 988 2716 seqq),

144 2731 270 2754 assentiens
287 2732 310 2754 P.
327 2731 457 2759 snm-aleae,
474 2734 535 2754 recte
553 2731 673 2760 iudicavit,
696 2738 743 2755 non
765 2739 853 2761 paucos
869 2740 989 2757 sermones

146 2778 267 2801 Vaticauae
284 2778 391 2801 editionis
408 2784 460 2801 esse
476 2777 571 2806 dubios,
585 2778 657 2801 Immo
670 2779 714 2801 iam
732 2780 862 2808 suspicatus
879 2783 922 2807 est,
933 2781 989 2803 mul·

145 2828 180 2847 tos
196 2831 277 2847 eorum
294 2825 430 2848 tribuendos
447 2831 497 2848 esse
513 2825 620 2848 Conrado
643 2826 672 2848 de
689 2826 786 2849 Saxonia
804 2827 853 2856 (cfr.
872 2827 927 2849 ibid.
946 2828 989 2850 col.

145 2871 210 2900 718).
226 2872 289 2894 Nune
307 2875 382 2895 tamen
400 2879 437 2895 res
454 2876 489 2895 est
510 2872 604 2895 omnino
621 2873 750 2901 explorata,
768 2876 792 2896 ut
804 2874 860 2897 infra
879 2881 901 2897 n.
919 2875 989 2901 1x‚x.

147 2919 276 2941 testimonio
294 2919 400 2942 codicum
419 2919 537 2948 probatur.

1108 1187 1184 1209 Primo
1202 1187 1327 1209 dicendum
1345 1189 1380 1209 est
1396 1187 1426 1209 de
1442 1186 1516 1214 prima
1530 1188 1595 1214 parte
1611 1192 1745 1209 sermonum
1759 1186 1891 1214 vaticanae,

1044 1234 1129 1256 scilicet
1145 1234 1175 1256 de
1191 1233 1338 1256 sermonibus
1355 1234 1384 1256 de
1402 1234 1526 1261 Tempore.
1548 1234 1606 1256 luter
1627 1234 1669 1256 lios
1690 1233 1838 1256 solummodo
1861 1233 1890 1255 53

1043 1287 1162 1303 sermones
1174 1283 1292 1303 auctorem
1305 1280 1390 1303 habent
1401 1281 1595 1309 Bonaventuram,
1607 1280 1688 1310 reliqui
1701 1287 1781 1303 omnes
1793 1283 1846 1304 sunt
1855 1281 1891 1304 Fr.

1043 1326 1143 1349 Com-adi
1160 1327 1190 1349 de
1207 1327 1312 1354 saxonia,
1329 1327 1430 1350 auctoris
1447 1327 1552 1356 opusculi
1564 1326 1693 1357 Speculum
1704 1326 1784 1350 mm'us
1801 1327 1827 1350 Β.
1839 1327 1891 1350 Μα-

1043 1373 1094 1396 riae
1115 1373 1231 1403 Vir-(sinis,
1252 1374 1291 1403 qui
1309 1375 1389 1397 floruit
1405 1375 1427 1397 in
1446 1374 1559 1403 principio
1576 1375 1661 1397 saeculi
1673 1375 1732 1397 XlV.
1750 1374 1847 1396 Genuini
1860 1373 1889 1396 illi

1043 1427 1163 1444 sermones
1179 1421 1202 1444 in
1219 1424 1298 1444 nostra
1320 1421 1420 1444 editione
1442 1427 1534 1450 semper
1557 1422 1659 1450 primum
1677 1422 1753 1444 locum
1775 1424 1890 1449 occupant

1044 1471 1066 1490 et
1082 1474 1094 1490 a
1111 1468 1180 1491 nobis
1196 1467 1302 1490 subsidio
1314 1470 1414 1496 quatuor
1431 1468 1538 1491 codicum
1551 1474 1563 1490 a
1581 1468 1657 1491 multis
1669 1468 1730 1491 vitiis
1747 1470 1800 1491 sunt
1811 1474 1890 1490 emen-

1043 1514 1097 1537 dati.
1116 1515 1141 1537 Hi
1160 1515 1259 1542 codices,
1276 1515 1305 1537 de
1327 1514 1413 1543 quibus
1435 1515 1488 1537 vide
1511 1515 1565 1537 infra
1589 1521 1609 1537 c.
1631 1515 1655 1537 ll.
1679 1521 1700 1537 n.
1724 1515 1738 1542 l,
1760 1514 1891 1543 praedictos

1043 1568 1162 1584 sermones
1180 1561 1284 1584 tribuunt
1308 1562 1330 1584 S.
1348 1562 1529 1584 Bonaventurae.
1550 1562 1658 1589 Impressi
1680 1564 1734 1584 sunt
1755 1562 1831 1589 etiam,
1853 1567 1890 1584 ex-

1044 1608 1112 1631 clusis
1129 1608 1237 1631 omnibus
1254 1608 1352 1631 Com-adi
1370 1607 1527 1636 sermonibus,
1545 1608 1568 1630 in
1594 1608 1694 1630 editione
1713 1608 1832 1631 Basileensi
1853 1614 1889 1630 an.

1049 1656 1112 1678 1502.
1131 1656 1196 1684 Quod
1213 1656 1315 1683 legitime
1332 1656 1354 1678 S.
1372 1656 1463 1678 Doctori
1486 1655 1621 1682 tribuantur,
1639 1655 1751 1682 probatur
1772 1661 1817 1677 non
1841 1657 1889 1677 tan-

1044 1706 1093 1726 tum
1111 1705 1154 1726 hoc
1167 1703 1296 1726 testimonio
1309 1703 1424 1729 codicum,
1436 1703 1477 1725 sed
1490 1703 1557 1725 etiam
1571 1705 1616 1725 tota
1628 1708 1709 1724 eorum
1721 1701 1804 1723 indole.
1817 1702 1889 1723 lmmo

1044 1756 1088 1772 uon
1098 1753 1132 1772 est
1144 1749 1250 1777 dubium,
1263 1750 1340 1778 ipsum
1352 1750 1376 1772 S.
1388 1750 1573 1772 Bonaventuram
1586 1750 1627 1771 lios
1639 1754 1758 1771 sermones
1770 1748 1889 1776 collegisse

1044 1799 1066 1821 et
1076 1797 1155 1820 litteris
1164 1797 1319 1825 consignasse,
1329 1797 1379 1825 ipso
1388 1797 1431 1819 hoc
1446 1798 1541 1819 testante
1553 1796 1575 1818 in
1586 1802 1693 1818 sermone
1704 1796 1719 1818 l.
1733 1795 1823 1818 Domin.
1835 1795 1890 1817 Xlll.

1044 1847 1096 1872 post
1114 1845 1260 1866 Pentecosten
1276 1843 1311 1866 liis
1327 1842 1419 1866 verbis:
1441 1851 1451 1863 <r
1463 1844 1511 1871 Ego
1528 1848 1610 1865 servus
1622 1842 1704 1870 crucis,
1717 1842 1890 1868 Beneventum,

1044 1891 1083 1920 qui
1102 1891 1210 1913 volumen
1222 1896 1331 1919 praesens
1348 1896 1482 1913 sermonum
1500 1890 1530 1912 ad
1547 1889 1640 1912 laudem
1656 1889 1756 1920 nominis
1768 1888 1851 1911 Christi
1868 1890 1890 1910 et

1044 1940 1136 1961 sanctae
1152 1938 1228 1961 crucis
1240 1939 1350 1960 honorem
1368 1937 1477 1965 compegi
1489 1945 1500 1957 n
1521 1937 1585 1965 (infra
1598 1942 1652 1964 pag.
1666 1935 1710 1958 404
1723 1936 1765 1958 col.
1783 1935 1816 1964 l.).
1829 1935 1889 1958 Haec

1044 1985 1116 2008 verba
1133 1984 1247 2007 habentur
1265 1985 1287 2006 in
1304 1984 1378 2007 oileus
1394 1983 1521 2011 codicibus,
1533 1983 1573 2006 sed
1591 1989 1636 2005 vox
1652 1983 1835 2006 Bonaeeuturae
1853 1983 1891 2004 ha·

1044 2031 1111 2054 betur
1129 2032 1150 2053 iu
1168 2032 1216 2054 sole
1233 2031 1285 2054 cod.
1301 2031 1326 2053 F.
1340 2030 1398 2053 Cum
1417 2032 1464 2053 sere
1481 2035 1561 2052 omnes
1578 2035 1698 2052 sermones
1715 2030 1890 2052 Bonaventurae

1045 2078 1074 2101 ab
1087 2079 1136 2101 aliis
1153 2079 1198 2101 sint
1210 2078 1327 2106 reportati,
1339 2078 1376 2100 vel
1388 2077 1530 2105 abbreviati;
1543 2079 1612 2104 patet,
1624 2077 1703 2105 quanti
1716 2076 1800 2098 valoris
1812 2076 1856 2098 sint
1868 2075 1891 2098 lii

1045 2126 1072 2148 53
1091 2131 1224 2153 sermones,
1242 2131 1295 2148 cum
1313 2124 1385 2147 verba
1403 2125 1452 2152 ipsa
1465 2124 1640 2147 Bonaventurae
1652 2123 1790 2146 contineant.
1802 2123 1889 2145 Tamen

1044 2179 1086 2201 pro
1104 2179 1169 2195 more
1188 2173 1245 2195 illius
1263 2172 1347 2194 saeculi
1365 2174 1444 2194 auctor
1463 2174 1550 2194 tantum
1569 2171 1693 2193 sententias
1710 2170 1760 2193 sine
1777 2173 1889 2198 apparatu

1044 2219 1158 2241 rhetorico
1176 2218 1255 2241 litteris
1272 2217 1428 2240 demandavit.
1447 2218 1478 2240 Ex
1497 2218 1547 2240 aliis
1563 2217 1624 2240 enim
1643 2216 1786 2245 longioribus
1802 2222 1889 2238 sermo-

1044 2265 1113 2288 nibus
1130 2265 1253 2293 reportatis
1275 2265 1397 2292 videmus,
1421 2265 1496 2292 ipsum
1515 2264 1664 2287 consuevisse
1685 2264 1761 2291 magis
1778 2263 1890 2286 rhetorice

1043 2315 1066 2335 et
1082 2312 1187 2335 diffusius
1204 2318 1216 2334 e
1233 2314 1345 2340 suggestu
1363 2311 1462 2334 verbum
1480 2311 1584 2333 [livinum
1603 2316 1741 2338 proponere.

1108 2359 1215 2381 Secundo
1233 2359 1357 2381 dicendum
1376 2361 1410 2380 est
1426 2358 1514 2386 aliquid
1531 2358 1561 2380 de
1585 2357 1688 2380 eiusdem
1707 2357 1813 2380 editionis
1837 2357 1892 2379 Pro-

1041 2407 1096 2437 pria
1114 2406 1259 2431 Sanctorum
1277 2409 1298 2428 et
1323 2405 1353 2428 de
1370 2404 1497 2428 Communi
1512 2405 1666 2428 Sanctorum.
1678 2405 1753 2427 Primo
1771 2406 1890 2432 notamus,

1045 2456 1127 2477 borum
1145 2454 1220 2476 nullos
1237 2453 1360 2475 convenire
1377 2459 1430 2475 cum
1453 2451 1601 2475 sermonibus
1617 2451 1715 2474 Conradi
1734 2452 1763 2474 de
1787 2451 1891 2474 Saxonia.

1045 2501 1115 2523 Porro
1133 2500 1201 2522 etiam
1220 2499 1303 2522 Bonelli
1321 2502 1343 2521 et
1360 2498 1468 2521 Sbaralea
1486 2498 1553 2521 valde
1570 2498 1683 2525 dubitant,
1706 2500 1782 2520 utrum
1808 2498 1830 2520 hi
1847 2504 1892 2520 ser·

1045 2553 1125 2570 mones
1143 2547 1266 2570 Vaticanae
1282 2547 1327 2569 sint
1344 2546 1446 2574 genuini,
1458 2546 1516 2575 quin
1528 2548 1603 2568 tamen
1622 2546 1651 2568 de
1668 2546 1765 2573 singulis
1781 2545 1891 2567 iudicium

1045 2596 1124 2617 serant.
1150 2594 1212 2617 ldem
1235 2597 1300 2622 putat
1325 2593 1434 2616 dominus
1460 2593 1539 2615 Peltier
1563 2593 1585 2615 in
1607 2593 1660 2615 edit.
1688 2592 1808 2614 Parisieusi
1837 2596 1891 2614 toni.

1046 2642 1101 2663 Xlll.
1118 2644 1140 2663 et
1157 2641 1222 2669 ΧΙΥς
1240 2647 1313 2669 quare
1338 2641 1380 2663 lios
1411 2646 1529 2663 sermones
1555 2638 1683 2662 minoribus
1706 2639 1766 2666 typis
1789 2638 1891 2666 imprimi

1045 2688 1104 2711 fecit.
1122 2688 1181 2710 Dicit
1197 2687 1259 2710 enim
1277 2690 1332 2710 tom.
1350 2687 1406 2710 Xlll.
1424 2693 1477 2715 pag.
1503 2686 1556 2713 493,
1581 2688 1634 2709 nota
1653 2686 1678 2707 sl:
1700 2686 1847 2714 «Hucusque
1870 2685 1891 2707 in

1046 2735 1143 2758 edendis
1169 2734 1373 2757 Bonaventurianis
1403 2733 1550 2757 sermonibus
1576 2733 1636 2761 typis
1661 2732 1777 2755 consuetis
1799 2733 1833 2754 usi
1856 2738 1891 2754 su-

1046 2788 1109 2810 mus;
1127 2788 1188 2804 nunc
1205 2788 1261 2804 vero
1279 2781 1408 2804 minoribus
1426 2781 1536 2803 utendum
1560 2783 1601 2807 est,
1623 2786 1668 2802 non
1686 2780 1750 2808 quod
1773 2785 1891 2801 sermones

1045 2834 1140 2855 omnes,
1157 2828 1198 2857 qui
1217 2828 1366 2856 praecedunt,
1383 2834 1425 2856 pro
1443 2827 1591 2855 authenticis,
1616 2833 1696 2849 omnes
1714 2832 1778 2852 vero,
1800 2826 1840 2854 qui
1858 2831 1891 2847 se-

1046 2878 1156 2904 quuntur,
1178 2881 1221 2903 pro
1244 2875 1396 2903 supposititiis
1418 2874 1560 2900 habeamus3
1587 2873 1628 2895 sed
1655 2876 1703 2895 tum
1731 2872 1891 2894 uniformitatis

1047 2922 1133 2950 gratia,
1154 2925 1200 2944 tum
1227 2921 1280 2950 quia
1306 2922 1471 2950 frequentiores
1497 2920 1580 2942 Valerii
1605 2920 1693 2941 Maximi
1719 2922 1741 2941 ct
1763 2922 1891 2941 ceterorum
