2243 3348
263 1368 341 1387 Divisio.

360 156 397 183 70

359 234 457 262 sancti
476 238 501 262 et
521 233 626 266 dilecti,
651 233 760 262 uiscera
784 231 1021 264 misericordiae,
1044 230 1204 267 beniynita-

361 284 426 314 tem,
448 279 651 313 buinilitatem,
673 279 861 312 modestiam,
874 278 1057 315 patientiam.
1074 277 1204 313 Suppar—

361 331 453 356 tantes
474 327 604 355 invicem.
628 343 662 346 —-
686 327 713 354 ln
736 326 851 354 lenitate
880 328 907 353 et
939 324 1115 361 religiositate
1147 331 1204 351 mo-

360 381 439 407 rum;
462 373 573 402 secundi
607 372 835 401 illachahaeorum
868 372 1007 408 quart01:
1036 370 1144 399 Flemus
1164 369 1205 398 ad

360 419 595 448 misericordiam
616 419 766 447 Antiochus
787 418 937 455 lacrymas
951 417 1044 455 fudit,
1067 416 1204 445 recorda-

361 470 407 495 tus
428 466 513 494 Oniae
534 464 665 503 defuncti
684 464 866 493 sobrietatem
888 468 913 492 et
927 464 1106 493 modestiam.
1123 480 1160 483 ,-
1176 463 1203 491 ln

360 512 529 541 discretione
544 515 571 540 et
585 511 720 540 suavitate
734 511 889 545 actionum3
907 510 1119 539 Proverbiorum
1136 509 1205 538 duo-

359 559 502 588 decimo2:
526 558 584 594 Qui
603 558 707 586 suavis
728 561 767 586 est
796 558 825 586 in
854 558 917 586 vini
937 556 1204 589 deinoi-attonitum

359 605 392 634 ad
413 605 520 634 Galatas
548 605 660 633 ultimo:
692 606 820 633 Fructus
847 604 971 642 spiritus
992 607 1032 632 est
1052 603 1204 637 modestia,

360 652 544 685 continentia,
567 652 698 680 castitas.
721 669 759 672 —
781 652 808 680 ln
825 651 998 688 beniynitate.
1019 654 1046 679 et
1068 650 1204 687 probitate

359 699 585 728 exhortationum
615 699 672 727 sive
701 698 894 731 consiliorum;
924 698 1030 735 primae
1059 697 1092 726 ad
1113 697 1204 725 Timo-

360 746 455 774 theum
486 745 605 774 terti032
638 745 753 782 Oportet
783 745 947 782 episcopum
985 753 1044 772 esse
1072 743 1203 781 pruden-

360 796 430 826 tem,
452 792 503 820 scil
523 792 700 825 modestiori,
723 801 781 820 ¹non
803 792 972 829 litigiosum.

696 879 786 906 SERMO
808 878 827 905 X
841 880 860 905 4.

429 956 507 985 Item,
521 964 601 982 sermo
614 957 701 981 fratris
719 956 909 981 Bonaventurae
929 956 1010 980 editus
1027 955 1160 981 Mediolani
1179 956 1204 980 in

360 999 475 1031 Capitulo
494 1007 575 1024 coram
594 1000 727 1024 Fratribus
740 1000 835 1030 etpost
854 999 985 1030 prandium
1006 999 1155 1030 explanatus
1169 1006 1205 1024 co-

359 1050 413 1068 rain
433 1043 499 1067 omni
517 1043 618 1074 populo.

440 1125 581 1153 Dominus
598 1132 690 1161 prope
711 1128 760 1158 est,
783 1124 814 1152 ad
837 1124 1024 1161 Philippenses
1045 1127 1145 1161 quarto
1156 1124 1175 1151 5.

437 1171 559 1200 Verbum
582 1171 654 1199 istud
683 1171 862 1207 apostolicum
893 1171 1047 1207 quantitate
1068 1178 1203 1207 parvum,

358 1218 462 1246 virtute
483 1218 630 1246 mirificum
652 1218 738 1246 nostri
761 1218 916 1247 intellectus
931 1218 1052 1247 continet
1066 1218 1204 1246 illumina-

359 1266 460 1294 tionem
482 1269 509 1294 et
530 1265 615 1293 nostri
639 1265 753 1293 affectus
786 1265 889 1294 excitat
909 1265 1081 1293 devotionem
1105 1265 1137 1293 ad
1160 1272 1203 1294 ce-

358 1312 521 1341 lebrandum
543 1312 623 1349 digne
656 1316 682 1340 et
713 1312 745 1340 ad
775 1312 891 1340 salntem
923 1312 1024 1340 Christi
1047 1312 1202 1348 proximam

358 1359 542 1387 Nativitatem.
574 1359 720 1387 Sciendum
749 1362 854 1393 antem,
887 1359 960 1396 quod
991 1359 1133 1387 Dominus
1164 1363 1205 1387 est

355 1415 447 1443 prope
479 1405 675 1434 reverentibus
706 1414 784 1434 suam
813 1406 974 1435 altissimam
1006 1406 1184 1434 Maiestatem
1194 1417 1204 1439 ;

356 1453 440 1481 habet
462 1453 533 1481 enim
556 1452 746 1481 celsitudinem
779 1453 930 1489 potentiae,
953 1456 980 1481 et
1001 1453 1061 1481 ideo
1087 1453 1205 1490 requirit

357 1500 383 1528 in
407 1500 455 1528 sibi
490 1499 652 1536 propinquis
684 1500 812 1536 pietatem
847 1500 1019 1534 theosebiae;
1042 1500 1203 1529 Psalmusssz

358 1547 454 1584 Prope
475 1547 603 1574 timentes
625 1554 690 1574 eum
718 1546 852 1575 salutare
873 1547 976 1584 ipsius.
999 1563 1036 1567 ——
1059 1546 1204 1575 Credenti-

358 1593 411 1621 bus
442 1601 520 1622 suam
554 1593 797 1629 profundissimam
829 1594 996 1627 veritate›n;
1017 1593 1101 1622 hahet
1131 1594 1203 1622 enim

354 1640 552 1676 plenitudinem
574 1640 738 1676 sapientiae,
760 1640 820 1668 ideo
845 1640 963 1676 requirit
993 1640 1203 1677 captivationem

357 1686 568 1723 intelligentiae3
592 1686 625 1715 ad
647 1687 782 1715 Romanos
802 1686 908 1715 decimo
922 1687 946 1715 ⁷:
965 1688 1059 1725 Prope
1080 1692 1119 1716 est
1141 1697 1204 1716 ver-

357 1733 425 1762 bum
447 1733 478 1761 in
500 1742 548 1761 ore
570 1738 618 1761 tuo
640 1737 666 1761 et
687 1733 718 1761 in
740 1734 825 1761 cortic
854 1738 911 1762 tuo.
936 1751 971 1754 —-
994 1735 1203 1763 Incocantibus

357 1788 436 1809 suam
460 1780 618 1809 latissimam
638 1780 790 1817 pietatem,-
813 1780 894 1809 habet
909 1781 981 1809 enim
997 1781 1204 1810 condescensio-

357 1834 420 1855 nem
442 1826 662 1860 misericordiae,
684 1826 744 1855 ideo
766 1826 884 1863 requirit
905 1827 1063 1856 aviditatem
1084 1828 1203 1864 gratiae;

358 1873 519 1903 Psalniusss:
542 1874 639 1910 Prope
661 1878 700 1902 est
724 1873 866 1902 Dominus
887 1874 1022 1902 omnibus
1043 1875 1204 1903 invoca-nti-

359 1921 412 1949 bus
433 1930 509 1955 eum,
531 1920 666 1949 omnibus
688 1921 893 1949 invocantibus
919 1930 985 1949 eum
1016 1922 1047 1950 in
1077 1922 1202 1950 ueritate.

359 1985 394 1988 —
419 1967 660 2004 Eaespectantibus
679 1976 757 1996 suain
780 1968 965 2005 longissimam
987 1969 1204 2002 aeternitatem,-

358 2015 441 2043 habet
462 2015 534 2043 enim
557 2014 754 2051 longitudinem
778 2015 982 2051 persistentiae,
1005 2015 1065 2043 ideo
1087 2016 1205 2052 requirit
1232 2026 1233 2032 ¹

358 2061 591 2098 longanimitatem
615 2062 850 2097 perseverantiae;
874 2062 1030 2090 Psalinus⁹:
1055 2062 1150 2099 Prope
1165 2071 1204 2097 es,
1232 2073 1234 2108 ᾗ

358 2113 389 2136 tu
403 2108 532 2141 Domine,
545 2111 569 2136 et
580 2116 677 2136 omnes
688 2108 753 2136 viae
765 2112 832 2136 tuae
843 2108 960 2136 veritas.
976 2108 1064 2137 [nitio
1085 2110 1206 2146 coynovi
1232 2132 1233 2140 .

358 2155 392 2183 de
413 2155 583 2183 testimoniis
606 2155 681 2188 tuis,
698 2155 769 2192 quia
785 2155 815 2183 in
837 2158 988 2183 aeternum
1008 2154 1146 2192 fundasti
1160 2164 1203 2184 ea.
1232 2156 1234 2192 ζ

1232 2199 1234 2212 ³
1262 2207 1326 2227 rum
1341 2203 1367 2228 et
1381 2199 1600 2232 desideriorum;
1623 2200 1729 2228 loannis
1749 2199 1856 2228 decimo
1877 2202 1978 2236 quarto
1991 2199 2026 2227 1⁹:
2051 2199 2109 2227 Pa—

1232 2246 1234 2258 ”
1262 2255 1320 2275 cem
1343 2246 1473 2284 relinquo
1495 2246 1590 2280 vobis,
1612 2255 1714 2283 pacem
1739 2255 1834 2275 meam
1856 2246 1892 2274 clo
1922 2245 2011 2274 vobis.
2044 2245 2109 2274 Non

1232 2285 1234 2318 ἶ
1263 2292 1397 2321 turbetur
1425 2301 1475 2321 cor
1507 2296 1634 2321 oestrum
1665 2301 1755 2330 neque
1775 2292 1930 2330 formidem
1952 2295 1980 2321 et
2002 2292 2108 2321 loannis

427 2319 500 2348 Item,
522 2327 601 2345 sermo
620 2320 811 2345 Bonaventurae.
825 2320 905 2344 editus
919 2320 1032 2345 Parisius
1045 2327 1127 2345 coram
1146 2320 1205 2345 Fra-
1233 2323 1234 2334 ³

357 2363 438 2387 tribus
452 2364 476 2387 in
496 2362 612 2394 Capitulo
629 2363 658 2388 de
676 2370 748 2388 mane
766 2364 791 2387 et
810 2364 868 2394 post
896 2364 1027 2394 prandium
1056 2364 1205 2395 explanatus
1233 2349 1234 2386 ἐ
1261 2340 1367 2369 decimo
1382 2343 1474 2368 sexto:
1493 2340 1525 2368 ln
1540 2339 1649 2368 nvindo
1664 2348 1837 2376 pressuram
1854 2338 2003 2373 babebitis,
2019 2339 2048 2367 in
2065 2347 2108 2368 me

1233 2387 1234 2420 ζ
1262 2390 1353 2415 autem
1373 2395 1484 2423 pacem.

686 2242 776 2269 Sentio
792 2241 825 2269 XI
840 2241 871 2269 ¹0.

358 2413 439 2431 coram
459 2414 516 2438 rege
536 2406 561 2431 ct·
579 2406 681 2431 familia.

438 2481 505 2509 Pax
529 2481 595 2514 Dei,
617 2489 691 2518 quae
713 2484 870 2517 exsuperat
884 2489 996 2509 omnem
1010 2490 1139 2515 sensum,
1155 2489 1205 2509 cu-
1233 2479 1234 2500 ἒ

357 2527 466 2556 stoctiat
492 2527 583 2556 corda
614 2530 712 2556 vestra
742 2531 768 2556 et
798 2527 1001 2565 intelliyentias
1032 2532 1145 2556 vestras
1173 2528 1205 2556 in

360 2573 473 2603 Cliristo
498 2575 571 2608 lesu,
593 2574 627 2602 ad
648 2574 836 2611 Philippenses
857 2578 957 2611 quarto
971 2576 1001 2602 ¹¹.

1027 152 1198 181 SERMONES
1220 152 1262 180 DE
1284 151 1448 180 TEMPORE.

1342 230 1368 257 ln
1391 229 1483 258 verbis
1504 229 1547 258 his
1574 230 1727 266 Apostolus,
1749 230 1852 267 Spiritu
1875 233 1970 259 sancto
1991 230 2106 267 inspira-

1262 279 1307 304 tus
1337 279 1364 305 et
1395 276 1550 304 animarum
1583 276 1641 305 zelo
1671 284 1813 310 accensus,
1834 279 1911 313 optat
1931 276 2060 306 fidelibus
2080 281 2107 306 et

1260 322 1389 351 omnibus
1421 322 1520 350 salvari
1553 323 1579 351 in
1611 322 1721 351 Christo
1753 323 1908 352 volentibus
1942 323 2106 352 condescen-

1260 369 1380 398 dentiam
1412 369 1520 398 divinae
1552 369 1758 398 benevolentiae
1779 370 1836 398 sive
1861 370 2039 407 protectionis
2060 378 2106 399 su-

1261 423 1371 452 pernae.
1393 415 1472 444 Circa
1493 424 1564 453 quae
1586 416 1638 445 tria
1659 416 1730 445 facit.
1753 416 1843 445 Primo
1857 417 1940 451 enim,
1962 419 1994 445 ut
2013 417 2047 445 ad
2061 425 2107 446 co-

1261 462 1410 499 gnitionem
1432 463 1584 497 illuminet,
1606 463 1733 498 ostendit,
1756 464 1782 492 in
1805 464 1860 492 Deo
1881 471 1941 492 esse
1956 463 2107 500 impertur-

1261 509 1359 538 babilis
1380 509 1489 545 pietatis
1516 509 1727 547 fontalitatcm‚
1750 518 1813 539 cum
1845 510 1924 539 dicit:
1949 510 2016 539 Pax
2040 510 2106 545 Dei,

1263 556 1288 584 id
1309 559 1350 585 est
1372 556 1460 590 Deus,
1482 557 1529 593 qui
1552 560 1593 585 est
1625 565 1680 593 pax
1711 557 1893 586 essentialiter
1919 557 2105 591 intransitive3

1261 603 1398 637 secundo,
1421 607 1451 631 ut
1472 603 1505 631 ad
1538 603 1710 632 devotionem
1741 604 1907 638 inflammet⁷
1929 603 2057 638 ostendit,
2079 604 2106 633 in

1261 657 1294 678 eo
1314 657 1374 678 esse
1395 650 1644 679 inexterminabilis
1674 650 1817 679 suavitatis
1844 650 2021 688 felicitatem,
2043 659 2105 680 cum

1261 696 1351 725 addit:
1373 705 1448 734 quae
1468 701 1627 733 exsuperat
1641 705 1753 726 omnem
1767 705 1895 731 sensum,
1918 697 1944 726 id
1965 700 2015 731 est,
2029 700 2107 726 tran-

1262 743 1367 772 scendit
1388 746 1414 772 et
1436 744 1545 772 excedit
1566 752 1676 772 omnem
1702 744 1871 772 intellectum
1904 743 2058 781 angelicum
2080 747 2107 773 et

1261 790 1432 824 humannm;
1455 791 1545 824 tertio,
1562 795 1592 818 ut
1611 799 1689 819 suam
1712 791 1882 819 affectionem
1906 790 2034 824 insinuet,
2056 790 2107 819 im-

1262 836 1351 873 plorat
1373 837 1435 865 filiis
1456 837 1562 874 gratiae
1583 837 1644 866 fidei
1667 840 1694 866 et
1715 837 1838 866 caritatis
1855 837 2107 874 perseuerantiam

1262 887 1288 911 et
1310 882 1592 920 iiulefectibilitatem,
1615 892 1678 913 cum
1708 884 1815 913 subdit:
1844 884 1990 913 custodiat
2016 884 2108 913 corda

1261 933 1374 964 vestra,
1398 931 1424 959 in
1455 939 1520 959 vera
1548 931 1676 965 caritate,
1706 934 1731 959 et
1752 931 1956 968 intelliyentias
1977 934 2107 965 vestras,

1262 977 1288 1006 in
1311 986 1377 1006 vera
1398 978 1459 1006 fide.

1340 1025 1357 1052 1.
1383 1025 1451 1053 Nota
1472 1033 1553 1062 ergo,
1575 1025 1648 1062 quod
1671 1025 1745 1054 Deus
1765 1028 1896 1054 aeternus
1914 1025 2016 1054 dicitur
2032 1008 2117 1063 pax,

1260 1071 1326 1108 quia
1355 1072 1412 1108 ipse
1443 1075 1483 1100 est
1514 1072 1588 1109 pacis
1615 1072 1796 1109 inspirator,
1818 1073 1905 1101 (tator
1936 1075 1963 1101 et
1983 1076 2088 1101 auctor
2096 1083 2106 1107 ;

1261 1118 1344 1147 Isaiae
1366 1119 1496 1155 vigesimo
1518 1123 1598 1148 sexto
1610 1120 1649 1147 ¹2.-
1674 1119 1807 1153 Domine,
1829 1119 1914 1148 (tubis
1932 1127 2035 1156 pacem
2057 1128 2106 1148 no-

1261 1164 1314 1199 bis,
1336 1166 1436 1194 onmia
1467 1166 1543 1195 enim
1572 1175 1661 1203 opera
1693 1170 1796 1195 nostra
1828 1170 1967 1203 operatus
1998 1175 2027 1195 es
2057 1175 2107 1195 no-

1261 1211 1311 1241 bis.
1334 1229 1372 1233 --
1394 1213 1468 1241 Pacis
1501 1213 1666 1247 immissor,
1688 1212 1793 1251 fautor
1814 1216 1841 1242 et
1862 1216 1998 1246 αιηαιον,ο
2019 1214 2108 1242 Lucae

1260 1259 1366 1287 decimo
1378 1260 1415 1285 ¹³:
1433 1259 1466 1288 Si
1480 1260 1520 1288 ibi
1533 1259 1625 1297 suerit
1643 1260 1723 1296 filius
1734 1260 1829 1297 pacis,
1846 1260 2001 1298 requiescet
2019 1268 2108 1296 super

1261 1306 1343 1334 illum
1362 1315 1426 1343 pasc
1449 1310 1563 1339 oestra,·
1584 1307 1632 1335 sin
1663 1312 1771 1340 autem,
1794 1307 1833 1336 acl
1853 1315 1904 1335 vos
1929 1311 2090 1335 revertetur
2098 1317 2108 1340 ‚-

1260 1353 1294 1382 ad
1315 1354 1490 1382 Colossenses
1512 1354 1609 1382 tertio:
1632 1354 1699 1382 Pam
1723 1353 1832 1383 Christi
1852 1353 1971 1382 exsultet
1992 1353 2023 1382 in
2045 1362 2108 1382 cor-

1261 1400 1346 1429 dibus
1368 1401 1478 1429 oestris.
1502 1417 1538 1421 —
1561 1401 1636 1429 Pacis
1657 1405 1854 1434 conservator,
1880 1399 2060 1438 reformator
2082 1403 2109 1429 et

1259 1451 1428 1484 promotor;
1455 1448 1560 1484 primae
1582 1448 1615 1476 ad
1647 1448 1803 1477 Corinthios
1822 1448 1928 1476 decimo
1956 1448 2106 1484 quart014:

1262 1494 1327 1523 Non
1348 1495 1424 1523 enim
1445 1498 1485 1523 est
1506 1495 1696 1523 dissensionis
1720 1495 1812 1528 Deus,
1841 1495 1890 1523 secl
1909 1494 2011 1531 pacis,
2032 1494 2109 1522 sicut

1261 1546 1285 1570 et
1307 1542 1338 1570 in
1360 1541 1494 1570 omnibus
1516 1542 1651 1570 Ecclesiis
1673 1542 1850 1571 Sanctorum
1872 1542 1964 1570 doceo.
1981 1558 2019 1561 —
2034 1541 2109 1570 Pacis

1261 1590 1497 1623 commendator,
1526 1593 1733 1618 remunerator
1763 1592 1790 1618 et
1819 1589 2021 1626 praemiator;
2042 1589 2108 1617 Mat-

1263 1636 1334 1665 thaei
1367 1636 1514 1673 quint01⁵:
1548 1636 1633 1664 Beati
1651 1636 1787 1673 pacifici,
1819 1636 1959 1674 quoniam
1980 1635 2037 1673 filii
2059 1635 2110 1665 Dei

1261 1682 1453 1711 vocabuntur.

1341 1730 1368 1757 ll.
1389 1729 1471 1766 Optat
1492 1733 1584 1758 autem
1607 1730 1752 1766 Apostolus
1773 1730 1844 1758 hanc
1865 1737 1959 1766 paceni
1982 1729 2109 1758 fidelibus

1262 1779 1337 1805 tanto
1351 1777 1443 1805 studio
1457 1780 1484 1805 et
1500 1779 1575 1805 tanto
1590 1777 1660 1811 zelo,
1677 1776 1742 1813 quia
1756 1777 1815 1813 ipsa
1830 1780 1871 1805 est
1886 1776 1969 1814 oriqo
1984 1776 2107 1805 omnium

1260 1824 1430 1860 gratiarum
1454 1824 1577 1852 Psalmus
1589 1823 1627 1851 ¹⁵:
1645 1824 1753 1852 Factus
1768 1826 1808 1851 est
1823 1823 1854 1852 in
1867 1832 1938 1860 pace
1953 1823 2032 1852 locus
2046 1823 2109 1852 eius

1260 1874 1286 1899 et
1306 1869 1448 1899 habitatio
1470 1871 1533 1899 eius
1555 1871 1586 1899 in
1608 1870 1687 1899 Sion.
1704 1887 1741 1890 ——
1758 1870 1855 1898 Radix
1877 1870 2002 1898 omnium
2025 1870 2108 1899 meri-

1261 1920 1369 1950 torum;
1392 1917 1479 1945 lacobi
1503 1917 1585 1946 tertio
1597 1917 1636 1945 ¹⁷:
1659 1918 1789 1945 Fructus
1812 1920 1910 1945 autem
1925 1916 2056 1945 iustitiae
2077 1916 2108 1945 in

1259 1973 1330 2001 pace
1360 1965 1524 1993 seminatur
1550 1964 1727 2001 facientibus
1756 1973 1866 2001 pacem.
1893 1980 1932 1984 —
1955 1963 2109 1992 Plenitudo

1260 2011 1383 2039 omnium
1401 2011 1620 2044 iucunditatum;
1636 2011 1669 2039 ad
1685 2012 1820 2040 Romanos
1834 2011 1940 2040 decimo
1955 2014 2055 2048 quarto
2069 2010 2107 2039 ¹⁸:

1262 2057 1327 2086 Non
1348 2062 1389 2086 est
1409 2067 1532 2095 regnum
1557 2058 1608 2086 Dei
1628 2066 1694 2086 esca
1715 2062 1739 2086 et
1760 2062 1856 2094 potus,
1878 2058 1928 2086 seit
1949 2057 2064 2086 iustitia
2084 2061 2109 2086 et

1259 2113 1321 2142 pane
1343 2108 1367 2132 et
1387 2105 1534 2141 yaudium
1567 2105 1597 2133 in
1630 2105 1745 2141 Spiritu
1766 2108 1876 2133 sancto.
1898 2121 1937 2125 —-
1959 2105 2107 2133 Possessio

1261 2152 1385 2180 omnium
1409 2152 1544 2180 virtutum
1577 2156 1603 2180 et
1634 2152 1756 2180 omnium
1787 2152 1953 2181 interiorum
1974 2151 2109 2188 potentia-

1341 2434 1366 2462 Si
1388 2438 1480 2462 autem
1504 2434 1620 2462 velimus
1638 2441 1788 2470 exponere,
1804 2442 1859 2470 pax
1876 2433 1932 2467 Dei,
1954 2433 1980 2462 id
1996 2436 2037 2462 est
2051 2441 2107 2470 pax

1261 2481 1372 2515 Christi,
1388 2484 1429 2509 est
1449 2493 1462 2506 «
1474 2481 1627 2518 benignitas
1649 2481 1752 2510 scilicet
1767 2481 1827 2509 eius
1842 2480 1955 2517 pacifica
1965 2492 1993 2514 n,
2009 2488 2107 2509 secun-

1262 2528 1328 2556 dum
1351 2528 1511 2564 Dionysium
1527 2528 1559 2556 de
1575 2528 1679 2556 Divinis
1701 2528 1862 2556 Nominibus
1875 2527 1907 2561 ²⁰,
1928 2539 1941 2552 τε
1953 2527 2104 2556 secundum

1262 2583 1345 2611 qnam
1361 2575 1493 2603 discimus
1514 2583 1567 2603 non
1590 2576 1662 2603 ultra
1683 2582 1808 2612 pugnare
1830 2582 1920 2611 neque
1942 2582 2005 2603 cuin
2029 2574 2107 2603 nobis

421 2718 427 2731 ¹
449 2719 511 2741 Vers.
530 2719 566 2741 37.
704 2718 713 2731 2
731 2719 796 2741 Vers.
819 2720 852 2741 lt.
870 2720 978 2748 Sequitur
995 2720 1042 2742 Gal.
1060 2721 1082 2747 5,
1101 2721 1137 2743 22.
1154 2727 1202 2749 seq.

421 2757 429 2770 ⁸
448 2758 513 2780 Vers.
532 2759 552 2780 2.
570 2764 631 2786 seq.;
649 2758 690 2781 sed
708 2758 772 2786 plura
791 2758 860 2780 verba
879 2760 964 2781 omissa
981 2763 1042 2782 sunt.

420 2797 430 2809 ⁴
448 2798 477 2820 Ex
495 2798 512 2819 A
531 2798 567 2820 sol.
586 2798 614 2820 39
632 2804 651 2820 r.

420 2836 429 2849 ⁶¹·
447 2838 528 2859 Psalm.
547 2837 584 2864 st,
607 2838 639 2859 lO.

420 2874 428 2888 ³
446 2877 528 2898 Psalm.
549 2876 599 2903 itt,
617 2877 652 2898 18.

420 2914 440 2927 ¹⁰
457 2916 487 2937 Ex
505 2916 522 2937 Α
540 2916 577 2937 soi.
597 2907 624 2938 39
644 2922 661 2937 ι’.

420 2953 439 2966 ¹²
458 2955 521 2977 Vers.
544 2956 576 2977 12.

1070 2798 1079 2811 ⁶
1097 2800 1162 2822 Vers.
1181 2800 1201 2822 5.

815 2836 823 2849 ⁷
843 2838 905 2860 Vers.
925 2838 950 2865 83
968 2839 1008 2860 cfr.
1026 2839 1092 2861 Dent.
1111 2839 1147 2863 30,
1170 2838 1202 2860 14.

882 2875 891 2888 ⁹
910 2877 991 2899 Psalm.
1012 2878 1066 2905 118,
1085 2878 1137 2900 151.
1154 2884 1201 2906 seq.

1060 2916 1078 2929 ¹¹
1098 2917 1163 2939 Vers.
1180 2917 1202 2939 7.

736 2954 755 2967 ¹⁵
775 2956 838 2978 Vers.
856 2956 877 2978 6.
897 2956 1004 2984 Sequitur
1022 2956 1107 2979 Coloss.
1126 2956 1147 2983 3,
1166 2955 1203 2978 115.

1324 2720 1343 2733 ¹⁴¹
1362 2721 1426 2743 vers.
1445 2721 1482 2743 33.
1964 2717 1983 2731 ¹⁵
2002 2719 2066 2741 Vers.
2085 2719 2107 2740 9.

1324 2758 1343 2772 ¹⁶
1360 2760 1441 2782 Psalm.
1459 2760 1498 2786 75,
1516 2760 1538 2781 3.
1949 2757 1968 2772 ¹⁷
1988 2758 2052 2780 Vers.
2071 2758 2106 2780 lS.

1324 2798 1342 2811 ’Β
1362 2800 1426 2821 Vers.
1446 2799 1478 2821 l7.

1323 2837 1342 2851 1⁹
1360 2839 1424 2861 Vei-s.
1443 2839 1480 2861 ⁴27.
1497 2832 1554 2861 etc.
1578 2839 1611 2865 16,
1630 2839 1668 2861 33.

1324 2876 1344 2890 2⁰
1361 2877 1417 2905 Cap.
1437 2878 1444 2899 l
1456 2878 1473 2899 l.
1491 2878 1536 2906 535.
1551 2879 1636 2900 Locum
1656 2879 1716 2900 bunc
1734 2877 1756 2899 in
1773 2877 1853 2899 codice
1865 2876 2065 2904 corruptissimum
2077 2882 2103 2898 ex

1259 2916 1365 2944 originali
1383 2917 1534 2939 correximus.
1554 2917 1617 2945 Quae
1634 2919 1763 2945 sequnntur
1780 2918 1926 2944 exponuntur
1941 2914 2004 2942 ibid„
2022 2915 2108 2942 praeci-

1262 2962 1308 2983 pue
1326 2958 1338 2984 [j
1357 2957 1378 2978 2.
1396 2960 1417 2978 et
1436 2955 1457 2978 4.

2122 423 2197 444 Divisio.

2125 1029 2170 1048 Pars
2181 1028 2195 1048 l.

2123 1076 2177 1095 Ratio
2190 1081 2212 1100 qu

2135 1099 2218 1126 druplex3

2126 1731 2171 1750 Pars
2184 1731 2205 1754 ll,

2126 1777 2180 1797 Ratio
2197 1782 2220 1802 qu

2137 1801 2220 1826 druplex.

2124 2434 2172 2458 Quid
2179 2435 2202 2453 sit
2209 2438 2231 2458 pa
