2243 3348
26 331 50 350 De
60 329 128 353 quarta.

45 1121 90 1149 ¹Quin
104 1126 126 1140 ne

11 1149 127 1189 {estimat

24 1262 49 1282 De
59 1262 124 1286 prima.

641 150 798 179 DOMINICA
820 152 848 179 II.
871 152 1053 182 ADVENTL'S.
1077 154 1186 183 SERMO
1208 155 1260 184 VII.
1283 157 1323 185 ET
1346 158 1409 185 VIII.

146 229 287 258 ecclesiam
309 231 335 257 et
356 228 488 256 orationis
509 226 618 256 locum:
636 228 800 263 Quomodo,
822 229 850 256 si
870 229 920 257 cui
931 238 992 258 ma-

146 280 188 304 ter·
209 275 391 308 blandiatur,
407 275 450 303 ita
471 278 498 303 et
518 283 568 312 eye
590 274 761 303 consolabor
781 283 842 309 vos,
857 279 882 303 et
904 276 934 303 in
949 276 992 303 Ie-

146 322 275 351 rusalem
307 321 536 350 consolabimini.
566 338 605 342 —-
633 322 671 350 De
698 325 814 358 quarto,
844 322 992 351 Malachiae

145 369 226 398 tertio
242 370 267 397 ¹:
290 369 391 397 Locuti
410 372 479 397 sunt
500 369 627 397 timentes
644 369 816 402 Dominum,
832 369 991 406 unusquis-

145 425 198 455 que
219 425 286 445 cum
307 416 442 452 proximo
456 424 527 449 suo,
549 419 575 444 et
596 415 717 444 attendit
732 415 876 444 Dominus
897 419 922 443 et
936 424 991 443 cett-

145 463 233 497 divit,
255 466 280 491 et
300 463 431 499 scriptus
452 466 491 491 est
513 462 584 501 liber
607 462 789 490 monumenti
815 470 916 490 coram
942 471 990 496 eo;

144 513 171 539 et
191 509 324 538 Dominus
345 509 378 538 de
400 509 501 538 talibus
521 509 574 537 ait:
597 509 729 537 Parcam
751 509 801 542 eis,
826 509 903 537 sicut
920 517 991 545 par-

144 557 181 585 cit
201 556 249 584 vir
270 555 330 593 filio
351 564 405 584 suo
424 555 561 584 servienti
581 555 645 583 sibi.
668 555 706 583 De
729 555 780 583 hoc
794 558 886 583 autem
908 554 990 583 debe-

145 611 208 632 mus
229 603 349 631 multum
364 602 515 636 consolari,
537 602 603 638 quia
620 602 692 630 Deus
706 602 798 630 omnia
812 602 884 630 bona
905 602 991 630 verba

144 652 237 678 nostra
258 649 285 677 in
308 649 442 685 scriptum
458 648 571 685 redigit;
593 648 698 685 primae
717 648 751 676 ad
766 648 990 676 Thessalonicen-

143 704 186 725 ses
211 699 327 733 quarto:
358 694 556 724 Consolamini
583 694 705 723 invicem
733 694 765 722 in
792 694 887 722 verbis
914 694 990 728 istis,

143 750 214 780 quae
235 742 338 771 scilicet
359 742 393 771 de
414 742 469 770 Deo
492 742 642 778 loquimur.
675 757 713 761 —
734 741 773 770 De
794 741 900 777 quinto,
922 742 990 777 Apo-

143 789 260 826 calypsis
280 789 386 817 decimo
406 791 507 825 quarto
519 788 546 816 ²:
562 787 677 816 Scribe:
694 788 778 816 Beati
798 788 924 821 mortui,
939 787 991 825 qui

143 838 173 866 in
204 836 325 865 Domino
350 836 522 864 moriuntur
553 838 604 863 etc.
632 835 685 863 Hoc
716 834 797 863 debet
825 842 884 863 esse
911 834 991 863 nohis

142 891 240 921 magna
254 883 370 911 materia
384 882 592 915 consolationis,
606 881 680 918 quod
704 881 743 910 illi
762 881 810 918 qui
831 881 991 909 moriuntur

142 931 168 959 in
191 930 319 958 manibus
340 929 463 963 Domini,
485 929 537 957 hoc
552 931 593 957 est
608 929 635 956 in
658 928 729 957 bono
743 931 830 962 statu,
846 930 991 956 transeunt

142 977 169 1005 in
191 976 340 1006 continenti
356 976 366 993 ³
388 975 422 1004 ad
437 983 570 1012 regnunu
594 975 638 1003 Iob
652 974 758 1004 decimo
773 975 886 1011 quinto:
909 974 990 1002 Nun-

142 1024 213 1062 quid
222 1024 336 1062 prande
346 1027 396 1057 est,
408 1026 441 1051 ut
451 1022 613 1051 consoletur
625 1027 649 1051 te
663 1022 759 1050 Deus?
771 1022 884 1058 supple:
896 1022 989 1050 immo.

222 1071 287 1100 Item
316 1070 483 1104 notandum,
512 1069 585 1107 quod
614 1073 655 1098 est
682 1069 826 1098 delectatio
857 1068 990 1097 earnalis

143 1117 339 1146 delectationis
370 1120 562 1154 peccatorum,
596 1111 788 1153 purffltionis
822 1115 990 1152 temporalis

144 1165 325 1198 delictorum,
347 1164 512 1193 materialis
532 1163 715 1192 relevationis
729 1163 912 1196 afflictorum,
930 1163 990 1200 spi—

143 1211 264 1240 ritualis
284 1210 450 1248 refectionis
470 1211 640 1244 amicorum,
662 1210 820 1239 aeternalis
835 1209 990 1247 fruitionis

143 1258 297 1287 Beatorum.
315 1275 355 1278 —-
368 1258 407 1286 De
419 1258 518 1294 primo,
534 1257 683 1286 Zachariae
697 1257 802 1286 decimo
812 1258 838 1285 4:
855 1257 990 1286 Somnia-

143 1308 217 1334 tores
237 1304 357 1342 frustra
379 1305 468 1333 locuti
487 1309 566 1337 sunt,
588 1313 662 1333 vane
676 1304 922 1337 conselabantur;
937 1304 989 1332 Lu-

142 1360 189 1381 cae
209 1355 305 1381 sexto:
333 1352 388 1380 Vae
409 1351 489 1380 vobis
510 1351 659 1385 divitibus,
681 1352 754 1389 quia
785 1350 895 1379 habetis
923 1359 989 1379 con-

18 1402 43 1422 ne
51 1399 310 1427 secunda-solationem
321 1402 447 1427 vestram
457 1398 466 1426 !
477 1416 515 1419 —
531 1399 569 1427 De
580 1398 710 1433 secundo,
723 1398 845 1427 Psalmus
853 1398 864 1415 ⁵
875 1409 880 1425 :
900 1397 990 1435 Virya

15 1542 41 1562 De
52 1543 112 1562 tertia.

15 1683 41 1704 De
53 1684 125 1708 quarta.

14 2011 40 2031 Do
52 2012 121 2036 quinta.

144 1449 195 1474 tua
216 1449 241 1474 et
262 1446 385 1474 baculus
406 1449 485 1479 tuus,
507 1445 573 1483 ipsa
594 1454 638 1473 me
659 1445 809 1474 consolata
829 1448 915 1477 sunt‚·
944 1444 990 1473 Iob

142 1496 237 1522 sexto:
260 1493 338 1521 Haec
359 1492 432 1521 milii
453 1492 621 1526 consolatio,
648 1496 680 1520 ut
707 1492 842 1529 affliyens
868 1500 913 1520 me
940 1492 990 1520 do-

142 1540 216 1573 lore,
234 1548 293 1568 non
312 1544 427 1576 pareat.
449 1557 489 1560 -
509 1540 547 1568 De
569 1539 659 1573 tertio,
682 1539 765 1567 Isaiae
785 1538 947 1567 duodecimo
962 1538 989 1566 ⁶:

143 1587 305 1616 Conversus
326 1591 366 1615 est
387 1585 477 1624 furor
498 1590 576 1619 tuus,
598 1590 623 1614 et
634 1585 800 1614 consolatus
814 1594 843 1613 es
864 1593 925 1618 me;
947 1585 990 1613 Iu—

141 1633 200 1662 dith
232 1636 343 1662 octavo:
377 1634 580 1670 Exspectemus
611 1631 734 1661 liumiles
766 1632 989 1660 consolationem

141 1680 212 1709 eius.
234 1696 270 1702 —
294 1680 332 1709 De
354 1684 463 1717 quarto,
486 1680 609 1708 Psalmus
624 1673 839 1708 ⁷:vSecundum
858 1679 989 1707 multitu-

141 1728 237 1756 dinem
259 1727 393 1756 dolorum
413 1735 546 1755 meorum
561 1727 592 1755 in
606 1727 692 1755 corde
706 1735 767 1755 meo
782 1726 990 1755 consolationes

142 1778 209 1803 tuae
230 1774 460 1810 laetificaverunt
488 1775 623 1802 animam
651 1782 764 1807 meam,·
791 1773 928 1802 secundae
952 1766 989 1802 'ad

142 1822 298 1850 Corinthios
314 1821 418 1858 primo:
448 1821 616 1850 Benedictus
634 1821 710 1849 Deus
725 1824 749 1849 et
764 1821 856 1849 Pater
872 1820 991 1849 Domini

141 1869 237 1897 nostri
250 1869 316 1897 lesu
333 1867 452 1901 Christi,
468 1868 559 1896 Pater
573 1867 849 1896 misericordiarum
865 1870 891 1896 et
914 1867 990 1896 Deus

142 1916 229 1945 totius
240 1915 456 1949 consolationis,
468 1915 520 1953 qui
540 1915 708 1944 consolatur
722 1923 775 1943 nos
789 1915 821 1943 in
835 1915 917 1943 omni
937 1914 990 1943 tri-

143 1962 288 1991 bulatione
299 1966 419 1996 nostra;
433 1963 472 1990 Th
478 1970 609 1991 renorum
624 1962 729 1998 primo:
742 1961 904 1990 Adduxisti
914 1961 990 1990 diem

142 2009 356 2038 consolationis.
373 2026 413 2030 —
426 2009 464 2038 De
479 2009 585 2046 quinto,
600 2009 726 2037 Matthaei
743 2009 840 2045 quinto
852 2008 878 2035 ⁸:
896 2009 989 2042 Beati,

143 2056 195 2094 qui
209 2056 315 2093 luyent,
338 2057 477 2094 quoniam
499 2056 558 2093 ipsi
578 2056 824 2089 consolabuntur,-
840 2056 928 2084 Lucae
943 2055 989 2084 de-

143 2103 214 2131 cimo
235 2106 315 2131 sexto
337 2103 408 2131 dixit
429 2103 565 2131 Abraham
580 2103 655 2131 diviti
672 2102 800 2131 damnato
816 2103 849 2131 de
874 2103 988 2131 Lazaro:

143 2148 229 2177 Nunc
250 2152 349 2177 autem
371 2148 416 2177 liic
437 2149 615 2183 consolatur,
632 2153 662 2177 tu
677 2157 744 2177 vero
766 2149 924 2178 cruciaris.

469 2236 560 2265 Sanno
582 2236 625 2263 VII
637 2236 655 2263 ⁹.

213 2315 286 2343 Item,
301 2322 380 2339 sermo
393 2314 480 2339 fratris
493 2314 683 2339 Bonaventurae
696 2315 720 2338 in
735 2314 864 2339 Conventa
874 2314 989 2345 Lugduni

143 2357 223 2382 editus
242 2358 267 2382 in
288 2357 402 2388 Capitulo
421 2365 537 2382 coram...
558 2357 641 2382 eadem
661 2357 788 2382 Douiinica
808 2358 831 2381 in
851 2365 930 2382 mane.

226 2431 300 2459 Deus
321 2435 416 2459 autem
439 2431 500 2468 spei
520 2431 629 2468 repleat
649 2439 699 2459 vos
720 2431 801 2459 omui
825 2431 937 2468 yctitdio
965 2434 989 2459 et

141 2486 214 2515 paee
235 2478 265 2506 in
287 2478 443 2510 eredendo,
465 2481 496 2506 ut
518 2477 671 2506 abundetis
697 2478 728 2505 in
754 2486 804 2514 spe
831 2482 856 2506 et
883 2478 989 2506 uirtute

145 2524 276 2562 Spiritus
296 2525 406 2559 saneti,
428 2524 462 2553 ad
484 2525 619 2553 Romanos
640 2524 746 2553 decimo
767 2525 864 2562 quinto
878 2525 908 2552 ¹⁰.

207 2668 215 2680 ¹
234 2669 300 2691 Vers.
321 2669 355 2691 16,
372 2672 391 2691 et
414 2669 447 2691 17Δ
465 2681 496 2685 -
513 2669 616 2691 Subinde
633 2670 743 2697 allegatur
761 2671 775 2692 1.
792 2670 873 2693 Thess.
891 2670 912 2697 4,
934 2671 967 2692 18.

208 2707 216 2720 ²
236 2708 301 2730 Vers.
323 2708 355 2730 13.

208 2746 216 2758 ³
235 2747 368 2769 Secundum
381 2747 415 2769 Du
427 2746 512 2774 Gange,
524 2748 665 2770 Glossarium
678 2750 734 2770 etc.:
746 2749 771 2771 In
785 2748 917 2771 continenti
928 2748 989 2770 idem

144 2788 178 2808 est
195 2792 221 2808 ac
238 2786 327 2813 statim,
345 2786 417 2812 illico,
435 2786 555 2813 continuo,
573 2786 627 2808 Gall.
650 2785 801 2809 incontinent.
827 2799 857 2803 ——-
882 2787 990 2815 Sequitur

146 2824 184 2847 lob
204 2825 239 2851 15,
258 2825 294 2846 lt.
537 2823 545 2835 ⁴
565 2824 628 2846 Vers.
647 2825 668 2851 2,
686 2828 737 2852 post
754 2831 823 2853 quem
841 2826 895 2847 Luc.
913 2826 935 2852 6,
953 2825 990 2847 24.

207 2863 216 2876 ⁵
234 2864 316 2886 Psalni.
334 2864 371 2890 22,
390 2863 411 2885 4.
428 2866 449 2885 et
467 2863 551 2885 deinde
568 2862 607 2885 Iob
625 2863 646 2889 (3,
665 2863 700 2885 10.

207 2902 216 2915 ⁶
234 2903 299 2925 Vers.
322 2904 343 2930 l;
361 2902 465 2931 sequitur
482 2902 555 2924 Iudith
574 2902 595 2928 8,
613 2902 650 2923 20.

207 2940 215 2953 ⁷
234 2942 316 2964 Psalm.
328 2942 365 2968 93,
382 2942 419 2968 19,
432 2943 560 2969 sequuntur
575 2941 598 2962 11.
612 2940 663 2963 Cor.
677 2941 697 2967 1,
708 2941 728 2962 3,
739 2947 787 2969 seq.
798 2944 820 2963 et
828 2942 912 2963 Thren.
926 2941 943 2967 1,
954 2940 991 2962 21.

1127 232 1154 259 ln
1179 232 1270 261 verbis
1291 233 1334 262 his
1348 235 1508 270 Apostolus,
1524 237 1663 267 maximus
1678 239 1778 268 zelator
1794 240 1891 269 huma-

1048 285 1099 306 nae
1121 278 1232 312 salutis,
1253 287 1304 315 pro
1325 280 1377 309 isto
1399 289 1477 310 sacro
1499 284 1622 319 tempore
1643 284 1743 314 Christi
1758 286 1892 316 adventus

1048 327 1124 359 optat
1144 324 1307 354 Christianis
1327 327 1467 364 quinque,
1489 337 1560 365 quae
1588 334 1653 358 sunt
1672 331 1712 359 eis
1739 332 1817 361 valde
1844 341 1891 362 ne-

1048 370 1182 404 cessaria,
1204 371 1307 400 scilicet
1326 374 1508 403 serenitatem
1528 376 1585 405 sive
1607 377 1769 406 suavitatem
1797 379 1891 408 beatae

1047 417 1234 451 aeternitatis,
1257 426 1319 447 cum
1342 419 1422 448 dicit:
1444 421 1520 450 Deus
1535 426 1631 451 autem
1646 425 1708 460 spei
1721 425 1828 462 repleat
1841 434 1892 454 vos

1047 463 1128 491 omni
1146 464 1278 500 gaudim-
1291 466 1325 493 ad
1341 466 1529 504 Philippenses
1550 473 1650 506 quarto
1663 472 1698 499 ¹¹:
1718 471 1845 500 Gaudete
1860 473 1891 501 in

1050 509 1171 538 Domino
1186 519 1308 548 semper,
1325 512 1431 541 iterum
1442 514 1520 543 dico:
1536 516 1671 545 Gaudete.
1685 534 1721 537 -—
1739 519 1892 557 Tranquil-

1048 555 1156 584 litatem
1178 557 1234 586 sive
1256 559 1376 594 quietem
1399 560 1496 589 silentii
1515 562 1629 591 devotae
1643 565 1757 598 mentis,
1773 572 1835 593 cum
1851 566 1891 594 di-

1047 603 1099 631 cit:
1121 606 1146 631 et
1163 612 1254 640 pace,·
1271 605 1304 633 ad
1321 605 1507 643 Philippenses
1528 611 1678 645 quarto¹²:
1702 611 1735 639 Et
1748 619 1809 648 pam
1826 612 1890 646 Dei,

1047 658 1122 688 quae
1143 655 1299 687 exsuperat
1314 661 1425 681 omnem
1438 662 1570 689 sensum,
1585 657 1730 686 custodiat
1743 659 1834 687 eorda
1847 667 1891 687 ve-

1047 701 1112 725 stra
1133 701 1157 725 et
1178 698 1381 735 intelliyentias
1407 704 1519 730 vestras
1549 703 1581 730 in
1614 702 1725 732 Christo
1757 706 1831 733 Iesu.
1853 723 1890 726 —

1049 743 1248 772 Sinceritatem
1271 752 1320 773 seu
1342 746 1490 782 puritatem
1518 748 1579 777 fidei
1609 749 1709 779 Christi
1737 751 1891 781 Divinitatis

1048 793 1075 818 et
1097 790 1292 824 humanitatis,
1315 798 1377 819 cum
1399 792 1479 821 dicit:
1508 794 1539 822 in
1569 796 1725 829 medendo,⁴
1757 798 1891 827 secundae

1047 836 1080 864 ad
1095 836 1272 865 Timotheum
1287 838 1408 866 secundo
1421 839 1458 867 ¹³:
1476 839 1508 868 Si
1521 848 1578 868 non
1594 841 1749 876 eredimus,
1765 843 1810 871 ille
1823 843 1891 879 fide—

1048 882 1084 911 lis
1101 887 1263 920 permanet,
1285 892 1392 921 neyare
1412 894 1441 913 se
1461 886 1559 922 ipsum
1580 895 1638 915 non
1663 892 1761 924 potest.
1782 906 1820 909 —
1842 890 1892 918 So-

1048 930 1187 958 liditatem
1210 931 1267 959 sive
1288 931 1473 968 integritatem
1502 933 1558 969 spei
1587 938 1714 963 aeternae
1741 935 1891 971 felicitatis,

1048 984 1110 1005 cum
1133 977 1213 1006 dicit:
1235 982 1268 1005 ut
1289 977 1442 1007 abundetis
1462 979 1493 1007 in
1514 988 1579 1016 spe;
1601 981 1736 1009 secundae
1751 981 1784 1010 ad
1798 982 1891 1011 Corin-

1047 1023 1121 1052 thios
1141 1024 1232 1060 primo
1243 1025 1282 1052 ¹4:
1305 1025 1339 1052 Ut
1353 1033 1417 1061 spes
1439 1029 1541 1054 nostra
1562 1026 1653 1063 firma
1673 1028 1711 1055 sit
1728 1036 1784 1064 pro
1807 1029 1892 1057 uobis.

1048 1088 1084 1090 —
1112 1071 1295 1101 Firmitatem
1323 1072 1380 1101 sive
1410 1074 1644 1109 perseverantiam
1674 1075 1701 1103 in
1733 1075 1893 1105 fortitudine

1047 1118 1172 1155 geminae
1203 1118 1341 1152 caritatis,
1374 1127 1437 1147 cum
1470 1119 1560 1148 addit:
1591 1124 1617 1149 et
1638 1121 1743 1150 virtute
1764 1122 1893 1158 Spiritus

1046 1165 1143 1194 sancti
1149 1176 1159 1199 ,·
1174 1165 1207 1194 ad
1223 1166 1358 1194 Romanos
1372 1169 1468 1194 octavo
1481 1167 1515 1194 ¹⁵:
1534 1167 1634 1195 Certus
1645 1176 1711 1196 sum
1723 1168 1809 1202 enim,
1821 1169 1892 1205 quia

1046 1221 1135 1251 neque
1155 1221 1246 1246 mors,
1268 1221 1357 1251 neque
1372 1213 1448 1247 uita,
1464 1222 1554 1251 neque
1568 1214 1685 1251 Anyeli,
1701 1224 1789 1253 neque
1805 1216 1892 1244 Prin-

1047 1260 1179 1297 cipatus,
1201 1268 1290 1297 neque
1317 1260 1450 1293 Virtutes,
1466 1269 1555 1298 neque
1570 1261 1727 1295 instantia,
1742 1271 1830 1300 neque
1843 1261 1891 1299 fu-

1048 1311 1135 1340 tura,
1158 1315 1247 1344 neque
1267 1306 1428 1344 fortitudo,
1450 1316 1541 1345 neque
1561 1308 1702 1342 altitudo,
1723 1317 1812 1347 neque
1823 1318 1892 1346 pro-

1046 1352 1193 1390 fundum,
1214 1362 1304 1391 neque
1325 1358 1465 1382 creatura
1486 1354 1549 1382 alia
1567 1355 1673 1391 poterit
1687 1363 1739 1383 nos
1752 1364 1893 1392 separare

1047 1408 1067 1428 a
1088 1400 1212 1428 caritate
1234 1400 1302 1433 Dei,
1324 1408 1398 1438 quae
1419 1404 1458 1429 est
1480 1400 1511 1428 in
1534 1400 1648 1429 Cliristo
1676 1402 1741 1430 Iesu
1770 1402 1892 1430 Domino

1046 1450 1164 1480 nostro;
1186 1446 1300 1483 supple:
1320 1447 1471 1484 geminata
1492 1447 1525 1475 ad
1547 1450 1672 1476 nostrum
1694 1448 1862 1485 exemplum.

1366 1549 1458 1577 Sannio
1479 1548 1533 1576 VIII
1546 1548 1578 1576 ¹⁶.

1118 1646 1247 1671 Dominica.
1266 1646 1373 1671 secunda.
1391 1646 1420 1671 de
1439 1646 1556 1671 Adventu
1576 1653 1655 1671 sermo
1667 1646 1754 1671 fratris
1766 1646 1892 1671 Bonaven-

1046 1689 1126 1717 turae,
1146 1696 1217 1720 quem
1237 1689 1371 1720 explicavit
1389 1689 1421 1713 ad
1440 1689 1584 1720 petitionem
1603 1690 1702 1720 reginae
1726 1689 1844 1714 Franciae
1867 1690 1892 1714 in

1046 1732 1091 1757 illa
1110 1732 1157 1757 die.

1128 1822 1202 1851 Cum
1223 1822 1353 1851 audisset
1374 1822 1500 1850 Ioannes
1520 1822 1550 1850 in
1565 1822 1690 1850 vinculis
1704 1830 1793 1859 opera
1810 1821 1892 1851 Cbri-

1046 1870 1103 1904 sti,
1125 1869 1240 1897 mittens
1261 1869 1335 1897 duos
1356 1869 1390 1897 de
1411 1869 1565 1906 discipulis
1592 1869 1671 1903 suis,
1694 1869 1736 1897 ait
1762 1868 1821 1897 itti:
1850 1869 1893 1897 Tu

1047 1925 1091 1950 es,
1114 1916 1167 1954 qui
1186 1919 1328 1945 venturus
1349 1924 1393 1950 es,
1416 1924 1456 1944 an
1477 1915 1571 1944 alium
1592 1915 1815 1952 exspectamus?

1125 1963 1153 1991 In
1176 1963 1228 1991 isto
1250 1963 1411 2000 Evangelio,
1427 1962 1501 2000 quod
1517 1962 1637 1991 sumitur
1651 1962 1685 1990 de
1699 1962 1825 1990 Matthaei
1841 1970 1893 1990 un-

1046 2009 1152 2038 decimo
1164 2009 1196 2043 ¹⁷,
1219 2013 1340 2046 quatuor
1361 2009 1550 2046 principaliter
1571 2009 1755 2037 continentur.
1778 2025 1815 2028 -
1836 2008 1892 2036 Pri-

1047 2064 1125 2084 mum
1146 2059 1188 2085 est
1209 2056 1374 2085 venerahilis
1405 2055 1541 2092 Baptistae
1572 2055 1706 2083 mirabilis
1736 2054 1844 2083 devotio
1866 2057 1893 2083 et

1046 2111 1124 2132 amor
1146 2103 1179 2131 ad
1201 2103 1359 2137 Christum,
1381 2103 1428 2140 qui
1451 2103 1532 2131 etiam
1559 2102 1585 2130 in
1615 2109 1726 2130 carcere
1754 2101 1893 2138 satagebat

1046 2153 1074 2179 et
1094 2150 1200 2179 zelabat
1221 2150 1444 2179 clarificationem
1466 2149 1585 2178 nominis
1598 2149 1658 2177 eius
1672 2151 1699 2176 et
1714 2148 1803 2184 ipsum
1820 2155 1893 2176 men-

1046 2197 1121 2226 tibus
1142 2197 1342 2234 discipulorum
1364 2205 1479 2225 suorum
1496 2196 1719 2233 praecordialiter
1733 2195 1892 2231 imprimere

1046 2244 1196 2273 nitebatur.

1125 2291 1282 2320 Secundum
1305 2294 1346 2319 est
1369 2290 1532 2327 mysterialis
1560 2292 1587 2318 et
1616 2288 1713 2317 nobilis
1744 2287 1890 2323 quaestio,

1046 2346 1129 2375 qnam
1152 2346 1201 2374 per
1223 2338 1372 2374 discipulos
1392 2337 1490 2365 dubios
1522 2344 1575 2364 non
1606 2335 1708 2364 dubius
1739 2335 1811 2371 ipse,
1844 2334 1891 2362 sed

1047 2385 1144 2421 plenus
1167 2385 1219 2413 fide
1240 2388 1267 2413 et
1290 2385 1388 2421 ple-tate
1409 2386 1436 2412 et
1461 2383 1518 2411 zelo
1546 2382 1700 2411 communis
1727 2381 1891 2410 aedificatio-

1046 2432 1088 2461 nis
1109 2432 1220 2460 Christo
1240 2431 1372 2468 magistro
1393 2430 1504 2459 direxit.

1125 2478 1248 2507 Tertium
1272 2477 1400 2506 notabilis
1421 2480 1447 2505 et
1468 2476 1632 2505 universalis
1652 2475 1752 2503 Christi
1775 2474 1808 2503 ad
1827 2482 1891 2511 pro-

1045 2526 1161 2562 positam
1184 2525 1233 2553 sihi
1257 2525 1445 2562 quaestionem
1473 2522 1638 2560 satisfactio
1667 2521 1835 2558 respondens
1864 2524 1890 2549 et

1108 2668 1117 2681 Β
1136 2670 1200 2691 Vers.
1218 2669 1239 2696 5,
1258 2671 1309 2696 post
1326 2674 1395 2696 quein
1414 2668 1468 2689 Luc.
1487 2667 1523 2693 16,
1541 2666 1578 2688 25.

1108 2706 1117 2719 9
1134 2709 1165 2729 Ex
1183 2707 1265 2729 eodem
1283 2706 1362 2729 codice
1380 2706 1397 2728 Α
1415 2706 1452 2728 sol.
1469 2706 1494 2728 31
1517 2711 1540 2727 v.
1560 2705 1615 2727 Infra
1633 2707 1685 2732 post
1705 2708 1788 2727 coram
1810 2702 1892 2730 proha-

1047 2746 1121 2768 biliter
1138 2745 1272 2768 addendum
1291 2747 1325 2767 est
1342 2743 1477 2767 Fratribus.

1110 2783 1129 2796 ¹⁰
1147 2784 1213 2806 Vers.
1235 2783 1267 2805 13.
1745 2779 1763 2792 ²¹
1784 2780 1848 2801 Vers.
1867 2779 1888 2801 4.

1110 2822 1128 2835 ¹2
1147 2823 1213 2844 Vers.
1230 2823 1252 2844 7.
1728 2817 1747 2831 ¹³
1766 2818 1831 2840 Vcrs.
1854 2818 1891 2840 13.

1110 2861 1129 2873 ¹¹
1147 2861 1213 2883 Vers.
1230 2861 1252 2882 7.
1667 2856 1686 2869 ¹⁵
1705 2858 1768 2879 Vers.
1786 2857 1824 2878 38.
1841 2862 1891 2884 seq.

1110 2899 1130 2912 ¹⁶
1147 2900 1176 2921 Ex
1194 2899 1276 2921 eodem
1294 2898 1345 2921 cod.
1363 2900 1380 2920 Α
1400 2899 1435 2920 fol.
1454 2898 1491 2919 32.
1504 2898 1541 2919 Est
1553 2896 1681 2919 homiletica
1693 2896 1761 2918 totius
1774 2895 1890 2923 Evangelii

1048 2938 1190 2961 dominicalis
1200 2937 1318 2965 expositio.
1328 2936 1372 2959 Csr.
1383 2942 1452 2964 supra
1462 2942 1516 2964 pag.
1527 2935 1539 2958 4
1552 2938 1573 2958 et
1582 2935 1603 2957 5.
1684 2933 1703 2947 ¹⁷
1720 2935 1785 2957 Vers.
1803 2936 1824 2957 2.
1842 2940 1890 2963 seq.

1908 341 1992 365 Quinque
2004 347 2036 361 ue-

1919 365 1999 384 cessaria
2011 366 2036 384 ad

1920 388 2005 407 salutem.

1909 1970 1987 1990 Divisio.

1920 2017 2023 2045 membrum

1924 2046 2012 2065 primum.

1908 2297 2022 2316 Secundum.

1907 2484 1997 2503 Tertium.
