2243 3348
17 1186 114 1243 thanatio.

21 1255 25 1287 1

21 1303 25 1331 l

18 1333 27 1356 ff.

18 1357 23 1470 1

17 1529 19 1542 1

15 1578 116 1608 ᾕὸεοηηᾱε.

12 1609 17 1723 l

11 1743 14 1782 1

9 1827 12 1859 l

9 1862 11 1890 f

31 2612 122 2632 Eoi-tatio.

564 189 605 217 DE
627 189 890 218 ANNUNTlATlONE
912 189 939 217 B.
961 188 1102 217 VlRGlNlS
1123 189 1252 217 ΜΑΒΙΑΕ.
1273 189 1383 218 SERMO
1405 189 1444 218 Ill.

132 268 220 304 figura
241 267 343 296 dicitur
357 267 469 296 Genesis
484 267 573 304 primo
589 268 614 295 ¹:
639 267 855 304 Conpreqentur
869 275 974 305 aquae,

132 322 206 351 quae
226 313 280 342 sub
301 313 378 342 caelo
399 317 477 348 sunt,
499 314 530 341 in
546 313 638 342 locum
658 322 765 347 unum,
787 317 812 342 et
832 317 976 350 appareat

132 361 230 389 arida.
257 361 288 388 Et
308 359 422 397 factum
436 364 477 388 est
490 360 541 389 ita.
558 361 594 388 Et
607 360 722 389 vocavit
742 361 817 388 Deus
837 361 974 389 aridam:

133 412 252 436 terram.
272 408 321 436 Per
343 411 453 435 terram
474 410 674 444 sequestratam
696 407 730 435 ab
747 407 827 444 aquis
849 407 975 444 intelligi-

133 457 179 482 tur
201 454 284 491 Virgo
305 454 389 482 Maria
410 454 535 491 elongata
555 453 590 482 ab
615 454 743 482 omnibus
764 454 922 482 carnalibus
950 457 977 482 et

132 500 306 529 fluxibilibus
334 501 577 537 concupiscentiis;
604 500 678 537 quod
705 500 816 537 quidem
843 500 896 528 fuit
927 507 976 536 per

133 550 226 575 votum
248 547 416 576 arctissimae
437 547 610 584 virginitatis,
626 547 669 576 cui
685 555 714 576 se
729 547 811 583 Virgo
832 547 916 575 Maria
936 546 976 575 di-

134 593 196 622 vino
210 593 341 622 instinctu
357 593 477 622 totaliter
492 593 657 630 mancipavit
671 597 698 622 et
712 594 798 630 ipsam
821 593 892 622 inter
910 593 977 622 alias

134 639 221 676 prima
252 640 398 676 expressit.
432 640 492 669 Ideo
520 640 616 669 idonea
643 644 703 669 erat
735 640 842 669 caelesti
873 641 976 677 sponso

133 686 312 715 mundissimo
327 690 354 715 et
368 687 519 716 castissimo
534 687 667 724 copulari.
685 687 798 723 Propter
813 687 895 723 quod,
908 687 976 715 Cau-

133 733 250 762 ticorum
272 734 409 763 secundo:
432 734 531 762 Flores
552 738 758 771 apparuerunt
780 734 810 762 in
832 738 912 762 terra
926 742 976 762 no-

131 783 205 814 stra,
228 784 340 817 tempus
357 781 522 817 putationis
542 781 675 814 a-cloenit;
696 789 752 808 vox
774 781 901 808 turturis
923 789 976 809 au-

132 827 195 855 dita
215 830 255 855 est
269 827 301 855 in
316 831 396 856 terra
410 831 522 856 nostra.
545 828 658 856 Turtur
672 830 713 856 est
731 827 788 855 avis
809 827 976 861 castissima,

132 873 192 902 ideo
207 874 233 902 in
248 882 315 903 voce
336 874 455 903 turturis
475 874 634 911 designatur
652 877 746 902 votum
763 873 977 910 perfectissimae

132 921 272 950 castitatis.
295 921 364 950 Haec
383 929 439 949 vox
461 921 567 949 audita
588 924 627 949 est
648 921 675 948 in
697 920 776 949 beata.
799 920 925 957 Virgine,
950 923 977 948 et

133 967 193 996 ideo
214 968 266 996 iam
290 975 398 996 cessare
419 968 499 996 debet
520 968 610 996 omnis
632 975 685 995 vox
709 967 902 1003 turpitudinis,
921 967 976 995 for-

134 1014 277 1043 nicationis
291 1014 395 1044 scilicet
409 1017 436 1043 et
450 1014 578 1048 libidinis,
594 1013 745 1043 secundum
761 1014 828 1042 illud
843 1013 877 1042 ad
894 1014 978 1050 Ephe-

133 1061 187 1090 sios
209 1062 321 1099 quinto:
337 1061 506 1090 Fornicatio
528 1065 625 1089 autem
639 1065 663 1089 et
678 1061 772 1089 omnis
787 1061 977 1089 immunditia

133 1111 186 1137 aut
207 1108 339 1137 avaritia
359 1116 410 1136 nec
437 1108 603 1136 nominetur
631 1108 662 1136 in
683 1107 779 1142 vobis,
801 1108 879 1136 sicut
903 1108 978 1136 decet

133 1159 265 1189 sanctos,·
293 1158 347 1184 aut
377 1155 545 1192 turpitudo,
578 1158 631 1183 aut
660 1155 889 1193 stultiloquium,
925 1159 979 1183 aut

132 1201 310 1230 scurrilitas‘.
326 1218 364 1222 —
378 1202 415 1230 Ad
432 1202 492 1236 hoc,
510 1201 583 1238 quod
599 1210 652 1230 vox
669 1202 720 1230 ista
739 1202 817 1239 plene
838 1202 977 1236 audiatur,

132 1256 243 1277 necesse
266 1248 399 1277 hahemus
420 1257 470 1277 nos
490 1256 624 1277 exercere
644 1248 678 1277 ad
700 1249 910 1285 poenitentiam,
936 1256 978 1277 se-

133 1295 255 1324 cundum
277 1295 345 1324 illud
367 1295 464 1324 Psalmi
481 1296 507 1323 2:
529 1296 562 1324 In
585 1299 665 1323 terra
687 1296 800 1323 deserta
815 1299 840 1324 et
854 1295 936 1324 invia
954 1299 979 1323 et

134 1342 295 1380 inaquosa,
317 1342 359 1371 sic
375 1342 405 1370 in
425 1346 526 1370 sancto
541 1342 676 1379 apparui
697 1342 765 1375 aba}
780 1342 845 1379 quia
863 1343 979 1370 Sanctus

133 1389 295 1418 Sanctorum
319 1389 344 1417 in
368 1389 432 1418 solis
448 1389 500 1417 illis
515 1389 664 1422 inhabitat,
688 1389 735 1426 qui
758 1397 876 1417 carnem
891 1397 977 1417 suam

133 1435 312 1473 crucifiyunt
333 1444 399 1464 cum
420 1436 500 1464 vitiis
521 1440 545 1464 et
566 1436 805 1472 concupiscentiis
826 1435 978 1464 secundum

134 1482 312 1511 imitationem
335 1483 429 1511 beatae
450 1483 578 1519 Virginis.

212 1529 272 1558 Fuit
294 1529 414 1558 secundo
435 1529 592 1558 beatissima
611 1529 694 1566 Virgo
716 1529 800 1557 illaria
820 1532 895 1557 terra
910 1537 979 1565 pro-

133 1575 316 1613 fundissima
332 1576 466 1604 localitate
479 1584 529 1612 pro
543 1575 716 1604 subiectione
731 1575 964 1604 reverentissima
970 1586 979 1608 ,-

134 1622 207 1660 quod
228 1623 297 1651 hene
318 1623 478 1659 designatur
500 1623 713 1651 Proverbiorum
737 1622 866 1659 vigesimo
898 1622 979 1658 quin-

134 1673 162 1698 to
176 1669 203 1698 ³:
228 1669 344 1698 Caelum
366 1677 505 1703 sursum,
534 1673 559 1697 el
588 1673 669 1697 terra
690 1669 834 1697 deorsum.
857 1668 980 1697 Gloriosa

135 1724 253 1753 namque
268 1716 351 1753 Virgo
373 1716 456 1744 Maria
477 1716 560 1744 simul
582 1719 758 1752 comparatur
781 1716 858 1744 caelo
879 1718 906 1744 et
925 1720 979 1744 ter-

134 1771 202 1792 rae:
224 1763 318 1796 caelo,
341 1766 453 1800 propter
475 1763 733 1791 excellentissimam
765 1762 924 1799 dignitatem
953 1765 980 1791 et

135 1810 345 1844 sublimitatem;
368 1813 474 1843 terrae,
497 1812 609 1846 propter
625 1809 865 1846 profundissimam
887 1809 980 1838 humi-

135 1858 251 1891 litatem,
274 1865 345 1894 quae
366 1857 421 1885 duo
449 1857 531 1885 simul
560 1857 654 1885 iuncta
681 1856 794 1885 fuerunt
815 1856 980 1885 mirabiliter

136 1905 162 1933 in
184 1904 263 1933 beata
284 1904 403 1940 Virgine.
433 1903 500 1931 Cum
527 1903 599 1932 enim
628 1903 662 1931 ab
683 1903 783 1940 Angelo
811 1903 980 1932 salutaretur

137 1954 167 1980 ut
188 1952 273 1980 Mater
294 1950 434 1984 altissima,
457 1950 516 1986 ipsa
537 1950 683 1986 profitetur
705 1958 734 1978 se
755 1949 881 1978 ancillam
902 1950 981 1978 Chri-

135 1998 185 2027 sti:
208 1999 288 2031 Ecce,
304 1997 409 2034 inquit,
431 1996 540 2025 ancilla
557 1996 691 2030 Domini,·
706 1999 733 2025 et
746 1997 832 2025 iufra:
848 1997 981 2034 Respexit

136 2044 328 2073 humilitatem
350 2043 474 2072 ancillae
487 2051 578 2077 suae;
594 2043 748 2072 Bernardus
763 2044 790 2071 4:
816 2054 829 2068 «
845 2043 940 2080 Magna
955 2046 982 2072 et

137 2100 200 2120 rara
219 2091 323 2125 virtus,
346 2090 486 2119 humilitas
507 2090 641 2118 honorata
655 2101 685 2123 »ς
708 2093 735 2118 et
756 2090 817 2118 ideo
838 2093 897 2119 erat
918 2098 982 2118 con-

137 2138 391 2171 venientissimiun,
414 2137 487 2174 quod
509 2137 535 2165 in
556 2137 651 2165 eadem
664 2136 800 2165 dehebant
821 2137 904 2165 simul
925 2145 983 2165 cae-

140 2185 215 2214 lestia
237 2187 264 2213 et
292 2184 435 2213 terrestria
462 2184 576 2218 sociari,
599 2186 773 2220 promerente
801 2184 853 2212 hoc
878 2183 982 2212 virtute

138 2231 316 2265 humilitatis,
338 2230 490 2259 secundum
518 2230 585 2259 illud
609 2230 744 2259 Psalmi⁵z
766 2230 921 2267 Prospeaeit
949 2230 983 2258 cle

137 2279 244 2308 excelso
265 2281 365 2306 Sancto
386 2286 458 2311 suo,·
481 2278 622 2306 Dominus
642 2278 676 2306 de
703 2277 780 2306 caelo
808 2278 839 2305 in
871 2281 982 2306 terram

138 2325 259 2362 aspexit.
281 2324 517 2361 Quemadmodum
540 2324 612 2352 enim
636 2327 719 2357 terra,
734 2324 865 2353 collocata
880 2324 905 2352 in
927 2332 982 2352 me-

138 2372 183 2400 dio
204 2375 299 2400 centro
324 2371 437 2405 mundi,
459 2370 589 2407 disposita
617 2374 673 2404 est,
695 2374 726 2399 ut
747 2371 839 2399 onmia
867 2378 984 2407 corpora

139 2418 264 2447 caelestia
285 2418 370 2455 ipsam
392 2417 495 2446 directe
526 2418 674 2454 aspiciant,
696 2421 727 2446 ut
748 2421 905 2446 ceterorum
928 2418 983 2446 vir-

139 2468 212 2494 tutes
233 2468 418 2502 aggregentur
439 2464 465 2492 in
489 2464 547 2501 ipsa
561 2464 594 2493 ad
610 2465 701 2501 proles
722 2465 905 2493 nobilissimas
921 2473 983 2501 pro-

139 2511 286 2545 creandas;
308 2512 346 2540 sic
376 2514 403 2540 et
431 2511 514 2548 Virgo
543 2511 626 2539 Maria
654 2519 703 2548 per
724 2511 983 2540 excellentissimam

139 2567 216 2588 suam
230 2558 411 2587 humilitatem
424 2558 555 2595 disposita
568 2558 620 2587 fuit
635 2558 669 2586 ad
684 2566 793 2587 omnem
808 2558 932 2595 gratiam.
946 2574 984 2579 —-

141 2605 171 2634 Et
188 2605 252 2634 hinc
273 2608 323 2639 est,
345 2605 431 2642 quod,
454 2605 474 2633 si
497 2605 597 2641 aliquis
612 2605 670 2633 vult
685 2605 766 2641 aspici
783 2613 798 2633 a
812 2605 904 2633 divina
922 2614 984 2642 gra-

140 2652 186 2686 tia,
208 2659 318 2681 necesse
338 2655 388 2685 est,
410 2651 483 2688 quod
499 2651 661 2680 humilietur
676 2655 703 2680 et
717 2651 863 2680 descendat
881 2652 914 2680 ad
929 2655 984 2681 ter-

1820 191 1874 218 669

1032 274 1100 295 ram.
1132 267 1204 303 Quis
1233 267 1305 295 enim
1339 267 1416 296 sicut
1438 268 1515 296 Deus
1541 271 1648 302 noster,
1674 269 1726 306 qui
1752 268 1783 297 in
1808 268 1876 296 altis

1032 312 1143 342 habitat
1170 317 1194 342 et
1219 312 1343 342 humilia
1364 314 1481 351 respicit
1508 314 1539 343 in
1560 315 1638 343 caelo
1666 319 1691 343 et
1718 316 1749 343 in
1775 314 1875 344 terra?

1033 359 1185 388 Suscuans
1206 368 1226 388 a
1254 363 1335 388 terra
1362 360 1474 397 inopem
1502 365 1527 389 et
1552 361 1585 389 de
1612 365 1736 390 stercore
1763 362 1877 399 eriyens

1029 415 1198 444 pauperem.

1110 454 1171 482 Fuit
1185 454 1267 482 tertio
1281 454 1364 490 Virgo
1379 454 1463 483 Maria
1481 458 1556 483 terra
1570 455 1775 493 i7·7·iyuissz‘nia
1789 455 1873 484 fonta-

1032 500 1106 528 litate
1129 508 1178 536 pro
1199 500 1430 537 sanctificatione
1448 501 1602 538 plenaria,
1630 501 1658 530 in
1679 502 1759 530 cuius
1788 502 1877 538 figura

1032 547 1133 576 dicitur
1154 547 1265 576 Genesis
1286 547 1407 576 secundo
1422 548 1448 576 6;
1465 548 1556 576 Homo
1577 557 1635 576 non
1649 553 1727 581 erat,
1749 549 1801 586 qui
1814 557 1876 585 ope-

1032 598 1154 622 raretur
1175 598 1304 627 terram;
1325 595 1374 623 secl
1395 594 1462 632 fons
1477 595 1648 624 ascendebat
1668 604 1682 624 e
1700 600 1790 630 terra,
1806 596 1878 624 irri-

1031 649 1107 678 9ans
1128 641 1297 669 universam
1319 641 1503 678 superficiem
1525 645 1627 670 terrae.
1650 643 1735 671 Terra
1757 642 1820 676 ista,
1850 642 1876 670 in

1032 695 1087 724 qua
1109 688 1191 716 homo
1212 696 1266 716 non
1288 691 1329 716 est
1344 691 1484 724 operatus,
1499 688 1551 717 fuit
1567 688 1649 725 Virgo
1664 689 1764 717 intacta
1778 696 1793 717 a
1809 689 1876 722 viro,

1032 735 1059 763 in
1081 742 1165 771 quam
1187 735 1327 763 descendit
1354 738 1382 763 et
1412 743 1427 763 a
1458 743 1514 772 qua
1539 743 1639 764 rursus
1669 735 1791 764 ascendit
1818 736 1878 764 fons

1032 789 1121 818 aquae
1143 782 1220 810 vivae
1241 785 1268 810 et
1288 781 1392 810 ssuvius
1413 782 1521 810 divinae
1542 782 1659 818 gratiae,
1681 783 1727 819 qui
1749 786 1791 811 est
1811 782 1878 820 fons

1033 836 1128 865 aquae
1148 827 1279 856 salientis
1307 828 1338 856 in
1361 828 1450 856 vitam
1479 832 1638 856 aeternam
1667 829 1713 857 Hic
1740 829 1879 866 irrtyaoit

1033 875 1202 903 universam
1230 874 1414 911 superficiem
1446 879 1558 909 terrae,
1590 876 1655 912 quia
1686 884 1739 904 non
1771 879 1878 904 tantum

1033 921 1212 950 sanctificavit
1232 922 1351 949 animam
1375 921 1510 958 Virginis,
1537 929 1634 950 verum
1656 922 1738 950 etiam
1767 930 1877 951 carnem

1033 967 1065 996 ad
1088 968 1296 1004 concipiendum
1319 968 1424 996 Prolem
1454 969 1559 1005 absque
1580 969 1652 997 omni
1687 969 1795 997 macula
1815 977 1879 998 con-

1033 1015 1226 1051 cupiscentiae.
1250 1015 1325 1043 Unde
1347 1018 1402 1043 tota
1424 1015 1529 1051 repleta
1544 1015 1596 1043 fuit
1617 1015 1704 1052 gratia
1719 1016 1790 1044 sicut
1805 1019 1879 1044 terra

1033 1061 1161 1098 supernis
1182 1062 1283 1098 pluviis
1305 1062 1432 1099 irrigata3
1455 1062 1528 1099 quod
1551 1062 1713 1098 praevidens
1727 1062 1753 1090 in
1776 1062 1879 1099 Spiritu

1033 1112 1127 1137 sancto
1142 1108 1295 1142 Psalmista‚
1310 1108 1390 1137 dicit:
1414 1109 1542 1137 Visitasti
1563 1112 1674 1137 terram
1689 1113 1713 1137 et
1727 1109 1881 1137 inebriasti

1033 1163 1116 1188 eam;
1143 1155 1347 1192 multiplicasti
1378 1155 1551 1192 locupletare
1581 1164 1654 1184 eam.
1683 1157 1739 1185 Non
1772 1159 1878 1185 tantum

1033 1202 1105 1231 enim
1128 1202 1225 1231 habuit
1246 1202 1378 1239 Spiritum
1401 1206 1527 1231 sanctum
1542 1202 1766 1236 sanctificantem,
1782 1211 1878 1231 verum

1034 1250 1114 1278 etiam
1138 1249 1328 1283 inebriantem,
1349 1253 1381 1278 ut
1402 1250 1428 1277 in
1451 1249 1519 1278 alios
1540 1249 1621 1277 etiam
1639 1249 1806 1278 refunderet.
1831 1250 1880 1278 De—

1892 462 1962 481 Tertia.

1034 1296 1139 1325 scendit
1160 1296 1232 1324 enim
1254 1296 1373 1333 Spiritus
1394 1299 1505 1325 sanctus
1526 1296 1553 1324 in
1574 1296 1661 1333 ipsam
1683 1297 1760 1325 sicut
1777 1297 1881 1333 pluvia
1917 1324 1920 1327 Δ

1034 1343 1066 1372 in
1087 1343 1192 1377 vellus,
1214 1347 1239 1371 ct
1260 1343 1336 1371 sicut
1362 1343 1513 1371 stillicidia
1538 1343 1683 1371 stillantia
1709 1352 1798 1380 super
1827 1347 1881 1372 ter-

1034 1398 1103 1418 ram
1119 1390 1138 1417 ⁷.
1162 1390 1221 1426 Ipsa
1242 1390 1314 1418 enim
1330 1390 1436 1418 ratione
1458 1397 1525 1418 suae
1545 1390 1649 1426 gratiae
1665 1390 1805 1426 perfundit
1826 1394 1881 1419 ter-

1035 1445 1093 1465 ram
1116 1436 1220 1465 aridam
1244 1436 1335 1465 cordis
1356 1436 1452 1470 nostri,
1474 1436 1597 1464 maxime
1617 1436 1728 1473 quando
1750 1445 1799 1473 per
1820 1445 1881 1465 ora-

1035 1483 1135 1512 tionem
1158 1483 1309 1511 clamamus
1330 1486 1357 1511 et
1371 1483 1544 1519 suspiramus
1559 1483 1591 1511 ad
1614 1483 1713 1519 ipsam,
1729 1483 1881 1512 secundum

1035 1530 1102 1558 illud
1125 1530 1248 1558 ludicum
1269 1530 1368 1566 primo,
1391 1530 1463 1566 quod
1485 1529 1557 1557 dixit
1584 1530 1640 1557 filia
1661 1530 1757 1558 Caleb:
1780 1530 1881 1567 Suspi-

1035 1577 1130 1611 -ravit,
1152 1577 1251 1605 sedens
1272 1577 1303 1604 in
1325 1577 1424 1610 asino,
1447 1580 1472 1605 et
1494 1576 1579 1604 dixit:
1609 1569 1729 1604 Terram
1753 1580 1882 1605 arentem.

1035 1624 1140 1652 dedisti
1160 1622 1249 1657 milii,
1271 1624 1311 1651 da
1332 1627 1357 1651 et
1386 1623 1534 1660 trrtyucun
1564 1623 1667 1661 aquis;
1696 1626 1723 1651 et
1745 1623 1881 1660 sequitur,

1036 1670 1109 1707 quod
1130 1670 1208 1698 dedit
1228 1670 1254 1698 ei
1273 1669 1356 1698 Caleb
1372 1670 1523 1706 irriguum
1537 1670 1677 1706 superius
1690 1673 1715 1697 et
1730 1670 1882 1707 irriquum

1036 1716 1172 1754 inferius.
1196 1717 1255 1753 Ipsa
1276 1717 1349 1745 enim
1372 1716 1450 1745 nobis
1471 1717 1600 1752 impetrat
1614 1716 1729 1753 gratiam
1752 1717 1883 1753 lacryma-

1037 1772 1099 1792 rum
1123 1767 1177 1792 tam
1201 1771 1251 1800 pro
1273 1763 1391 1800 peccatis
1413 1763 1515 1792 nostris
1536 1771 1618 1800 quam
1641 1763 1719 1792 bonis
1740 1764 1868 1792 aeternis.

1115 1811 1176 1839 Fuit
1197 1810 1369 1838 sanctissima
1383 1810 1466 1846 Virgo
1482 1810 1565 1838 Maria
1579 1813 1718 1847 postremo
1734 1814 1808 1839 terra
1822 1810 1882 1848 fer-

1037 1857 1175 1886 tilissima
1189 1856 1356 1885 fecunditate
1372 1864 1422 1892 pro
1437 1856 1616 1893 conceptione
1629 1855 1882 1893 fructuosissima,

1037 1903 1189 1932 secundum
1219 1902 1286 1931 illud
1316 1903 1398 1931 Isaiae
1426 1902 1636 1939 quadragesimo
1665 1903 1803 1939 quintoss:
1829 1904 1884 1932 Ro-

1037 1955 1111 1984 rate,
1132 1950 1215 1984 caeli,
1237 1950 1370 1987 desuper,
1392 1953 1418 1978 et
1437 1949 1527 1978 nubes
1543 1950 1648 1986 pluant
1670 1951 1802 1983 Iustum,
1817 1959 1884 1987 apc-

1038 1998 1140 2026 riatur
1162 2002 1242 2025 terra
1263 2001 1287 2025 et
1314 1996 1456 2034 yerminet
1484 1996 1675 2025 Salvatoreni.
1699 1997 1777 2025 Caeli
1797 2006 1884 2026 rora-

1037 2048 1143 2073 verunt
1164 2045 1189 2072 in
1222 2044 1344 2081 angelica
1372 2043 1579 2072 denuntiatione
1607 2047 1634 2072 et
1655 2044 1773 2080 Spiritus
1798 2044 1884 2072 sancti

1039 2091 1183 2124 missione;
1207 2094 1287 2119 terra
1308 2095 1413 2127 aperta
1434 2094 1475 2118 est
1500 2090 1526 2118 in
1549 2090 1669 2127 Virginis
1691 2098 1836 2124 consensu,
1858 2094 1885 2119 et

1036 2137 1215 2175 permutavit
1238 2137 1419 2166 Salvatorem
1442 2137 1467 2165 in
1490 2137 1547 2165 Filii
1565 2137 1610 2166 Dei
1626 2137 1813 2174 conceptione,
1829 2137 1885 2166 solo

1038 2185 1130 2214 divino
1151 2185 1268 2221 imperio
1288 2184 1413 2218 faciente,
1436 2184 1508 2213 sicut
1529 2184 1586 2213 solo
1608 2184 1724 2221 imperio
1744 2185 1847 2213 fecerat
1870 2192 1886 2213 a

1040 2232 1175 2269 principio
1195 2235 1298 2260 terram
1320 2231 1492 2268 germinare;
1514 2231 1626 2260 Genesis
1648 2232 1753 2268 primo:
1773 2231 1886 2260 Germi-

1039 2284 1085 2308 net
1107 2283 1188 2307 terra
1211 2278 1331 2306 herbam
1352 2278 1489 2306 virentem
1519 2281 1543 2306 ct
1564 2277 1718 2315 facientem
1739 2287 1834 2306 semen
1862 2282 1887 2306 et

1040 2326 1153 2363 lignum
1171 2324 1370 2362 pomiferum,
1393 2323 1506 2361 faciens
1526 2323 1661 2361 fructum
1682 2324 1768 2352 iuxta
1794 2332 1887 2361 penus

1039 2380 1138 2406 sumn,
1160 2372 1247 2400 cuius
1267 2380 1361 2400 semen
1383 2372 1414 2399 iu
1431 2371 1581 2408 semetipso
1603 2371 1640 2399 sit
1661 2375 1886 2408 superterram.

1040 2419 1167 2456 Lignum
1188 2417 1381 2455 fructiferum
1404 2418 1469 2446 illud
1492 2418 1619 2446 Christus
1633 2421 1690 2452 est,
1706 2426 1788 2455 quem
1804 2418 1887 2455 Virgo

1041 2465 1125 2494 Maria
1139 2465 1263 2501 concepit
1272 2476 1278 2499 3
1294 2465 1372 2501 prius
1388 2468 1478 2493 tamen
1493 2465 1672 2501 germinando
1687 2463 1806 2493 herbam
1826 2473 1889 2494 san—

1041 2516 1149 2541 ctarum
1172 2512 1381 2549 cogitationum,
1397 2512 1581 2545 affectionum,
1597 2512 1767 2540 locutionum
1783 2515 1810 2541 et
1824 2520 1888 2549 ope-

1041 2558 1189 2587 rationum.
1210 2575 1245 2578 —
1268 2558 1299 2586 Et
1320 2558 1380 2587 ideo
1395 2558 1441 2595 qui
1464 2558 1644 2595 spiritualiter
1667 2558 1726 2587 vult
1746 2558 1887 2587 Christum

1041 2606 1114 2634 intra
1134 2613 1163 2634 se
1184 2606 1286 2634 habere
1316 2613 1365 2642 per
1389 2605 1605 2634 benedictionem
1631 2605 1785 2639 caelestem,
1807 2614 1888 2642 opor—

1041 2655 1088 2686 tet,
1103 2652 1176 2689 quod
1198 2652 1356 2681 huiusmodi
1380 2652 1480 2681 herbas
1501 2652 1637 2689 germinet
1658 2660 1694 2681 ex
1715 2660 1744 2681 se
1767 2652 1887 2689 plenaria

206 2863 213 2876 ¹
234 2865 297 2886 Vcrs.
315 2864 335 2885 9.
353 2870 414 2892 seq.;
431 2867 559 2892 sequuntur
576 2863 638 2886 Cant.
656 2864 677 2890 2,
700 2865 732 2886 12.
750 2867 772 2886 et
789 2865 844 2892 Epti.
858 2865 878 2891 5,
897 2865 919 2887 3.
936 2871 985 2893 seq.

207 2903 215 2916 ²
234 2904 316 2926 Psalm.
333 2904 370 2930 6-2,
388 2904 414 2929 3;
431 2903 534 2931 sequitur
550 2903 597 2925 Gal.
616 2903 638 2929 5,
656 2903 692 2925 24.

206 2942 215 2955 ³
236 2943 298 2965 Vers,
317 2943 342 2969 3;
360 2942 463 2970 sequitur
480 2942 533 2964 Luc.
555 2943 572 2969 1,
591 2942 627 2964 38.
644 2945 665 2963 et
682 2942 734 2963 dein
752 2949 774 2964 r.
794 2942 828 2964 -18,

206 2981 215 2993 ‘¹
234 2981 314 3003 Homil.
332 2981 353 3003 sk.
371 2987 440 3009 super
457 2980 544 3003 Missus
562 2982 606 3007 est,
624 2987 645 3002 n.
662 2981 683 3002 9.

1104 2863 1113 2876 ⁵
1132 2864 1214 2886 Psalm.
1235 2864 1284 2889 101,
1302 2864 1339 2885 20.
1357 2867 1378 2886 et
1397 2864 1430 2885 l‘s.
1452 2864 1505 2890 112,
1523 2863 1545 2885 5
1564 2869 1630 2891 seqq.

1105 2902 1114 2915 ⁰
1132 2903 1197 2925 Yers.
1215 2903 1235 2925 5.
1254 2909 1314 2931 seq.;
1333 2906 1461 2930 sequuntur
1479 2903 1538 2924 toan.
1557 2902 1577 2929 4,
1600 2903 1631 2925 11.
1650 2906 1672 2925 et
1690 2903 1723 2924 Ps.
1741 2902 1782 2929 64,
1803 2903 1837 2924 10.

1106 2940 1114 2954 ⁷
1133 2942 1214 2963 Psalm.
1230 2942 1268 2968 71,
1286 2942 1312 2968 ὃς
1330 2941 1433 2969 sequitui·
1450 2941 1520 2963 ludic.
1541 2942 1558 2967 1,
1580 2941 1612 2963 14.
1631 2947 1679 2969 seq.

1107 2979 1115 2992 ⁸
1135 2981 1199 3002 vers.
1217 2981 1241 3008 ὃς
1258 2983 1387 3009 sequuntur
1404 2980 1460 3002 Gen.
1482 2981 1499 3006 1,
1521 2981 1554 3002 11.
1571 2983 1592 3002 61
1610 2981 1676 3002 Marc.
1696 2980 1717 3007 4,
1735 2981 1773 3002 28.

1899 1817 1976 1840 Quarta.

1905 2565 1997 2585 Hor-tatio.
