2243 3348
0 1509 26 1530 lta.
38 1508 104 1527 illumi-

19 1533 76 1551 intem.

11 1976 96 2000 emplum.

580 166 621 194 DE
643 166 886 195 PURlFlCATIONE
908 167 936 195 B.
960 166 1099 196 VIRGINIS
1121 168 1248 196 MARIAE.
1271 168 1380 197 SERMO
1402 169 1419 198 1.

129 243 290 280 Parifz‘cate
312 243 403 272 eorda
424 246 531 277 vestra,
554 243 682 281 duplices
703 244 811 273 animo.
834 244 970 273 Habemus

128 291 269 324 rationem,
291 297 362 327 quae
390 290 501 318 inclinat
522 298 572 319 nos
593 291 625 319 ad
651 290 810 327 superiora,
832 294 859 320 et
886 291 970 320 habe-

129 345 189 366 mus
210 336 354 365 mulierem
370 337 389 370 ¹,
411 337 514 365 scilicet
528 337 750 370 sensualitatem,
772 345 843 374 quae
864 346 913 366 nos
932 338 971 366 in-

126 383 208 412 clinat
235 383 269 411 ad
298 383 408 411 malum.
438 383 539 411 Miseri
565 387 666 417 estole,
695 383 721 411 id
750 387 803 418 est,
826 384 969 412 humiliate

128 437 188 463 vos;
210 429 291 457 risus
306 433 395 457 vester
410 432 596 457 convertatur
611 429 643 457 in
658 429 777 458 luctum.
800 430 824 458 Si
847 430 910 466 quis
925 430 969 458 ha-

125 476 202 505 beret
222 475 342 509 febrem,
361 478 388 504 et
402 483 452 512 ego
466 475 586 504 dicerem
601 476 641 504 ei:
658 476 768 510 Rideas,
790 476 835 505 ille
850 476 968 504 multum

125 522 313 559 indignaretur
330 522 412 556 mihi;
427 525 454 550 et
469 522 489 550 si
506 530 555 559 ego
570 522 689 559 aliquem
704 523 825 559 graviter
840 523 969 551 vulnera-

125 573 181 597 tum
198 568 295 597 vellem
316 568 419 597 ducere
433 568 466 597 ad
481 569 605 603 choreas,
621 569 666 597 ille
681 569 871 606 indignaretur
892 569 967 597 mihi.

123 616 215 652 Cogita
235 615 352 652 flagitia,
374 616 400 644 in
417 623 487 652 quae
500 616 601 652 poteris
616 624 714 649 ruere,
730 619 757 644 et
771 620 851 652 gusta
866 616 968 645 theria-

123 670 197 696 cam,
218 662 245 690 id
267 665 308 691 est
328 662 540 691 amaritudinem
563 663 753 699 poenitentiae.
773 663 900 691 Christus
921 671 968 699 po-

123 711 196 737 tatus
216 708 268 737 fuit
289 709 472 737 amaritudine
492 709 577 743 sellis,
600 712 626 738 et
648 709 730 746 Virgo
755 709 874 745 gloriosa
894 717 967 737 ama-

123 755 241 784 ritudine
273 756 390 789 doloris,
423 759 450 784 et
477 755 510 784 ad
542 755 752 784 amaritudinem
786 755 967 791 poenitentiae

122 802 218 831 invitat
238 810 288 831 nos
310 802 442 831 Dominus
464 810 512 839 per
532 802 636 835 Isaiam,
651 802 759 830 dicens:
782 801 897 830 Vocabit
913 802 966 830 Do-

121 849 220 877 mimts
242 849 282 877 ad
301 848 399 885 fletam
422 853 446 877 et
468 849 507 877 ad
529 849 680 885 planetum
702 852 727 876 et
748 848 788 876 ad
815 848 966 885 ciizyttlam

119 896 209 930 sacci,
230 900 255 924 et
276 904 352 930 ecee,
366 896 513 933 gaudiam
532 899 557 923 et
577 895 704 928 laetitia,
720 895 848 923 occidere
861 894 967 922 vitulos

120 946 144 970 et
154 942 292 979 iugulare
303 942 417 975 arietes,
427 942 571 970 comedere
585 949 689 970 carnes
703 945 728 969 ec
740 940 832 969 bibere
846 940 966 974 viminu

120 989 305 1017 comedamus
325 993 350 1017 el
365 988 515 1020 bihamuae
530 996 599 1016 cras
619 988 693 1016 enim
709 988 888 1020 morientum
904 987 965 1015 Iob:

123 1035 256 1064 Gaadenl
278 1036 318 1064 ad
337 1035 464 1064 sonitum
480 1035 603 1072 organi,
625 1035 736 1063 dueum
757 1035 788 1062 iit
810 1034 891 1062 bonis
905 1034 965 1062 dics

118 1090 187 1110 suos
208 1086 233 1110 et
254 1082 285 1110 in
304 1085 412 1118 puncto
433 1081 474 1109 ad
494 1080 614 1118 inferna
635 1081 817 1109 descendunt.
847 1081 903 1109 Non
933 1080 964 1108 li-

118 1128 215 1157 benter
235 1128 304 1157 irem
326 1128 353 1157 in
376 1129 523 1162 solarium,
546 1132 577 1156 ut
592 1128 717 1157 caderem
737 1127 763 1156 in
786 1127 963 1164 profundum.

118 1176 170 1204 Nos
191 1183 289 1204 sumus
303 1175 348 1204 hic
363 1175 434 1204 sicut
449 1175 476 1203 in
492 1175 606 1208 solario,
628 1175 761 1203 debemus
776 1174 854 1203 nobis
866 1182 964 1203 cavere

118 1222 151 1251 de
172 1230 236 1251 casu
258 1225 285 1251 et
298 1222 443 1259 disponere
458 1222 630 1250 ascensiones
645 1222 671 1249 in
687 1221 785 1255 corde;
802 1221 924 1249 Psalmus
936 1221 962 1248 2:

119 1270 306 1298 Ascensz'ones
327 1269 357 1297 i‘n
379 1270 464 1298 eorde
478 1278 531 1297 suo
553 1269 713 1306 disposuit,
734 1269 764 1296 in
779 1268 852 1297 valle
867 1268 963 1305 lacry-

117 1324 253 1350 marum,
275 1316 306 1344 in
335 1316 411 1349 loeo,
442 1324 525 1354 quem
551 1315 659 1352 posuit.
692 1316 847 1352 Sequamur
878 1315 963 1352 igitur

116 1362 221 1391 stellam
254 1362 337 1391 maris
368 1362 559 1399 purificantem
593 1370 642 1398 per
669 1362 801 1398 gemitum
831 1369 963 1398 compun-

116 1409 212 1438 ctionis
234 1417 351 1438 amarae.

195 1457 320 1486 Secundo
341 1464 492 1493 sequamur
514 1456 619 1484 stellam
643 1455 727 1484 maris
749 1455 963 1483 illuminantem

118 1512 166 1541 per
188 1504 310 1533 studium
333 1503 445 1532 virtutis
459 1503 637 1531 illuminatae.
654 1503 760 1531 Dicitur
782 1503 808 1530 in
829 1503 899 1531 libro
914 1503 963 1531 Re-

116 1559 182 1588 gum
194 1551 213 1585 3,
235 1550 308 1588 quod
331 1552 393 1578 Asa
414 1549 533 1578 abstulit
547 1549 724 1587 effeminatos
738 1549 771 1577 de
790 1553 870 1577 terra
890 1557 962 1586 pur-

113 1597 250 1636 gavitque
271 1606 367 1625 onmes
388 1597 487 1625 sordes
506 1596 662 1630 idolorum,
678 1604 752 1633 qaae
766 1595 896 1633 fecerant
907 1605 962 1632 pa-

116 1648 172 1672 tres
193 1644 263 1672 etus.
287 1644 349 1672 Asa
369 1644 569 1679 interpretatur
587 1642 746 1680 plasmatio
764 1642 896 1675 Domini,
912 1650 961 1679 per

114 1698 197 1727 quem
218 1690 389 1727 significatur
409 1690 519 1718 animus
543 1689 668 1718 imbutus
693 1689 798 1726 legibus
819 1689 962 1725 sapientia-

115 1737 194 1766 libus.
219 1738 269 1766 Iste
290 1738 340 1766 Asa
355 1736 455 1774 aufert
469 1736 646 1774 effeminatos
667 1736 700 1764 de
721 1740 801 1764 terra
824 1740 848 1764 et
870 1736 959 1770 idola,

114 1793 189 1823 quae
216 1783 346 1822 fecerant
364 1787 465 1821 patres
486 1784 557 1812 eius.
581 1782 749 1821 Effeminati
776 1787 840 1812 sunt
869 1786 960 1812 motus

114 1831 391 1868 concupiscentiales,
413 1831 460 1867 qui
482 1830 620 1859 hominem
644 1830 763 1859 reddunt
784 1831 855 1859 sicut
882 1831 959 1859 femi-

113 1885 186 1906 nam.
209 1877 291 1906 Idola
312 1880 377 1906 sunt
395 1877 586 1913 phantasmata
600 1884 738 1910 errorum,
761 1885 832 1913 quae
851 1880 959 1913 oportet

114 1927 140 1952 te
154 1931 284 1961 purgare,
296 1923 318 1952 si
335 1923 374 1952 vis
389 1923 422 1951 ad
437 1923 597 1960 sapientiam
615 1923 737 1951 veritalis
752 1923 905 1959 pervenire.
922 1940 957 1944 —

116 1971 189 1999 Dixit
210 1971 343 2007 quaedam
374 1970 473 1999 mulier
495 1971 643 1999 Saracena:
665 1970 719 1998 Vos
739 1970 885 1998 Christiani
912 1978 959 1999 su-

114 2017 269 2054 perbissimi
298 2017 379 2051 estis,
411 2017 458 2054 qui
490 2017 595 2050 dicitis,
617 2017 690 2053 quod
719 2017 786 2045 nulli
816 2017 958 2045 salvantur

114 2064 164 2093 nisi
186 2064 342 2093 Christiani.
365 2064 435 2092 Bene
457 2066 546 2100 potest
566 2064 612 2092 lex
634 2067 728 2092 nostra
749 2071 809 2092 esse
830 2064 916 2098 bona,
932 2066 959 2092 et

114 2111 238 2139 similiter
260 2111 376 2139 aliorum
400 2111 444 2139 lex
468 2110 536 2139 bene
558 2110 652 2138 salvat.
676 2110 706 2138 Et
734 2110 876 2147 respondit
897 2110 956 2139 ille:

113 2157 186 2192 Lex,
207 2165 256 2194 per
278 2165 360 2194 quam
383 2157 508 2185 homines
530 2157 681 2191 salvantur,
703 2165 757 2185 non
779 2160 820 2185 est
838 2157 888 2185 nisi
912 2165 958 2186 ve-

114 2204 196 2238 ritas,
219 2207 245 2233 et
266 2207 361 2232 nostra
383 2204 429 2232 lex
452 2204 519 2232 nihil
547 2203 646 2232 falsum
676 2203 758 2232 habet
786 2204 957 2238 admixtum,

114 2250 172 2279 ideo
194 2251 295 2285 salvat3
318 2250 364 2279 sed
386 2258 481 2279 omnes
502 2250 570 2279 aliae
592 2250 665 2287 leges
686 2251 789 2279 habent
813 2250 956 2279 falsitatem

113 2297 280 2332 admixtam;
303 2297 363 2326 ideo
384 2306 437 2326 non
453 2298 567 2326 salvant.
584 2297 660 2326 Fides
682 2297 826 2334 purificat,
843 2298 915 2326 unde
930 2298 956 2326 in

113 2345 222 2373 Actibus
237 2345 263 2373 ⁶²:
288 2344 357 2373 Fide
374 2344 543 2382 parificans
557 2345 657 2373 corda.
674 2345 726 2373 lsta
741 2345 807 2373 fides
821 2345 958 2373 illuminat

113 2399 162 2427 per
183 2387 305 2420 studium
327 2391 466 2424 veritatis;
489 2391 608 2426 credite,
630 2391 733 2420 scilicet
754 2399 803 2428 per
819 2391 898 2420 fidem
915 2400 959 2420 ve-

113 2437 215 2472 ritatis,
238 2438 379 2475 intelligite
401 2445 450 2474 per
477 2437 610 2466 rationem
632 2437 756 2466 veritatis
777 2438 957 2474 comprehen-

113 2492 157 2513 sae
179 2492 227 2521 per
249 2485 515 2521 contemplationem.
539 2485 588 2513 Per
607 2484 688 2513 fidem
713 2487 822 2521 oportet
843 2484 958 2513 introire

113 2531 139 2559 in
154 2538 269 2568 regnum
291 2531 439 2559 caelorum.
454 2531 531 2559 Fides
551 2531 622 2560 enim
645 2534 686 2559 est
700 2531 823 2565 ostiaria3
847 2531 957 2568 quando

112 2577 231 2612 ostiaria,
246 2586 317 2614 quae
328 2581 496 2615 purgaverat
509 2586 611 2612 aream,
626 2586 680 2606 non
696 2578 832 2606 clauserat
846 2578 956 2612 ostium,

1817 171 1872 199 637

1026 248 1163 274 venerunt
1190 246 1338 275 latrunculi
1367 250 1394 275 et
1425 247 1452 275 in
1489 248 1576 276 medio
1603 248 1647 277 die
1675 248 1872 278 interfecerunt

1027 300 1119 329 regem
1136 292 1266 321 isboseth.
1283 293 1341 322 Rex
1362 297 1404 322 est
1418 294 1464 331 qui
1481 302 1509 323 se
1530 303 1627 332 regere
1642 299 1746 332 potest3
1762 296 1871 332 quando

1026 339 1076 367 iste
1094 339 1213 367 efficitur
1228 339 1314 376 piger,
1329 344 1356 369 et
1374 340 1449 375 fides,
1464 349 1535 378 quae
1556 345 1597 370 est
1618 342 1753 376 ostiaria,
1769 342 1871 371 obdor-

1025 385 1095 419 mz't;
1117 388 1183 414 tunc
1204 385 1308 414 intrant
1329 386 1487 422 latrunculi,
1510 388 1536 416 id
1557 391 1598 417 est
1619 396 1737 417 errores.
1755 389 1785 417 Et
1806 389 1871 417 dicit

1025 433 1170 469 Apostolus
1181 433 1208 460 ⁵:
1224 432 1398 470 Quicumque
1416 434 1490 462 aliud
1511 434 1623 469 dixerit,
1638 443 1721 471 quam
1737 435 1804 464 fides
1819 435 1870 464 ista

1024 478 1123 513 dictat,
1146 478 1303 507 anatliema
1323 480 1368 508 sit.
1390 481 1559 517 Augustinus
1574 481 1687 517 probat,
1709 482 1783 518 quod
1807 490 1869 518 gra-

1025 525 1061 553 tia
1082 525 1251 562 baptismalis
1266 526 1346 562 plena
1360 526 1448 563 gratia
1468 530 1509 555 est
1530 527 1557 555 in
1577 527 1708 564 parvulis.
1727 545 1765 548 —
1786 528 1870 557 Erant

1024 571 1135 607 quidam
1150 571 1255 600 nobiles
1270 572 1296 600 in
1311 572 1408 606 Africa,
1424 573 1582 602 habuerunt
1596 582 1685 602 unum
1701 574 1869 610 baptizatum

1024 618 1050 646 in
1072 618 1154 646 domo
1175 626 1283 652 eorum,
1298 619 1344 655 qui
1364 622 1452 648 tantae
1467 620 1622 649 stoliditatis
1636 620 1697 654 fuit,
1713 621 1785 657 quod
1800 621 1870 650 nihil

1024 664 1207 701 intelligebat,
1229 665 1313 693 immo
1340 666 1362 694 si
1392 666 1600 701 verberabatur,
1629 667 1717 696 stabat
1737 668 1764 696 in
1787 676 1869 705 pace,

1024 719 1076 739 non
1100 711 1189 747 potuit
1210 712 1328 745 tristari;
1351 712 1532 741 reverebatur
1553 716 1644 742 tamen
1672 714 1814 743 dominum
1842 717 1869 743 et

1023 757 1162 785 dominam
1178 765 1265 792 suam,
1281 758 1346 795 quia
1361 758 1451 794 ipsum
1466 759 1634 788 nutriebant.
1647 761 1744 795 Semel,
1759 761 1869 798 quando

1023 803 1134 839 quidam
1157 804 1228 832 mala
1248 804 1352 833 diceret
1372 805 1406 833 de
1428 806 1483 834 Deo
1508 810 1603 835 contra
1624 807 1721 841 fidem,
1744 809 1869 837 surrexit

1022 850 1161 878 animatus
1189 853 1284 878 contra
1305 850 1399 885 illum;
1422 852 1461 880 sic
1492 852 1554 880 fecit
1585 853 1626 881 bis
1648 854 1690 882 vel
1720 858 1769 882 ter.
1791 855 1868 884 Tunc

1022 895 1150 923 dominus
1171 895 1242 924 dixit
1264 896 1335 924 mala
1356 896 1389 925 de
1406 897 1460 925 Deo
1478 900 1574 926 contra
1589 898 1685 933 fidem3
1701 902 1728 927 et
1743 900 1868 929 similiter

1022 945 1117 970 contra
1138 942 1229 979 ipsum
1257 943 1383 971 surrexit
1403 944 1541 973 animatus
1562 948 1589 973 et
1610 948 1705 974 contra
1726 946 1867 975 dominum

1022 990 1071 1023 (et)
1092 989 1230 1017 dominam
1246 997 1333 1018 suam.
1356 990 1424 1018 lllud
1445 998 1498 1018 non
1521 992 1611 1027 potuit
1631 999 1690 1021 esse
1711 1000 1747 1021 ex
1769 996 1869 1022 natura

1021 1043 1111 1072 neque
1132 1043 1169 1064 ex
1197 1036 1348 1070 industria,
1370 1037 1417 1065 sed
1438 1045 1474 1065 ex
1495 1038 1583 1074 gratia
1604 1039 1775 1075 baptismali,
1797 1048 1868 1077 quae

1020 1082 1111 1111 adhuc
1138 1082 1190 1111 fuit
1212 1083 1239 1111 in
1261 1091 1307 1117 eo,
1330 1091 1379 1120 per
1401 1092 1484 1121 quam
1508 1085 1609 1114 veritas
1629 1086 1692 1114 fidei
1718 1086 1770 1115 fuit
1791 1087 1867 1123 plan-

1020 1132 1076 1157 tata
1097 1129 1123 1157 in
1146 1130 1213 1166 ipso.

1099 1177 1190 1205 Tertio
1212 1185 1362 1214 sequamur
1384 1178 1490 1207 stellam
1512 1180 1597 1208 maris
1608 1180 1801 1217 perficientem
1817 1189 1866 1218 per

1020 1225 1113 1251 votum
1137 1224 1318 1259 perfectionis.
1346 1224 1452 1253 Dicitur
1468 1225 1493 1253 in
1516 1226 1587 1254 libro
1605 1227 1832 1256 Machabaeorum
1845 1228 1865 1262 ⁶,

1019 1269 1093 1306 quod
1126 1270 1323 1304 Machabaeus,
1356 1275 1520 1308 recuperato
1555 1277 1579 1300 et
1607 1277 1736 1310 purgato
1765 1274 1865 1311 templo

1020 1316 1143 1349 Domini,
1165 1316 1318 1345 aedificavit
1349 1317 1433 1345 aliud
1464 1318 1565 1346 altare.
1596 1319 1633 1347 lta
1654 1327 1738 1356 super
1767 1321 1864 1357 Legem

1019 1363 1180 1399 Moysaicam
1202 1363 1265 1392 data
1286 1367 1327 1392 est
1342 1364 1386 1392 lex
1404 1364 1550 1401 Evangelii.
1566 1365 1649 1402 Virgo
1669 1365 1788 1402 gloriosa
1806 1375 1866 1403 pro-

1019 1408 1089 1437 fessa
1109 1409 1161 1438 fuit
1182 1413 1372 1446 paupertatem
1395 1413 1421 1439 et
1440 1411 1624 1447 virginitatem
1647 1416 1674 1441 et
1692 1421 1747 1441 non
1769 1413 1866 1442 habuit

1019 1455 1092 1483 unde
1114 1459 1205 1492 posset
1226 1456 1326 1485 offerre
1347 1465 1464 1493 agnum;
1487 1457 1560 1486 unde
1581 1458 1646 1486 dicit
1667 1459 1738 1487 Beda
1749 1459 1768 1493 ⁷,
1791 1459 1865 1496 quod

1018 1502 1118 1530 obtulit
1144 1513 1157 1527 «
1171 1503 1336 1531 oblationem
1359 1511 1513 1540 pauperum
1530 1515 1555 1538 »;
1578 1505 1733 1534 humillima
1758 1506 1810 1535 fuit
1838 1510 1865 1535 et

1019 1550 1141 1578 subiecta
1163 1550 1238 1583 viro,
1261 1558 1324 1579 cum
1347 1554 1437 1579 tamen
1453 1559 1507 1579 non
1529 1555 1600 1580 esset
1615 1552 1637 1581 ei
1654 1553 1800 1582 coniuncta
1814 1561 1864 1590 per

1019 1597 1198 1625 connubium.
1223 1597 1369 1633 Exemplar
1391 1597 1443 1626 fuit
1464 1598 1548 1627 totius
1569 1599 1716 1634 castitatis,
1745 1608 1864 1637 pauper—

1019 1643 1081 1672 tatis
1102 1647 1129 1671 et
1150 1644 1322 1672 humilitatis.
1345 1644 1430 1681 Igitur
1452 1652 1511 1673 esse
1532 1645 1683 1680 humilem,
1709 1651 1815 1675 castum
1837 1650 1864 1676 et

1018 1697 1168 1726 pauperem
1190 1693 1231 1718 est
1251 1690 1396 1719 aedificare
1417 1699 1520 1719 novum
1542 1692 1675 1728 templum
1690 1692 1821 1727 Domino;
1837 1696 1864 1722 et

1017 1736 1055 1765 sic
1077 1740 1166 1773 potest
1187 1737 1269 1765 homo
1290 1737 1436 1774 pervenire
1457 1738 1490 1766 ad
1512 1738 1627 1774 gloriam
1652 1743 1808 1775 aeternam,
1829 1741 1863 1769 ad

1016 1792 1099 1821 quam
1123 1792 1172 1812 nos
1194 1784 1326 1820 perducat
1346 1787 1396 1813 etc.

1363 1879 1507 1908 COLLArio.

1096 1971 1244 2009 Paryabit
1264 1971 1341 2009 filios
1362 1973 1430 2001 Levi
1450 1975 1500 2001 etc.

1095 2019 1272 2054 (Prothema).
1297 2019 1409 2056 Inspice
1423 2023 1448 2048 et
1461 2019 1513 2056 fae
1526 2021 1686 2049 secandam
1701 2021 1860 2058 exemplar,

1015 2065 1091 2103 quod
1113 2065 1165 2093 tihi
1185 2066 1216 2093 in
1236 2069 1330 2094 monte
1351 2070 1548 2094 monstratum
1569 2071 1610 2095 est
1624 2067 1643 2095 ⁵.

1094 2112 1242 2148 Exemplar
1266 2112 1345 2141 hodie
1366 2113 1444 2141 nobis
1458 2113 1631 2150 propositum
1651 2117 1692 2143 est
1708 2114 1789 2151 Virgo
1803 2115 1861 2152 glo-

1015 2158 1173 2187 riosissima.
1190 2159 1249 2195 Ipsa
1263 2162 1304 2188 est
1318 2168 1411 2193 mons,
1427 2159 1460 2188 (10
1482 2168 1537 2196 quo
1552 2160 1654 2189 dicitur
1674 2161 1702 2189 in
1717 2161 1828 2190 Daniele
1840 2161 1860 2196 ⁹,

1014 2205 1087 2242 quod
1111 2205 1177 2233 vidit
1199 2205 1292 2234 Daniel
1315 2205 1438 2243 lapidem
1462 2206 1625 2235 abscissum
1640 2207 1673 2236 (Ie
1693 2212 1786 2236 monte
1800 2209 1862 2237 sine

1014 2251 1169 2286 mambae,
1191 2252 1217 2280 id
1239 2255 1280 2281 est
1301 2252 1441 2281 Christum
1470 2256 1565 2281 natum
1597 2254 1630 2282 de
1660 2254 1772 2291 Virgine
1802 2255 1861 2284 sine

1014 2298 1085 2326 virili
1119 2298 1323 2327 commixtione.
1356 2299 1388 2327 Et
1418 2300 1578 2328 secundum
1600 2300 1764 2337 exemplar,
1786 2301 1859 2338 quod

1013 2344 1140 2373 videmus
1162 2345 1188 2373 in
1210 2344 1289 2373 beata
1311 2345 1435 2382 Virgine,
1457 2348 1565 2382 oportet
1586 2346 1683 2375 facere.
1707 2347 1766 2384 Ipsa
1786 2348 1859 2376 enim

1013 2395 1055 2420 est
1075 2392 1219 2428 exemplar
1241 2392 1425 2429 regulativum
1452 2392 1625 2422 hierarchiae
1645 2394 1859 2429 ecclesiasticae,

1013 2441 1040 2466 et
1061 2438 1121 2467 ideo
1152 2438 1253 2467 dicitur
1274 2439 1356 2467 Stella
1383 2440 1487 2468 maris.
1510 2440 1638 2469 Dicebam
1667 2440 1763 2475 hodie,
1785 2441 1859 2478 quod

1011 2484 1183 2522 purificatio
1212 2485 1341 2522 Viryiiiis
1361 2486 1496 2523 gloriosae
1527 2487 1662 2524 significat
1690 2488 1859 2524 purificatio-

1013 2539 1075 2560 nem
1097 2532 1296 2561 ecclesiasticae
1318 2533 1490 2562 hierarchiae
1514 2534 1571 2563 sive
1599 2534 1789 2563 ministrorum
1810 2535 1859 2564 Ec-

1014 2578 1126 2613 clesiae,
1158 2582 1185 2607 et
1216 2579 1320 2608 oblatio
1353 2580 1516 2609 Salvatorz's
1550 2581 1659 2610 inchoat
1693 2582 1857 2611 oblationem

175 2724 182 2737 ¹
201 2725 247 2748 Cir.
263 2726 366 2753 August„
385 2726 430 2747 ΧΗ.
449 2726 477 2747 (10
494 2726 556 2747 Trin.
569 2732 589 2748 c.
603 2726 639 2748 113.
658 2733 678 2748 n.
697 2727 739 2753 ‘203
758 2727 816 2749 l'etr.
830 2727 954 2749 Lombard.

113 2764 136 2786 ln
153 2765 167 2786 l.
185 2764 236 2787 Cor.
257 2765 290 2791 ll,
312 2765 352 2786 1-3.
370 2768 392 2786 01
409 2765 506 2792 Bonam,
524 2765 548 2786 ll.
565 2766 625 2787 sent.
642 2765 666 2787 d.
683 2765 720 2787 at.
739 2772 761 2793 p.
779 2766 802 2787 ll.
820 2772 840 2787 a.
857 2767 877 2787 2.
892 2772 915 2794 q.
933 2766 954 2788 2.

114 2803 134 2825 in
151 2809 213 2830 corp.
227 2806 249 2825 et
266 2803 391 2831 praecipue
403 2809 425 2831 q.
438 2803 548 2825 incidens.
559 2815 589 2819 —
601 2805 733 2832 Sequuntur
746 2805 795 2827 lsai.
807 2806 844 2833 22,
858 2806 894 2826 ⁴2.
906 2811 955 2833 seq.

113 2845 134 2864 et
152 2842 190 2864 {oh
207 2843 244 2869 21,
266 2843 298 2864 12.
316 2848 363 2870 seq.
685 2841 694 2854 ‘²
712 2844 795 2865 Psalm.
813 2844 849 2870 83,
867 2844 888 2865 6.
906 2850 954 2872 seq.

175 2880 184 2892 ³
202 2881 261 2902 Libr.
280 2882 311 2903 lll.
329 2887 348 2903 c.
366 2881 398 2907 15,
409 2881 444 2902 Ἰ143.
456 2893 486 2897 -
498 2881 631 2903 Secundum
643 2882 809 2909 Hieronymum
822 2883 851 2904 de
864 2883 954 2904 Noinin.

115 2919 228 2945 [lehi-aie,
247 2920 294 2942 Asa
318 2919 479 2947 interpretatur
497 2920 575 2942 tollens
597 2920 632 2942 vel
655 2920 788 2948 sustollens3
806 2921 876 2944 Asael
897 2927 953 2943 vero

114 2959 197 2980 factura
216 2958 264 2980 Dei.

1074 2727 1082 2739 '¹
1100 2727 1155 2755 Cap.
1174 2728 1210 2754 iS,
1228 2728 1254 2755 9;
1272 2728 1355 2751 deinde
1372 2729 1494 2756 respicitur
1512 2730 1536 2751 ll.
1552 2731 1608 2757 Reg.
1627 2730 1648 2757 4,
1667 2730 1688 2752 5.
1704 2736 1771 2758 seqq.

1075 2766 1083 2778 ⁵
1101 2767 1229 2794 Respicitur
1246 2768 1295 2789 Gal.
1318 2768 1334 2794 l,
1352 2768 1377 2794 ὃς
1394 2768 1457 2790 locus
1474 2768 1572 2795 August.
1589 2775 1635 2791 non
1652 2772 1686 2791 est
1703 2769 1818 2791 iuventus.

1074 2803 1083 2816 ⁵
1100 2804 1161 2827 Libr.
1179 2806 1201 2827 ll.
1220 2811 1239 2827 c.
1260 2806 1299 2832 10,
1318 2806 1338 2827 l.
1356 2806 1377 2828 3.

1074 2842 1082 2855 ⁷
1100 2843 1160 2865 Libr.
1180 2844 1194 2865 l.
1211 2844 1233 2865 in
1251 2844 1306 2866 Luc.
1324 2845 1349 2872 2,
1368 2844 1404 2866 24.
1422 2847 1444 2867 et
1460 2846 1543 2867 Homil.
1561 2846 1590 2867 de
1610 2846 1722 2868 Purificat.
1740 2846 1765 2868 B.
1783 2846 1856 2874 Virgi-

1010 2882 1046 2904 nis
1063 2882 1153 2904 Mariae.

1073 2919 1081 2932 Β
1099 2921 1169 2943 Exod.
1186 2921 1224 2949 25,
1245 2921 1279 2942 40.

1073 2958 1082 2971 ⁹
1099 2959 1155 2986 Cap.
1173 2960 1194 2987 2,
1212 2959 1249 2981 3³2.

1885 535 2002 560 Exemplum.

1882 1187 1935 1210 Item,
1949 1188 2004 1211 perfi-

1898 1211 1986 1230 cientem.

1890 1374 1918 1393 De
1931 1375 1953 1393 B.
1968 1375 1991 1394 V.

1910 1398 1975 1417 Maria.

1878 2124 1985 2144 Prothema.

1876 2453 1979 2477 Repetitio.
