2243 3348
45 127 46 144 l

45 145 46 153 l

42 263 44 285 l

42 289 43 308 l

42 309 43 322 l

38 348 76 391 :eim
87 361 107 388 iu

36 385 118 420 ¹Yet-ninum.

38 430 41 463 l

31 969 72 988 tam,
85 965 103 984 in

36 990 113 1014 raphim.

27 1253 37 1266 e
48 1247 107 1266 tribus

16 1277 23 1315 ίἰ
30 1271 89 1313 ifflglus
99 1270 123 1289 si-

16 1955 20 1967 ι
32 1949 60 1968 his
73 1949 122 1968 Deua

14 1975 27 1991 ‚t
38 1973 119 2015 iflglrabi-

3 2510 26 2529 De
39 2511 120 2535 proprie-

1 2536 28 2553 ate
41 2536 121 2556 caelise-

4 2558 50 2577 unda
59 2560 78 2578 in
91 2565 119 2579 se·

4 2581 51 2601 unda
82 2584 121 2603 hie.

2 2606 70 2625 archia.

747 180 788 208 DE
810 180 943 208 SANCTIS
964 179 1108 207 ANGELlS.
1131 178 1240 207 SERMO
1263 179 1279 206 l.

139 260 282 298 Apostolus
303 259 396 287 dicens
412 260 437 286 ¹:
462 258 608 287 Excelaior
626 258 713 286 caelis
733 262 789 292 est,
815 261 842 286 et
863 257 926 294 quis
947 257 987 285 in-

138 306 302 344 vestigabit?
324 308 374 334 etc.
398 305 482 342 igitur
503 308 617 342 propter
637 305 883 342 magnificationem
899 304 987 333 Thro-

139 362 237 383 norum
259 353 339 381 dicit:
367 351 540 380 Altituclinz's
561 351 790 388 firmamentum.
814 368 849 371 —-
873 352 986 388 Propter

135 399 382 438 pulcritudinem,
412 406 483 435 quae
508 401 550 426 est
576 398 602 426 in
624 397 786 426 elzerrztln'ets
813 397 985 434 spiritibus,

137 447 215 476 dicit:
237 446 343 483 species
364 445 454 478 caeli,·
475 445 645 482 Augustinus
666 445 740 478 dicit,
762 445 835 481 quod
856 457 868 469 «
883 445 985 481 pulcri-

138 493 204 523 tudo
218 496 259 522 est
273 500 422 521 numerosa
442 492 594 529 aequalitas
609 504 635 519 ι).
659 492 709 520 lsta
732 492 891 528 pulcritudo
905 500 986 528 appa-

139 544 179 569 ret
200 539 321 568 maxime
343 539 369 567 in
391 539 525 575 sapientia
545 539 609 571 Dei,
632 546 703 575 quae
725 539 830 567 relucet
846 539 870 566 in
887 539 986 567 cheru-

137 587 204 616 bicis
219 586 371 623 spiritibus.
388 586 458 614 Dicit
473 586 573 622 igitur:
589 586 695 622 species
710 585 792 619 caeli,
807 593 843 614 ex
859 585 985 614 multitu-

136 634 198 663 dine
220 633 399 661 luminarium
421 635 448 661 et
471 632 611 660 radiorum
634 632 867 669 resplendentiinn
884 640 919 660 ex
941 640 984 660 sa—

138 680 237 718 pientia
251 680 309 713 Dei‚
324 687 395 716 qnae
415 680 519 707 relucet
534 679 560 707 in
576 679 635 707 istis
656 679 799 715 spiritibus
817 679 983 707 cherubicis.

137 727 234 756 Stellae
257 727 348 754 lumen
370 730 397 754 et
418 726 596 754 radiationem
625 726 726 754 habent
746 725 779 753 ad
802 725 935 758 invicem,
958 729 984 753 et

136 774 198 811 quis
214 776 305 810 posset
320 773 461 809 explicare
477 773 569 801 lumen
592 773 757 801 stellarum?
772 772 851 800 Certe
873 772 983 805 nullus;

136 821 174 850 sic
188 828 268 849 nemo
286 822 379 856 posset
400 819 540 855 explicare
563 818 767 847 multitudinem
791 818 984 846 luminositatis

135 872 162 897 et
177 867 359 896 radiationum
376 866 570 902 refulgentium
594 874 609 893 a
621 865 757 902 Sapientia
772 865 873 898 divina,
888 865 923 893 ab
938 865 984 893 illo

135 915 181 952 qui
202 918 242 943 est
263 913 376 942 candor
391 913 465 941 lacis
480 917 615 941 aeternae
636 916 659 940 et
680 911 828 948 speculum
844 912 906 940 sine
920 920 984 940 ma-

136 961 234 990 cula?
257 978 294 981 —
316 961 347 988 Et
368 960 440 988 sicut
460 962 501 988 est
523 959 596 987 Deus
610 959 779 987 admirabilis
801 958 826 986 in
849 959 984 992 Thronis‚

135 1008 243 1045 sapiens
258 1008 284 1035 in
307 1006 463 1035 cherubicis
485 1006 642 1042 spiritibus,
664 1006 699 1034 ita
722 1006 803 1034 etiam
820 1009 861 1034 est
876 1007 984 1034 ardens

135 1055 162 1084 in
184 1052 452 1090 sei-aplu'cis:11nde
474 1052 500 1080 in
524 1052 632 1080 Exodo:
652 1053 724 1080 Erat
744 1052 851 1089 species
871 1052 985 1089 plorate

136 1101 254 1130 Domini
274 1100 362 1138 quasi
382 1099 459 1137 iynis
481 1099 589 1127 ardens
607 1107 696 1135 super
713 1099 845 1127 uerticem
866 1099 983 1133 montis,

135 1147 269 1185 seraphici
293 1147 422 1184 spiritus,
446 1146 590 1180 verticem,
607 1146 632 1174 id
648 1149 689 1174 est
710 1146 861 1182 gloriosum
884 1146 982 1174 Deum.

217 1195 254 1223 De
269 1194 326 1222 istis
348 1193 438 1221 tribus
458 1192 603 1221 ordinibus
624 1192 725 1220 dicitur
746 1192 829 1220 simul
852 1192 878 1220 in
902 1192 984 1220 lsaiae

135 1241 254 1279 capitulo
275 1240 390 1270 sextoss:
410 1239 475 1269 Vio‘i
491 1240 647 1268 Dominum
667 1239 807 1267 seclcnlem
829 1247 918 1276 super
939 1247 984 1266 so-

136 1289 209 1317 lium
229 1288 370 1316 eaccelsum
400 1291 423 1315 et
452 1286 610 1319 eleoutum,·
636 1290 663 1314 et
690 1286 771 1322 plena
799 1289 858 1314 erat
885 1286 984 1314 domus

136 1336 275 1364 maiestate
291 1335 358 1363 eius.
378 1335 445 1362 Volo
461 1333 610 1370 reprobare
635 1333 778 1361 stultitiam
803 1333 983 1367 Iudaeorum,

136 1383 182 1420 qui
204 1382 347 1415 dixerunt,
369 1381 443 1418 quod
466 1381 538 1409 Deus
560 1388 594 1409 ex
610 1380 729 1408 naturali
752 1380 920 1416 proprietate
936 1381 984 1408 ha-

136 1430 213 1458 beret
233 1436 344 1465 corpus,
367 1428 519 1457 secundum
541 1427 615 1464 quod
636 1427 715 1455 dicit:
747 1427 811 1455 Virli
825 1427 983 1455 Dominum

134 1477 282 1505 sedentem.
305 1476 362 1504 Non
385 1479 426 1504 est
447 1475 498 1503 iste
526 1474 652 1502 influxus
681 1474 784 1510 requiei
808 1475 843 1509 (ἲ)
873 1474 922 1502 nisi
950 1474 982 1502 ad

134 1522 313 1551 discernenda
335 1522 435 1550 iudicia
457 1521 482 1549 in
505 1521 623 1549 Thronis
645 1521 765 1549 elevatis.
790 1522 822 1548 Et
847 1529 881 1548 ea
909 1529 984 1559 (luae

133 1568 187 1597 sub
210 1569 272 1605 ipso
293 1572 378 1596 era-nt
400 1568 545 1605 replebant
573 1567 729 1604 templum,
757 1568 781 1595 id
804 1571 845 1596 est
875 1567 982 1596 Clieru-

134 1615 243 1649 rubim,
266 1616 312 1652 qui
336 1615 537 1651 interpretatur
560 1614 701 1651 plenitudo
730 1614 867 1642 scientiae.
897 1614 983 1643 Sera-

130 1662 213 1700 phim
235 1670 347 1700 quoque
368 1662 485 1690 stabant
506 1670 595 1698 super
617 1662 700 1694 illud,
721 1670 772 1689 sex
794 1661 859 1689 alac
879 1662 934 1689 uni
958 1666 982 1690 et

133 1719 182 1738 sex
204 1710 269 1738 alae
290 1710 383 1738 alteri.
407 1710 461 1737 Hoc
482 1709 547 1737 dicit
568 1712 703 1746 quantum
725 1709 758 1737 ad
781 1709 893 1737 tertium
909 1709 982 1737 ordi—

133 1765 210 1791 nem,
232 1757 335 1786 scilicet
363 1756 524 1792 Seraphim,
548 1756 573 1784 in
603 1756 706 1793 quibus
725 1756 811 1792 magis
832 1756 981 1792 praecipue

133 1804 211 1832 istam
235 1804 352 1840 primam
374 1803 494 1839 explicat
515 1802 716 1836 hierarchiam,
745 1803 811 1839 quia
832 1803 881 1839 ipsi
906 1803 981 1839 prin-

133 1851 254 1887 cipatum
278 1853 379 1879 tenent.
403 1850 487 1886 lgitur
510 1858 558 1886 per
580 1850 701 1886 primum
723 1849 805 1878 datur
828 1850 980 1886 intelligere

133 1897 252 1934 primum
275 1897 409 1930 ordinem,
432 1897 458 1924 in
481 1905 536 1933 quo
558 1897 631 1925 Dens
647 1900 688 1924 est
708 1896 893 1929 admirabilis,
915 1904 978 1924 cuin

133 1944 213 1973 dicit:
243 1944 307 1972 Vidi
329 1944 483 1972 Dominum
510 1943 653 1971 sedentem
674 1946 724 1971 etc.
754 1943 805 1971 Sed
834 1951 887 1971 non
918 1951 980 1979 pos—

133 1999 230 2020 sumus
244 1990 479 2027 comprehendere
493 1990 597 2023 sedem,
611 1990 748 2027 quomodo
763 1990 980 2026 comprehende—

134 2046 196 2066 mus
213 2038 303 2066 Deum
324 2037 485 2066 sedentem?
502 2054 538 2058 —
556 2038 588 2065 Et
609 2046 643 2065 ea
658 2045 732 2074 quac
745 2037 799 2064 sul)
815 2037 877 2073 ipso
895 2041 981 2065 erant

134 2084 279 2122 replebant
300 2085 447 2121 temptum,
470 2084 495 2112 id
517 2088 558 2112 est
578 2084 702 2112 ordinem
725 2084 907 2112 cherubicum
925 2084 980 2121 ple-

133 2132 257 2161 nitudine
270 2132 440 2169 sapientiae.
456 2131 507 2159 Sed
528 2139 582 2159 non
606 2139 757 2168 possumus
780 2131 922 2167 percipere
938 2139 981 2159 ra-

132 2179 208 2207 dium
231 2179 389 2215 sapientiae,
412 2178 550 2215 quomodo
571 2178 757 2214 percipiemus
771 2178 857 2214 ipsam
874 2178 981 2214 sapien-

134 2226 219 2254 tiam?
239 2242 275 2246 -—
295 2226 326 2253 Et
347 2226 367 2254 si
385 2233 437 2253 non
461 2232 610 2261 possumus
625 2224 762 2253 sustinere
777 2224 916 2252 ardorem
938 2233 981 2252 ra-

132 2272 251 2301 diantem
270 2272 296 2300 in
316 2272 467 2308 seraphicis
482 2271 640 2308 spiritibus,
656 2271 796 2307 quomodo
811 2271 982 2299 sustinemus

132 2319 221 2356 Ipsum
234 2319 360 2347 ardorem
372 2322 382 2346 ’ἰ
396 2319 425 2346 Et
438 2319 511 2347 Deus
521 2318 604 2346 ardor
616 2322 665 2347 est.
685 2319 712 2346 ln
725 2318 844 2346 Thronis
855 2321 896 2347 est
908 2318 981 2347 Deus

132 2365 314 2399 admirabilis;
328 2366 401 2394 uncle
412 2366 544 2394 scribitur
555 2366 582 2393 4:
598 2365 801 2401 Glorillcantes
819 2365 919 2398 Deum,
935 2373 981 2393 su-

134 2420 182 2449 per
196 2420 278 2450 quem
291 2413 425 2449 (ordinem
436 2414 458 2445 2)
475 2416 563 2449 potest
579 2412 690 2448 intelligi
707 2412 877 2440 admirabilis
897 2412 979 2440 Deus.

212 2460 336 2488 Secunda
352 2459 505 2496 proprietas
527 2459 593 2487 caeli
616 2463 666 2493 est,
688 2459 763 2496 qnod
784 2462 825 2487 est.
839 2459 982 2495 polentiae

133 2507 286 2535 vivacitate
300 2507 481 2539 nz'rtuosum,·
494 2509 521 2535 et
532 2507 583 2534 ista
595 2506 749 2542 proprietas
761 2506 873 2542 respicit
888 2514 982 2534 secun-

134 2553 195 2581 dam
218 2553 401 2582 hierarchiam
421 2553 580 2590 angelicam.
606 2553 763 2581 Columnae
784 2553 856 2581 caeli
875 2557 982 2590 pauent

134 2603 158 2627 ct
170 2601 393 2628 contremiseunt
407 2600 447 2628 ad
461 2603 565 2628 initum
580 2600 651 2628 eius.
665 2601 696 2628 ln
713 2599 887 2636 fortitudine
902 2600 982 2628 illius

199 2744 206 2757 ¹
226 2744 294 2766 Hebr.
312 2744 334 2771 7,
353 2745 388 2766 26.
406 2757 435 2761 —
454 2745 561 2773 Sequitur
579 2746 683 2773 August„
703 2747 737 2768 Vl.
756 2747 784 2768 ‹le
802 2747 885 2769 Musica
904 2753 924 2769 c.
945 2747 982 2769 13.

136 2789 159 2805 n.
177 2783 214 2804 38.

199 2821 207 2834 ²
226 2823 279 2849 Sap.
297 2822 319 2849 7,
337 2823 379 2847 26:
397 2823 501 2851 sequitur
519 2822 587 2844 Exod.
606 2823 643 2849 24,
664 2823 696 2845 17.

197 2859 205 2872 ⁸
225 2861 289 2882 Vei-s.
311 2862 328 2883 Ι.
346 2867 407 2890 seq,
424 2861 476 2884 dein
494 2861 615 2888 respicitur
633 2863 655 2884 ll⁴
674 2862 723 2884 Par.
740 2863 762 2888 7,
784 2864 806 2885 l:
824 2864 853 2886 Et
871 2863 981 2886 maiestas

134 2899 231 2922 Domini
247 2899 350 2929 implevit
367 2899 471 2922 domum.

198 2938 207 2950 ⁴
224 2939 353 2966 Respiciun·
372 2939 437 2961 Eccli.
456 2939 496 2965 43,
516 2940 557 2961 32:
577 2939 741 2970 Glorificantcs
759 2940 896 2969 Dominum,
909 2947 982 2970 quan-

134 2979 286 3007 tumcumque
300 2977 436 3007 potueritis,
459 2977 617 3007 supervalebit
633 2978 695 3001 enim
713 2978 798 3001 adhuc.

1834 180 1886 207 611

1045 261 1157 293 repente
1178 257 1280 285 maria
1302 261 1478 295 congregata
1499 261 1581 291 sunt,
1604 261 1629 285 et
1646 257 1807 294 prudentia
1828 257 1891 285 eius

1040 305 1186 340 percussu
1207 304 1366 341 superbum
1381 304 1401 331 ⁵.
1427 305 1459 332 Et
1480 304 1589 341 spiritu
1618 304 1680 332 oris
1704 304 1768 331 eius
1796 304 1890 332 omnis

1045 350 1139 378 uirtus
1160 358 1269 378 eorum.
1285 350 1382 387 Tangit
1400 350 1444 378 hic
1466 354 1522 379 tres
1536 350 1647 379 ordines
1665 350 1801 379 secundae
1817 350 1890 378 hier-

1042 397 1168 425 archiae:
1190 405 1240 433 per
1271 397 1423 425 columnas
1454 397 1527 425 caeli
1547 397 1633 434 tangit
1657 397 1890 430 Dominationes,·

1042 452 1092 480 per
1114 445 1165 473 hoc
1187 444 1260 481 qnod
1282 444 1362 472 dicit:
1384 444 1414 472 in
1429 443 1603 481 fortitudine
1623 444 1703 472 illius
1724 448 1785 478 etc„
1804 444 1890 480 tangit

1049 492 1189 523 Virtutes,-
1213 499 1260 527 per
1272 491 1487 527 percussionem
1511 491 1630 527 superbi·
1652 491 1738 527 tangit
1760 491 1888 519 Potesta-

1042 543 1090 567 tes.
1113 555 1150 559 —-
1173 539 1270 572 Primo,
1292 538 1362 571 dico,
1385 546 1446 566 cum
1469 538 1534 566 dicit
1556 538 1707 566 columnae
1733 537 1806 566 caeli
1826 541 1887 571 ete,

1041 586 1128 623 tangit
1149 586 1272 613 ordinem
1298 585 1544 613 Domiuationum.
1568 585 1687 613 Habetne
1708 584 1813 613 caelum
1843 592 1888 612 co-

1042 633 1171 661 lumnas?
1195 632 1274 665 Dico,
1303 631 1376 668 quod
1407 631 1478 660 istud
1502 631 1664 667 intelligitur
1686 631 1757 659 sicut
1778 631 1845 659 illud
1860 631 1887 659 ⁶:

1044 680 1128 713 Deus,
1151 679 1237 707 cuius
1258 679 1323 707 irae
1343 687 1425 706 nemo
1447 678 1580 706 resistere
1599 681 1697 714 potest,
1720 683 1743 705 et
1764 678 1817 706 sub
1833 686 1888 716 quo

1041 730 1209 754 curuantur
1230 726 1282 763 qui
1300 729 1421 761 portant
1443 724 1548 753 orbem.
1573 725 1609 752 llli
1635 728 1754 761 portant
1775 724 1888 758 orbem,

1041 772 1087 809 qui
1102 772 1273 800 universitati
1287 779 1369 799 curas
1381 771 1510 807 regitivas
1524 770 1731 804 administrant;
1749 771 1798 799 hoc
1815 771 1889 807 prin-

1041 818 1165 854 cipaliter
1187 821 1228 846 est
1251 817 1276 845 in
1299 817 1552 850 Domitiationibns,
1575 817 1633 853 (qui
1657 817 1769 852 habent)
1796 820 1889 846 aucto-

1041 865 1149 892 ritatem
1176 864 1362 901 gubernandi,
1391 867 1418 892 et
1439 864 1485 900 qui
1506 864 1591 900 magis
1618 863 1775 892 dominatur
1804 864 1890 900 magis

1041 912 1169 940 subditus
1190 914 1246 945 est;
1269 911 1342 939 unde
1357 911 1437 939 dicit:
1462 910 1619 939 Columnae
1633 910 1706 938 caeli
1724 915 1838 947 pavent.
1852 928 1889 931 —

1041 959 1187 995 Sequitur:
1212 958 1245 985 lu
1266 956 1440 994 fortitudine
1455 957 1517 985 etus
1533 961 1644 994 repente
1659 957 1760 985 maria
1775 966 1889 994 conpre-

1039 1008 1112 1042 ραῐα
1133 1009 1210 1033 sunt.
1235 1005 1278 1032 Hic
1309 1004 1394 1041 tangit
1422 1004 1546 1033 ordinem
1576 1004 1739 1036 Virtutum,
1769 1012 1888 1040 quarum

1041 1056 1082 1081 est
1103 1052 1231 1089 prosequi
1254 1054 1281 1080 et
1303 1051 1445 1088 perticere,
1461 1051 1532 1079 sicut
1544 1051 1765 1079 Dominationum
1788 1055 1829 1080 est
1844 1052 1891 1079 im-

1041 1108 1139 1136 perare
1160 1103 1187 1127 et
1215 1099 1383 1135 praecipere.
1406 1098 1501 1127 Virtus
1532 1099 1558 1126 in
1581 1099 1622 1127 sui
1652 1098 1821 1135 dispersione
1840 1099 1890 1127 mi-

1041 1146 1148 1179 nuitur,
1164 1146 1190 1173 in
1206 1146 1248 1174 sui
1265 1145 1476 1182 congregatione
1497 1149 1616 1182 augetur
1638 1148 1663 1173 et
1686 1145 1851 1174 fortiticalur
1863 1146 1889 1179 ⁷,

1042 1193 1101 1221 ideo
1122 1193 1202 1221 dicit:
1225 1192 1326 1220 maria
1348 1196 1525 1229 congregata
1547 1196 1624 1220 sunt.
1647 1192 1722 1220 Unde
1743 1192 1824 1220 etiam
1841 1200 1889 1221 nos

1041 1240 1067 1268 in
1092 1240 1195 1268 virtute
1227 1240 1349 1276 ipsarum
1381 1239 1515 1267 debemus
1543 1247 1712 1275 congregare
1742 1239 1775 1266 ad
1802 1247 1888 1267 unum

1042 1287 1219 1324 principium,
1242 1289 1272 1314 ut
1294 1294 1343 1322 per
1366 1286 1437 1314 istud
1453 1294 1540 1314 unum
1558 1285 1694 1322 possimus
1709 1293 1767 1314 esse
1782 1286 1888 1319 omnia;

1041 1334 1114 1362 unde
1136 1334 1294 1370 Apostolus:
1320 1333 1426 1361 Omnia
1445 1341 1564 1369 possum
1588 1333 1618 1361 in
1640 1341 1670 1360 eo
1689 1333 1739 1370 qui
1759 1341 1803 1360 me
1825 1341 1889 1360 con-

1040 1380 1140 1418 fortat.
1163 1398 1201 1401 -—
1223 1380 1317 1409 Postea
1342 1380 1431 1408 addit:
1460 1380 1622 1416 prudentia
1653 1380 1716 1408 eius
1744 1380 1889 1416 percussit

1040 1428 1208 1465 superbum.
1232 1428 1278 1455 Hic
1294 1427 1379 1463 tangit
1400 1427 1525 1455 ordinem
1550 1427 1739 1460 Potestatum,
1768 1435 1887 1463 quarum

1040 1478 1081 1504 est
1109 1475 1263 1503 contrarias
1285 1477 1432 1510 potestates
1454 1481 1598 1506 coercere;
1620 1473 1700 1507 dicit,
1726 1473 1799 1510 quod
1824 1482 1889 1510 pcr—

1040 1522 1131 1550 cussit
1151 1521 1310 1558 superbum
1337 1521 1514 1557 prudentia,
1544 1529 1597 1548 non
1626 1520 1802 1554 fortitudine,
1825 1520 1889 1557 quia

1040 1569 1130 1605 Angeli
1154 1577 1206 1596 non
1229 1571 1380 1604 operantur
1398 1571 1545 1604 potestate,
1568 1567 1633 1604 quia
1654 1570 1719 1595 tnnc
1741 1576 1890 1604 operaren-

1040 1619 1086 1644 tur
1102 1624 1151 1652 per
1168 1615 1332 1648 violentiam,
1349 1615 1394 1643 sed
1417 1618 1569 1651 operantur
1589 1622 1638 1650 per
1660 1614 1802 1647 iustitiam,
1818 1622 1888 1651 quae

1040 1663 1183 1699 regulatur
1207 1662 1367 1698 prudentia3
1391 1661 1514 1689 Psalmus
1529 1662 1555 1689 S:
1585 1662 1674 1698 Virya
1702 1661 1887 1694 directionis,

1038 1710 1126 1746 ciryci
1147 1709 1231 1746 regn-i
1252 1709 1303 1736 tui.
1320 1708 1390 1744 Quia
1410 1712 1501 1736 autem
1522 1709 1572 1736 ista
1595 1708 1750 1736 hierarchia
1772 1712 1813 1736 est
1834 1711 1887 1736 sta-

1040 1757 1110 1789 bilis,
1134 1756 1255 1784 virtuosa
1271 1759 1297 1784 et
1319 1759 1424 1791 potens,
1441 1755 1500 1783 ideo
1523 1755 1605 1783 habet
1620 1755 1673 1783 tria
1688 1755 1806 1789 nomina,
1823 1755 1885 1792 quia

1038 1803 1121 1831 habet
1142 1803 1306 1839 imperare,
1329 1802 1446 1839 exsequi
1466 1805 1493 1830 et
1515 1801 1708 1838 triumphare.

1117 1850 1167 1878 Sed
1200 1850 1326 1886 quaeris,
1358 1849 1430 1877 unde
1446 1855 1447 1858 ’
1463 1849 1513 1877 ista
1540 1849 1681 1885 dispositio
1703 1849 1886 1886 intelligitur?

1037 1897 1129 1930 Certe,
1146 1896 1316 1925 scribitnr⁹z
1340 1896 1426 1924 Verbo
1444 1896 1560 1924 Domini
1581 1896 1654 1924 caeli
1673 1896 1788 1932 firinati
1807 1900 1885 1930 sunt,

1036 1948 1061 1972 ct
1083 1944 1195 1981 Spiritu
1223 1943 1284 1971 oris
1312 1944 1374 1971 eius
1402 1944 1496 1971 omnis
1526 1944 1620 1971 uirtus
1647 1952 1755 1972 eorum.
1780 1943 1826 1972 Hic
1847 1946 1888 1972 est

1037 1991 1165 2028 Spiritus,
1187 1988 1386 2027 quiinterficit
1408 1991 1539 2027 impium,
1562 1991 1608 2027 qui
1632 1991 1657 2019 iu
1679 1991 1764 2019 beatis
1785 1991 1887 2027 spiriti-

1038 2038 1090 2066 bus
1112 2037 1248 2065 interfecit
1270 2037 1432 2074 superbum,
1455 2037 1501 2074 qui
1524 2037 1604 2066 dicit:
1622 2037 1784 2065 Ascenctum
1799 2046 1887 2074 super

1038 2084 1221 2113 altitudinem
1244 2084 1384 2117 nubium,
1408 2092 1506 2120 ponam
1529 2085 1620 2113 sedem
1644 2092 1730 2113 meam
1757 2084 1782 2112 in
1806 2084 1887 2121 Aqui-

1039 2132 1099 2160 lone
1114 2134 1141 2160 et
1155 2140 1203 2159 cro
1225 2131 1331 2159 similis
1354 2131 1521 2164 Alticsiino;
1540 2135 1567 2160 et
1588 2132 1719 2160 scribitur
1736 2132 1772 2159 l⁰:
1800 2132 1887 2159 Proe-

1039 2179 1129 2207 liatus=
1160 2182 1200 2206 est
1232 2177 1352 2206 Micliacl
1381 2179 1568 2215 archangelus
1596 2187 1662 2207 cum
1691 2179 1834 2211 dracone,
1864 2184 1886 2207 et

1038 2226 1129 2254 draco
1155 2226 1301 2263 pugnauit
1329 2230 1353 2253 et
1375 2225 1472 2262 anycli
1499 2226 1578 2259 eius,
1600 2229 1627 2255 et
1653 2229 1718 2255 sunt
1749 2227 1825 2255 eiecti
1855 2226 1887 2255 de

1040 2273 1178 2310 paradiso,
1200 2277 1225 2301 et
1246 2282 1304 2301 non
1326 2276 1366 2301 est
1388 2273 1520 2301 inuentus
1543 2273 1621 2301 locus
1636 2282 1736 2301 eorum
1759 2273 1888 2310 amplius

1039 2321 1070 2348 in
1085 2320 1170 2348 caelo.
1186 2337 1223 2340 —
1240 2320 1327 2356 Quam
1345 2319 1443 2348 nobilis
1458 2322 1498 2347 est
1515 2319 1565 2347 ista
1582 2319 1747 2352 hierarchia,
1762 2323 1789 2347 et
1804 2327 1885 2356 quam

1039 2374 1137 2403 magna
1160 2366 1262 2394 utilitas
1287 2369 1327 2394 est
1355 2365 1434 2394 nobis
1454 2374 1490 2394 ex
1519 2367 1564 2394 ea!
1594 2366 1709 2401 Quando
1738 2366 1885 2394 latrunculi

1039 2413 1166 2441 volebant
1187 2412 1344 2440 interficere
1366 2412 1501 2445 Eliseum,
1524 2412 1590 2440 vidit
1612 2420 1681 2448 puer
1696 2420 1764 2440 snus
1786 2412 1845 2440 illos
1860 2416 1886 2441 et

1038 2459 1166 2487 clamavit
1186 2459 1218 2487 ad
1243 2462 1358 2495 patrem,
1380 2462 1407 2487 et
1422 2458 1493 2486 dixit
1508 2461 1600 2495 pater:
1618 2458 1723 2486 Plures
1736 2458 1886 2487 nobiseum

1037 2511 1108 2534 sunt
1128 2514 1217 2543 qutim
1240 2515 1307 2534 cum
1337 2506 1402 2534 ittz's.
1425 2507 1502 2534 Tunc
1529 2506 1633 2534 Eliseus
1661 2506 1767 2543 rogavit
1796 2506 1886 2534 Domi-

1039 2561 1115 2586 num,
1131 2552 1204 2589 quod
1220 2552 1341 2588 aperiret
1355 2553 1450 2581 oculos
1465 2552 1554 2589 pueri,
1569 2556 1594 2580 et
1613 2552 1730 2589 aperuit
1747 2552 1887 2580 Dominus

1039 2600 1136 2628 ocutos
1157 2600 1252 2636 pueri,
1275 2603 1301 2628 ct
1321 2600 1393 2628 vuidit
1416 2604 1536 2628 montem
1559 2600 1675 2636 plenum
1698 2608 1839 2637 equorum
1862 2603 1888 2627 et

1103 2745 1111 2758 ⁵
1130 2746 1167 2768 lob
1186 2747 1222 2773 215,
1244 2747 1278 2767 11.
1296 2752 1355 2774 seq.;
1374 2746 1479 2774 sequitur
1496 2746 1532 2767 Ps.
1552 2746 1589 2771 32,
1608 2747 1628 2767 6.
1725 2744 1734 2757 ⁶
1753 2745 1790 2767 ioh
1810 2745 1831 2772 9,
1854 2745 1886 2766 13.

1102 2784 1109 2796 ⁷
1128 2785 1172 2807 Csr.
1191 2785 1229 2807 lib.
1247 2785 1276 2807 de
1294 2785 1381 2812 Causis,
1400 2791 1492 2812 propos.
1508 2785 1547 2806 17:
1567 2793 1576 2803 τι
1590 2785 1675 2811 Yirtus,
1692 2787 1778 2812 (fluento
1796 2788 1829 2806 est
1842 2790 1887 2806 ma-

1039 2824 1074 2851 gis
1092 2824 1161 2851 unita,
1179 2827 1240 2846 tanto
1259 2824 1309 2851 plus
1326 2828 1360 2845 est
1378 2824 1462 2845 infinita
1476 2832 1497 2845 ν).
1514 2836 1544 2839 ψ-
1564 2824 1671 2851 Sequitur
1690 2824 1744 2844 Phil.
1767 2823 1783 2850 i,
1806 2824 1839 2845 13.

1102 2861 1110 2873 Β
1130 2864 1209 2885 Psnlni.
1228 2863 1264 2889 41,
1283 2864 1302 2884 6.

1101 2900 1110 2913 ‘³
1129 2902 1209 2923 esaim.
1229 2902 1266 2928 32,
1283 2902 1305 2923 6.
1323 2904 1344 2923 et
1362 2901 1414 2923 dein
1434 2901 1482 2923 lsai.
1505 2901 1537 2928 ¹4,
1561 2901 1592 2923 lt.
1615 2902 1647 2923 13.

1102 2939 1121 2952 ¹⁰
1138 2941 1209 2967 Apoc.
1231 2940 1264 2966 l‘Z,
1283 2940 1303 2961 7.
1317 2945 1378 2967 seq.;
1390 2943 1519 2968 seqluintur
1533 2940 1568 2961 lV.
1584 2941 1639 2967 fleg.
1652 2941 1673 2967 6,
1691 2941 1723 2962 16.
1736 2946 1800 2968 ερας,
1813 2942 1835 2962 et
1853 2940 1886 2962 ps.

1043 2979 1092 3005 124,
1111 2980 1131 3001 ⁴2.

1915 546 2011 568 Quomodo

1906 568 1951 587 haee
1964 569 1987 587 sit
2002 569 2019 587 in

1907 592 2019 611 nominatio*

1929 616 1990 634 nibus.

1904 968 1955 989 hem,
1965 967 1984 985 in
1995 967 2036 986 Vir-

1927 991 2004 1009 tutibus.

1904 1389 1955 1411 item,
1970 1390 1988 1407 in
2003 1390 2035 1408 [⁸0-

1915 1414 2021 1431 testatibus.

1904 1859 1992 1882 Quaestio
2006 1858 2032 1876 in*

1909 1882 1974 1901 cidens
1986 1882 2021 1900 sol-

1939 1906 1994 1924 vitur.

1900 2329 1926 2347 De
1936 2329 2034 2347 nobilitate

1899 2352 1953 2371 huius
1964 2353 2035 2371 hierar-

1922 2376 1974 2394 chiae
1989 2378 2007 2394 et

1904 2401 1966 2418 nostra
1980 2400 2028 2417 utili-

1942 2425 1985 2441 talc.
