2243 3348
248 254 307 273 Deum
320 254 358 272 lau-

271 277 339 296 dando.

259 855 364 873 prothema.

302 2344 372 2362 Sermo.

295 2390 371 2409 Divisio.

384 170 439 198 622

381 247 480 280 Tertii),
502 246 528 273 in
550 244 668 273 divinam
691 243 842 271 bonitatem
863 248 974 276 semper
990 237 1156 269 laudando,
1178 236 1217 263 uti

380 293 445 322 dicit
467 293 577 320 loannes
598 291 781 318 Damascenus
796 289 815 320 ¹,
838 286 911 323 quod
938 296 950 311 «
965 284 1084 313 officinm
1108 282 1219 318 Angelo-

382 346 443 367 rum
465 341 505 366 est
527 338 612 365 Deum
634 342 742 371 semper
765 333 873 369 hymnis
894 331 1006 360 laudare
1022 340 1051 363 »ς
1074 329 1119 357 101)
1142 328 1220 363 trige-

383 386 451 413 simo
473 387 583 412 octavo:
617 382 669 410 Ubi
689 389 770 413 eras,
792 387 858 408 caui
886 386 930 406 me
952 376 1108 405 [mutarent
1133 373 1221 402 simut

383 436 465 459 astra
486 429 633 458 <malatina
647 432 673 456 et
693 426 849 455 iabilarent
864 433 960 453 onmes
978 423 1033 458 filii
1049 422 1099 450 Dei
1106 421 1119 449 ἴ)
1144 421 1218 448 Laii-

383 478 448 505 dale
471 476 642 507 Dominum,
664 482 760 502 omnes
781 471 885 509 Aizgyelz'
904 471 984 503 eius,·
1006 469 1124 497 laudale
1144 475 1220 500 eam,

383 532 478 552 onmes
506 522 627 550 Virtutes
648 521 718 548 eius.
742 520 876 555 Rogemus
899 516 1043 545 Dominum
1065 518 1116 543 otc.

719 613 809 640 Sentio
831 611 851 639 V
865 611 883 637 ².

461 708 578 745 Augyelis
598 706 662 734 sais
682 706 757 734 Deus
780 703 932 732 mandavit
952 703 986 730 (le
1007 705 1048 735 le,
1080 704 1110 728 at
1130 703 1223 728 custo*

382 756 464 784 (lianc
486 758 510 783 te
530 754 560 782 in
582 752 715 782 omnibus
735 751 791 779 viis
812 750 871 778 aas
886 750 905 777 ³.

460 801 635 837 (Prothema),
658 798 749 827 Labici
770 796 930 825 sacerdotis
951 793 1110 823 custodient
1133 792 1224 821 scicn-

383 848 469 881 tiam,
498 851 523 875 et
546 847 643 883 Leyenz
664 844 811 882 requi'mnc
840 851 873 870 ea:
902 850 950 869 ore
971 841 1050 873 eiam
1078 839 1149 877 qaia
1171 847 1224 866 aiz-

381 894 461 931 90103
484 892 600 921 Domini
620 891 799 919 exercituum
821 892 877 922 est,
899 887 1046 916 Malachiae
1067 886 1195 915 secundo.

461 939 621 968 ostenditur
636 938 713 965 nohis
728 937 753 964 in
771 937 820 964 hoc
836 935 956 964 secundo
971 934 1056 962 verbo
1068 933 1223 967 Malachiae,

383 987 455 1024 quod
478 987 547 1014 inter
569 985 620 1013 alia
641 984 744 1017 officia,
766 990 837 1019 quae
858 981 991 1009 Dominus
1012 980 1147 1008 commisit
1176 980 1224 1007 ho-

383 1034 464 1066 mini,
481 1034 531 1061 hoc
553 1035 593 1060 est
607 1039 695 1059 unum
711 1029 861 1066 principale
882 1031 909 1057 et
923 1028 1135 1061 nobilissimum,
1151 1027 1223 1064 quod

384 1080 465 1108 homo
486 1079 615 1115 loquatur
637 1080 663 1106 et
685 1076 804 1113 explicet
831 1075 938 1103 divinae
968 1074 1033 1110 legis
1062 1074 1223 1109 mysterium

383 1129 410 1154 et
430 1127 575 1154 secretum.
598 1124 651 1151 Hoc
666 1123 737 1151 enim
760 1122 851 1158 potius
865 1124 906 1149 est
927 1120 1048 1149 officium
1070 1120 1223 1156 angelicum

383 1180 465 1208 (10001
495 1171 656 1199 humanum.
682 1169 773 1205 Δ100011
802 1168 890 1201 enim,
919 1167 965 1204 qui
996 1174 1104 1203 semper
1133 1166 1225 1195 vident

384 1219 487 1250 Deum,
503 1216 601 1245 conscii
617 1219 682 1244 sunt
696 1219 867 1243 secretorum
882 1214 1048 1242 divinorum.
1066 1213 1136 1241 Dicit
1150 1220 1225 1249 ergo,

384 1264 455 1301 quod
477 1272 513 1292 ex
534 1271 581 1291 ore
609 1263 668 1291 eius
689 1262 769 1290 dehet
790 1261 909 1298 populus
929 1260 1026 1289 audire
1047 1260 1147 1296 legem,
1176 1266 1225 1295 per

384 1319 466 1348 quam
482 1310 561 1339 dehet
577 1317 636 1338 esse
650 1309 775 1337 conscius
787 1311 957 1336 secretorum
972 1307 1139 1341 divinorum,
1155 1307 1227 1335 sicut

385 1358 501 1394 Angelus
515 1357 595 1385 dehet
609 1364 668 1384 esse
682 1355 823 1383 deil'ormis
844 1362 893 1391 per
908 1354 1127 1383 conformitatem
1147 1361 1225 1382 suam

384 1404 417 1432 ad
439 1404 534 1432 Deum.
558 1404 617 1431 ldeo
638 1406 729 1431 autem
752 1402 842 1438 Angeli
872 1404 937 1430 sunt
963 1401 1052 1429 nuntii
1075 1401 1139 1435 Dei,
1161 1400 1227 1437 quia

386 1453 458 1478 tanta
473 1449 635 1478 certitudine
650 1451 817 1485 cognoscunt
833 1448 974 1476 veritatem
987 1447 1116 1481 divinam,
1132 1450 1163 1475 ut
1177 1454 1227 1475 nec

385 1497 439 1525 falli
461 1496 565 1534 possint
586 1504 634 1524 nec
656 1495 765 1529 fallere3
782 1495 819 1523 ita
833 1495 956 1523 virtuose
977 1497 1172 1531 exsequuntur
1188 1494 1228 1522 vi-

387 1544 488 1572 sionem
510 1543 645 1576 divinam,
668 1544 698 1570 ut
714 1541 876 1578 reprehendi
893 1549 946 1569 non
969 1541 1081 1577 possint.
1097 1541 1135 1569 De
1150 1540 1228 1568 nobis

385 1594 477 1618 autem
500 1598 551 1617 non
574 1592 614 1617 est
629 1589 682 1619 sic:
704 1596 766 1616 nam
783 1596 880 1616 sumus
895 1588 988 1616 multis
1010 1587 1172 1624 caliginibus
1188 1587 1228 1614 iu-

386 1637 486 1670 roluti3
520 1636 579 1665 ideo
610 1635 750 1664 multoties
770 1635 892 1663 fallimur
924 1638 950 1663 et
971 1634 1133 1671 decipimur.
1164 1633 1228 1662 Non

385 1684 455 1713 enim
477 1683 648 1721 sufficientes
669 1691 773 1710 sanitas
793 1682 884 1710 dicere
905 1682 1019 1719 aliquid
1048 1681 1109 1710 honi
1125 1681 1152 1715 4;
1182 1689 1228 1709 50-

385 1739 446 1759 mus
467 1731 547 1759 ctiam
570 1730 737 1766 negligentes
758 1729 785 1757 in
807 1728 985 1765 exsequendo
1010 1728 1166 1757 missionem
1188 1728 1228 1756 di-

387 1778 493 1811 vinam,
515 1777 587 1814 quia,
610 1777 692 1805 Isaiae
707 1776 878 1813 sexagesimo
899 1778 1009 1812 quarto,
1028 1783 1125 1803 omnes
1146 1775 1229 1803 iusti-

387 1824 443 1852 liae
464 1828 579 1851 nostrae
593 1823 680 1861 quasi
697 1831 818 1860 patmus
840 1826 1039 1851 menstruatae
1058 1822 1229 1858 reputabun—

388 1874 441 1898 tur.
464 1870 521 1907 lpse
542 1873 643 1903 autem,
665 1870 712 1906 qui
734 1869 825 1897 omnia
847 1869 919 1897 videt
940 1872 966 1897 et
987 1872 1085 1905 potest,
1106 1868 1229 1897 desectus

386 1919 493 1945 nostros
507 1916 636 1953 supplere
651 1916 766 1952 poterit,
789 1916 810 1944 si
833 1915 889 1952 ipse
905 1915 977 1944 velit.
995 1915 1055 1944 ldeo
1070 1915 1230 1952 rogabimus

387 1964 474 2000 ipsum
496 1963 523 1991 in
544 1963 693 1999 principio,
716 1966 747 1991 ut
776 1966 858 1999 ponat
879 1962 995 1991 verbum
1021 1970 1104 1991 suum
1134 1962 1160 1990 in
1182 1970 1229 1991 cor

387 2014 527 2043 nostrum,
550 2012 581 2038 ut
602 2010 739 2046 possimus
760 2009 863 2046 aliquid
885 2009 962 2038 vohis
983 2009 1083 2043 dicere,
1100 2009 1174 2046 quod
1196 2009 1231 2037 sit

387 2056 418 2085 ad
435 2057 566 2085 honorem
582 2064 662 2084 suum
680 2059 706 2084 et
721 2056 828 2085 laudem
845 2056 990 2085 beatorum
1002 2056 1181 2093 Angelorum,
1196 2055 1230 2084 de

387 2103 488 2139 quihus
511 2103 589 2131 hodie
610 2103 768 2132 solemnizat
783 2102 916 2137 Ecclesia,
932 2105 958 2131 et
979 2103 1011 2131 ad
1034 2102 1153 2139 aliquam
1169 2110 1230 2131 con-

388 2150 545 2178 solationem
566 2150 721 2177 animarum
739 2152 912 2183 nostrarum,
935 2153 961 2177 et
975 2149 1114 2183 dicamus,
1136 2149 1157 2177 si
1174 2149 1231 2185 pla-

388 2199 439 2229 cet,
457 2196 606 2224 orationem
628 2196 790 2224 dominicam
812 2199 839 2225 et
860 2197 914 2225 Ave
934 2196 1026 2224 Maria.

467 2242 584 2279 Amyclis
604 2243 668 2270 sais
691 2243 766 2271 Deus
787 2243 941 2271 mandavit
962 2243 995 2271 (le
1016 2246 1040 2270 le
1061 2245 1112 2271 etc.

466 2290 603 2325 Scriptum
615 2293 656 2318 est
670 2290 745 2325 (hoc)
758 2290 784 2317 in
800 2290 919 2324 Psalmo,
932 2290 997 2318 etin
1010 2289 1101 2318 verbis
1112 2289 1171 2318 istis
1182 2297 1233 2317 ex-

389 2336 506 2372 plicatur
521 2336 598 2365 nohis
610 2336 771 2365 excellentia
785 2344 971 2373 supernorum
987 2337 1135 2373 spirituum
1148 2344 1232 2373 quan-

391 2386 447 2410 tum
469 2383 501 2411 ad
523 2383 593 2411 duo:
615 2383 717 2420 primo,
739 2386 874 2420 quantum
895 2384 927 2412 ad
957 2382 1141 2412 charismata
1160 2391 1232 2420 gyraa

391 2429 499 2457 liarimi
509 2439 519 2463 ,·
540 2430 672 2464 secundO,
687 2433 822 2466 quantum
837 2430 870 2458 ad
892 2430 1031 2458 exercitia
1049 2430 1230 2458 meritorum.

392 2476 510 2504 Primum
534 2477 664 2513 tangitur,
686 2484 748 2505 cum
778 2477 894 2505 dicitur:
918 2477 1036 2514 Amyclis
1062 2477 1127 2505 sais
1147 2485 1232 2505 man*

391 2522 471 2549 (lavit
491 2522 524 2549 de
545 2526 585 2555 ce;
606 2523 790 2559 (secundum),
809 2531 872 2551 cum
887 2523 1004 2551 dicitur:
1022 2527 1052 2551 at
1067 2523 1233 2551 custodiant

392 2571 415 2595 ce
429 2571 479 2596 etc.
493 2569 513 2595 Α
520 2568 609 2605 1190115
623 2569 696 2602 sais,
708 2577 761 2597 non
777 2577 826 2606 per
838 2570 1019 2598 conditionem
1035 2573 1151 2598 naturae
1166 2577 1232 2598 suae

392 2617 513 2647 tantum,
535 2615 599 2650 quia
620 2615 692 2651 ipsos
714 2616 829 2650 creavit,
852 2616 897 2645 sed
918 2617 982 2644 sais
997 2624 1046 2653 per
1067 2616 1230 2644 infusionem

392 2661 504 2696 gratiae,
517 2661 691 2697 (secundum)
708 2662 780 2698 quod
796 2663 929 2699 scriptum
945 2666 985 2691 est
1000 2663 1025 2691 in
1042 2663 1088 2691 lob
1099 2665 1198 2699 quarto
1210 2663 1230 2697 ⁵,

455 2828 461 2841 ¹
480 2829 540 2851 Libr.
560 2830 583 2851 ll.
600 2830 629 2852 de
647 2830 700 2853 Fide
718 2831 808 2853 orthod.
826 2837 845 2853 c.
863 2832 888 2858 3;
906 2836 1033 2860 sequuntur
1051 2832 1089 2855 lol)
1107 2834 1149 2860 38,
1169 2833 1187 2855 1.
1208 2834 1231 2855 7.

394 2870 415 2888 ct
432 2868 466 2889 Ps.
488 2867 536 2897 148,
555 2870 576 2890 2.

455 2905 463 2918 ²
482 2907 511 2929 Ex
529 2908 579 2929 cod.
598 2908 647 2929 Vnt.
666 2915 686 2930 n.
705 2909 767 2930 1265.
787 2910 822 2931 sol.
840 2910 861 2937 5,
875 2910 950 2932 editus
962 2909 990 2932 ah
1003 2912 1052 2932 Ant.
1070 2911 1151 2933 Uccelli
1164 2911 1184 2932 in
1198 2917 1234 2938 pe-

394 2945 480 2966 11011100
499 2945 520 2968 lu
533 2945 632 2969 Scienza
644 2953 655 2969 e
667 2947 689 2969 la
702 2947 759 2976 fede,
777 2948 862 2970 volum.
875 2949 912 2970 76.
925 2955 978 2976 pag.
991 2950 1043 2972 395.
1056 2956 1119 2978 seqq.
1136 2950 1200 2972 Multa
1213 2952 1235 2971 01

1049 159 1220 189 SERMONES
1241 158 1283 186 DE
1306 156 1445 185 siti'CTts.

1275 234 1348 271 quod
1371 234 1400 262 in
1416 233 1526 270 angelis
1547 233 1610 261 Sitis
1627 231 1731 268 reperit
1750 231 1945 268 pravz'lacem;
1960 233 1986 259 et
2005 230 2039 258 de
2059 230 2117 259 istis
2216 247 2219 266 ,

1275 289 1329 309 0011
1352 280 1474 316 loquitur
1503 280 1562 313 hic,
1585 279 1631 307 sed
1653 279 1686 307 de
1708 277 1761 306 illis
1782 277 1828 314 qui
1850 280 1915 306 suut
1936 277 1974 306 ita
2000 277 2049 305 sai
2069 285 2117 314 per
2217 271 2221 310 1

1275 327 1378 363 gratiae
1400 326 1563 355 inlusionem
1586 329 1612 354 et
1627 325 1878 358 confirmationem,
1900 324 1973 361 (1000
1989 332 2043 352 non
2057 332 2118 361 pos-

1276 375 1341 400 sunt
1361 380 1420 400 esse
1442 371 1571 400 contrarii
1587 379 1637 400 nec
1651 371 1684 399 ad
1700 370 1870 399 contrarium
1892 369 2040 398 voluntatis
2054 377 2119 398 suae

1276 419 1420 447 declinare.
1443 418 1598 446 Secundum
1622 425 1686 446 vero
1708 417 1838 454 tangitur,
1856 424 1918 445 cum
1951 416 2066 444 dicitur:
2089 419 2121 444 ut
2212 432 2213 436 =
2239 427 2243 439 ι

1277 464 1443 493 custodiant
1468 468 1492 492 le
1513 467 1563 492 etc.
1593 464 1620 492 ln
1645 464 1695 492 ista
1722 462 1903 491 custoditione
1929 462 2121 498 intelliguntur
2208 459 2226 500 ‘g

1278 511 1424 539 universae
1448 510 1689 539 condescensiones
1717 510 1869 546 angelicae,
1891 517 1962 545 quae
1990 509 2060 537 siunt
2087 509 2120 537 ad
2222 502 2228 549 ξ

1279 556 1429 584 custodiam
1451 556 1649 584 ecclesiasticae
1664 555 1845 589 hierarchiae,
1860 558 1887 584 et
1908 555 1960 583 hoc
1982 557 2069 583 totum
2091 554 2121 583 fit
2215 550 2233 580 ''l'

1279 603 1306 631 in
1321 603 1448 631 mandato
1463 603 1570 637 divino3
1593 603 1653 631 ideo
1675 602 1823 639 interponit
1842 602 1931 639 primo
1945 602 1978 630 de
1995 601 2122 630 mandato
2223 605 2225 626 ἰ

1279 650 1371 678 divino
1392 650 1500 678 dicens:
1524 650 1641 687 Amyclis
1661 649 1725 678 suis
1746 649 1899 678 mandavit
1921 649 1954 678 (le
1976 653 2007 678 le.

1360 697 1375 724 l.
1399 697 1537 733 Quantum
1560 704 1626 733 ergo
1640 697 1672 725 ad
1689 696 1809 733 primum
1831 696 1911 725 dicit:
1928 696 2045 734 Angelis
2059 696 2122 724 sais
2161 703 2201 724 Para
2211 685 2227 725 141

1280 744 1432 772 nicuzclavz'l
1454 744 1487 772 (le
1509 747 1541 772 le.
1564 744 1691 780 Magnum
1713 743 1823 780 quidem
1853 747 1894 772 est
1914 743 2021 777 dicere,
2049 742 2124 780 quod
2139 725 2227 792 αξιιῗῖῧῗῗὲ

1280 791 1334 819 sint
1354 791 1418 824 sai,
1440 791 1513 827 quod
1535 790 1589 819 sint
1610 790 1700 827 Angeli
1733 790 1778 819 Dei
1806 791 1840 819 al)
1866 798 1897 819 eo
1922 790 2054 827 possessi,
2087 789 2123 818 ita
2141 778 2234 825 fffiaiiff'l

1280 837 1353 874 quod
1375 845 1428 865 non
1452 837 1555 873 possint
1573 837 1676 871 amitti,
1697 839 1724 865 et
1745 837 1797 865 hoc
1817 839 1930 874 propter
1952 836 2124 865 influentiam
2146 818 2235 855 ⁸¹³²¹³1¹⁰¹'¹

1280 884 1493 916 charismatum,
1521 892 1592 920 quae
1620 883 1757 920 recipiunt
1777 892 1793 912 a
1822 884 1884 912 Deo.
1907 883 2051 912 lnssuentia
2075 891 2124 912 au-
2198 902 2211 906 .,
2234 865 2235 908 i

1281 934 1335 959 tem
1357 931 1404 959 Dei
1427 931 1453 959 in
1476 931 1599 967 Angelos,
1617 939 1688 967 (1000
1709 931 1773 959 facit
1795 931 1867 968 ipsos
1887 931 2001 967 Angelos
2025 930 2124 959 deifor-
2198 924 2199 927 ¹
2236 938 2238 979 1

1281 986 1347 1011 0105,
1369 985 1480 1006 necesse
1500 981 1557 1011 est,
1583 978 1657 1014 quod
1678 978 1712 1006 sit
1730 978 1882 1006 5001100001
1904 977 2039 1014 triplicem
2067 985 2124 1005 mo—

1282 1027 1357 1058 tum,
1379 1027 1406 1053 et
1427 1025 1578 1053 secundum
1602 1025 1653 1053 hoc-
1674 1027 1716 1053 est
1731 1025 1832 1061 triplex
1855 1024 2010 1053 hierarchia
2031 1024 2057 1053 10
2073 1024 2124 1052 An·
2137 1031 2180 1072 Thyes
2194 1031 2235 1051 uei:

1280 1071 1356 1107 gelis.
1378 1071 1443 1099 Nam
1459 1071 1549 1108 Angeli
1566 1071 1697 1099 dicuntur
1712 1071 1803 1108 Angeli
1825 1071 1875 1099 sai
1887 1071 1931 1100 vel
1947 1071 1999 1099 Dei
2011 1073 2124 1107 propter
2136 1058 2241 1110 cilix‘ifflii}

1281 1118 1447 1146 charismata
1460 1117 1612 1154 gratiarum
1634 1126 1755 1146 sarsum
1776 1118 1925 1155 ayentz'um
1939 1117 1972 1146 ad
1994 1117 2084 1154 prima
2098 1120 2124 1146 et
2140 1101 2237 1148 ‹3331ng

1282 1172 1404 1199 summa3
1419 1165 1551 1193 dicuntur
1566 1165 1647 1193 etiam
1663 1165 1754 1201 Angeli
1771 1165 1817 1193 Dei
1832 1167 1944 1201 propter
1959 1164 2125 1193 charismata
2140 1152 2237 1198 rfflzfifi’iiiii

1282 1212 1433 1248 gratiarum
1463 1211 1698 1240 commilitantium
1722 1211 1754 1240 ad
1784 1212 1939 1248 propinqua
1966 1214 1992 1240 et
2021 1194 2239 1260 medimsecgi'ffiffi

1281 1258 1412 1286 dicuntur
1444 1259 1525 1287 etiam
1554 1258 1644 1295 Angeli
1667 1258 1712 1287 Dei
1742 1267 1757 1286 a
1783 1258 1838 1287 Deo
1871 1258 1986 1295 possessi
2012 1261 2125 1295 propter

1282 1305 1447 1333 charismata
1468 1306 1637 1342 gratiarum,
1656 1313 1727 1342 qnae
1742 1305 1896 1342 suscipiunt
1910 1313 1925 1334 a
1941 1306 1996 1334 Deo
2011 1305 2051 1334 acl
2064 1313 2127 1333 corz-

1282 1352 1508 1380 (lescemlemlum
1525 1352 1565 1380 all
1579 1352 1693 1389 infima,
1709 1354 1736 1380 et
1750 1352 1902 1380 secundum
1924 1352 1976 1380 hoc
1991 1354 2055 1380 sunt
2070 1354 2126 1380 tres

1284 1398 1463 1427 hierarchiae.
1487 1415 1522 1419 —
1545 1399 1610 1427 Nam
1633 1402 1688 1427 tres
1709 1402 1774 1427 sunt
1788 1406 1934 1427 mensurae
1955 1398 2126 1434 existentiae,
2143 1404 2237 1424 ssatiohui·

1283 1445 1386 1473 scilicet
1400 1446 1568 1479 aeternitas,
1581 1446 1768 1474 aeriter-milas
1783 1449 1809 1475 et
1821 1449 1947 1483 tempas;
1962 1449 1988 1475 et
2003 1446 2128 1475 similiter

1283 1495 1348 1520 sunt
1371 1492 1423 1520 tria
1444 1500 1518 1520 esse:
1541 1495 1698 1527 aeternum,
1720 1493 1891 1522 aeviternum
1913 1496 1940 1522 et
1962 1493 2126 1530 temporale3

1284 1538 1409 1567 similiter
1431 1542 1495 1567 sunt
1517 1539 1601 1567 trium
1616 1539 1834 1568 differentiarum
1852 1548 2003 1577 personae,
2025 1540 2128 1569 scilicet

1284 1593 1417 1621 personae
1438 1586 1561 1620 divinae,
1584 1586 1721 1623 angelicae
1746 1589 1773 1615 et
1801 1587 1947 1616 humanae.
1970 1586 2046 1621 Ideo,
2065 1594 2128 1616 01101

1284 1632 1414 1661 sanctitas
1435 1633 1469 1661 sit
1491 1633 1518 1661 in
1541 1633 1678 1669 [iersonis,
1700 1634 1752 1662 hoc
1773 1628 1815 1662 051
1846 1634 1872 1662 in
1894 1634 2055 1663 substantiis
2085 1642 2129 1662 ra-

1285 1678 1470 1713 tionabilibus,
1486 1687 1596 1708 necesse
1611 1682 1660 1714 est,
1682 1683 1738 1709 tres
1753 1688 1812 1709 esse
1827 1680 1997 1709 hierarchias
2015 1697 2054 1701 —
2064 1680 2130 1717 quia

1287 1725 1442 1753 hierarchia
1475 1726 1542 1754 nihil
1570 1726 1644 1755 aliud
1672 1730 1712 1756 est
1741 1735 1823 1764 quam
1855 1735 1932 1756 sacer
1960 1727 2130 1764 principatus

1286 1788 1324 1792 —
1355 1772 1458 1801 scilicet
1489 1773 1672 1801 hierarchiam
1703 1774 1955 1811 supercaelestem,
1984 1773 2130 1802 caelestem

1286 1822 1313 1847 et
1333 1819 1542 1848 sabeaelcslem.
1571 1820 1784 1857 Supercaelestis
1815 1824 1856 1850 est
1886 1821 1913 1849 in
1944 1820 2069 1858 personis
2089 1820 2130 1849 di—

1286 1866 1371 1900 vinis;
1394 1867 1533 1901 caelestis,
1556 1867 1581 1895 in
1611 1868 1735 1904 personis
1762 1868 1906 1905 angelicis;
1936 1867 2129 1901 subcaelestis,

1286 1914 1312 1941 in
1329 1914 1454 1950 personis
1470 1914 1605 1943 humanis.
1623 1915 1653 1943 Et
1668 1915 1739 1943 sicut
1754 1922 1851 1943 aevum
1868 1914 1987 1943 medium
2002 1918 2042 1943 est
2058 1915 2130 1943 inter

1286 1960 1476 1989 aeternitatem
1507 1963 1535 1989 et
1566 1964 1690 1998 tempus,
1722 1961 1760 1990 sic
1788 1964 1815 1990 et
1843 1961 1990 1990 existentia
2010 1961 2131 1998 angelica

1287 2007 1408 2036 medium
1423 2011 1464 2036 est
1479 2007 1550 2036 inter
1562 2008 1735 2036 existentiam
1752 2008 1872 2036 divinam
1887 2011 1914 2037 et
1928 2008 2087 2036 humanam.
2101 2008 2132 2036 Et

1288 2054 1444 2083 hierarchia
1458 2054 1579 2091 angelica
1595 2055 1713 2083 medium
1729 2058 1770 2083 est
1781 2055 1823 2083 vel
1836 2055 1911 2084 velut
1926 2054 2046 2083 medium
2060 2054 2131 2083 inter

1286 2101 1470 2130 hierarchiam
1483 2101 1711 2138 supercaelestem
1723 2104 1750 2130 et
1761 2101 1957 2130 subcaelestem
1970 2101 2027 2130 sive
2038 2101 2133 2129 huma-

1287 2156 1358 2177 nam.
1373 2148 1486 2177 Necesse
1502 2150 1543 2177 est
1563 2156 1638 2185 ergo,
1659 2147 1732 2185 quod
1748 2148 1903 2177 hierarchia
1917 2148 2046 2185 angelica,
2061 2155 2133 2185 quae

1288 2199 1329 2224 est
1350 2195 1446 2229 media,
1469 2195 1628 2224 relationem
1645 2195 1743 2224 habeat
1757 2196 1790 2224 ad
1806 2195 1932 2232 primam,
1947 2195 1980 2223 ad
2002 2203 2030 2224 se
2052 2198 2079 2224 et
2099 2194 2132 2223 ad

1289 2242 1406 2271 tertiam.
1419 2259 1455 2262 —
1470 2242 1529 2270 ldeo
1544 2249 1654 2270 necesse
1668 2245 1717 2276 est,
1730 2242 1802 2278 (1000
1818 2242 1933 2279 gratiam
1948 2242 1994 2271 det
2008 2242 2031 2270 ei
2047 2241 2132 2278 tripli·
2144 2246 2243 2289 lgffiseutmt'

1288 2297 1345 2318 cem
1358 2289 1390 2317 ad
1402 2289 1602 2317 ordinationem
1617 2289 1767 2317 secundum
1781 2289 1947 2317 charismata
1961 2289 2113 2325 gratiarum
2125 2299 2130 2316 :

1288 2336 1320 2363 ad
1336 2335 1425 2372 prima
1446 2339 1473 2364 et
1494 2343 1603 2364 summa
1621 2335 1772 2364 secundum
1794 2335 1960 2364 charismata
1980 2335 2131 2372 gratiarum

1287 2390 1410 2410 ameum
1425 2382 1588 2419 agieritium,
1602 2382 1636 2410 ad
1657 2382 1745 2410 media
1766 2385 1794 2410 et
1807 2382 1963 2419 propinqua
1980 2381 2132 2410 secundum

1288 2429 1454 2457 charismata
1474 2429 1626 2465 gratiarum
1649 2428 1901 2462 coorclz'nanliam,
1923 2429 1956 2457 ad
1978 2428 2072 2456 infima
2091 2435 2133 2456 se—

1288 2476 1409 2505 cundum
1433 2476 1600 2504 charismata
1621 2476 1774 2512 gratiarum
1793 2475 2086 2504 condeseeiidenciam.

1367 2521 1451 2550 Habet
1469 2529 1534 2558 ergo
1548 2521 1708 2550 relationem
1723 2521 1755 2549 ad
1770 2521 1888 2558 primam
1903 2521 2054 2550 secundum
2069 2520 2135 2549 cha·
2156 2526 2243 2554 90001

1288 2569 1400 2597 rismata
1420 2569 1573 2605 gratiarum
1593 2576 1704 2597 sursum
1723 2568 1872 2605 agentium,
1890 2571 1918 2597 et
1935 2568 1986 2596 ista
2006 2575 2133 2596 sursum·
2147 2553 2243 2600 ἕιῖῗιιυῗεὲξ

1287 2615 1358 2643 00110
1372 2623 1426 2643 non
1443 2618 1483 2644 est
1497 2615 1648 2644 secundum
1664 2618 1769 2643 motum
1786 2615 1907 2649 localem,
1919 2614 1966 2643 sed
1981 2614 2131 2643 secundum
2145 2598 2243 2640 biiifflrffii

1288 2662 1504 2690 conformitatem
1519 2662 1551 2690 ad
1563 2662 1668 2690 divinas
1683 2669 1822 2698 personas,
1834 2664 1866 2690 ut
1876 2661 1915 2690 eis
1927 2661 2133 2690 conformentur

2150 1919 2243 1939 Notandun

1290 2833 1369 2860 gravia
1380 2832 1448 2854 huius
1458 2832 1564 2854 editionis
1573 2832 1626 2853 vitia
1637 2838 1696 2853 nova
1711 2831 1796 2853 codicis
1807 2831 1870 2853 istius
1881 2830 1999 2853 collatione
2011 2830 2047 2852 hic
2059 2836 2134 2852 emen-

1290 2872 1342 2894 data
1357 2874 1415 2893 sunt.
1512 2870 1520 2883 ³
1539 2872 1619 2893 Psalm.
1633 2871 1670 2897 90,
1684 2871 1690 2892 1
1702 2871 1719 2892 l.
1733 2883 1763 2886 -
1776 2871 1896 2892 Prothema
1909 2868 2005 2891 habetur
2017 2869 2066 2891 Mal.
2078 2870 2100 2896 2,
2111 2868 2133 2891 7.

1353 2910 1362 2922 4
1380 2910 1509 2938 Respicitur
1527 2911 1549 2932 ll.
1567 2910 1619 2932 Cor.
1637 2910 1658 2938 3,
1678 2910 1704 2936 53
1722 2910 1825 2938 sequitur
1843 2909 1891 2932 lsai.
1910 2909 1950 2937 64,
1968 2909 1989 2930 6.

1355 2949 1363 2961 ⁶
1382 2949 1445 2971 Vei-s.
1469 2950 1500 2971 18.
