2243 3348
199 397 267 419 Tertio,
284 402 314 421 ge-

206 422 300 440 ueraliter.

227 1887 304 1905 Divisio.

233 2214 278 2233 Pars
292 2215 304 2232 1.

191 2261 245 2280 Ratio
261 2266 305 2284 qua·

206 2284 291 2308 druplex.

332 172 387 201 360

331 249 458 283 vocibus,
472 250 505 278 ad
521 257 549 278 se
563 249 664 277 ducere
679 248 793 277 studuit.
809 247 858 275 Sed
875 255 927 274 uon
944 245 1093 282 respondit,
1109 244 1172 281 quia

331 297 411 333 digna
431 305 514 333 opera
535 296 612 325 donis
634 296 692 324 eius
715 294 828 323 reddere
850 293 1054 329 contempsit».

408 343 500 372 Tertio
522 343 628 371 vocavit
648 341 781 369 Dominus
802 340 834 368 ad
858 339 935 367 istam
958 346 1069 367 coenam
1090 346 1172 375 yene-

331 390 433 419 ratiter
447 390 508 418 sine
523 388 683 425 acceptioue
697 386 886 416 comminando
908 393 956 421 per
978 388 1088 413 aeterna
1107 392 1171 421 sup-

330 437 425 473 plicia;
452 436 524 464 uude
546 436 571 463 in
602 435 707 462 Psalmo
722 435 748 461 ¹:
772 433 864 466 Deus,
886 432 1006 460 deorum
1031 431 1172 459 Dominus

330 483 441 511 loeutus
461 486 513 515 est,
536 486 561 509 et
581 481 694 509 vocavit
719 484 829 508 terram.
857 487 876 506 st
897 478 966 506 sotis
987 482 1053 506 ortu
1082 486 1172 515 usque

329 530 368 557 ad
389 537 532 557 oceasum.
561 544 599 548 -—
622 528 697 555 Deus
721 527 841 554 deorum
870 526 983 554 loeutus
1014 528 1069 559 est,
1098 532 1171 553 com-

329 574 456 603 minando
471 582 520 610 per
534 577 645 602 aeterna
660 572 803 609 supplicia,
820 575 850 600 ut
865 579 914 608 per
929 572 980 599 hoc
995 571 1171 608 compelleret

328 629 374 650 eos
395 621 508 649 intrare
532 620 565 648 ad
586 627 697 648 coenam
726 619 806 647 istam
834 618 948 655 flagellis
969 621 995 646 et
1023 617 1170 646 commina-

328 668 456 701 tionibus,
468 667 514 704 qui
530 667 628 695 nolunt
644 666 732 695 induci
750 666 878 702 precihus
893 668 919 693 et
934 665 1171 702 promissionibus,

327 715 447 751 alioquin
469 714 561 743 divina
574 713 762 742 misericordia
778 713 905 741 transibit
926 713 951 740 in
974 712 1122 744 iustitiam,
1145 714 1171 740 et

327 761 373 797 qui
396 761 493 789 nolunt
523 760 643 797 gaudere
672 760 697 788 in
723 759 815 788 divino
843 759 943 796 palatio
972 766 1034 787 omn
1064 758 1171 795 Angelis

328 811 401 836 certe
426 807 627 836 cruciabuntur
649 810 782 843 perpetuo
810 806 836 834 in
859 806 965 834 inferno
993 809 1020 834 et
1047 805 1170 833 flamme-

328 858 487 883 scenicum
516 853 703 882 daemonibus.
734 853 793 881 lstis
819 860 884 889 ergo
913 852 1171 881 comminationibus

327 901 459 929 Dominus
482 901 594 929 vocavit
613 904 738 933 terram,
760 900 786 928 id
808 903 849 928 est
877 902 1001 927 terrenos
1023 902 1049 927 et
1076 906 1171 935 pecea-

328 952 417 982 tores,
439 956 458 975 (t
478 947 548 976 sotis
569 951 635 975 ortu
657 955 746 984 usque
767 947 807 975 ud
828 954 981 979 oceasum,
1004 945 1069 982 quia
1096 945 1169 982 apud

328 1002 391 1024 eum
412 995 488 1023 nulla
509 997 550 1023 est
569 994 691 1031 acceptio
706 1001 919 1030 personarum,
942 993 1026 1020 immo
1041 993 1071 1020 in
1092 992 1172 1020 omui

325 1046 406 1079 „flente
421 1042 431 1058 2
453 1045 479 1070 et
500 1041 527 1069 in
549 1041 622 1069 omni
645 1041 747 1077 populo
771 1044 798 1068 et
818 1040 845 1068 iu
874 1039 946 1068 omni
969 1039 1123 1068 conditione
1144 1042 1170 1067 et

327 1088 354 1116 in
376 1088 449 1116 omni
470 1090 558 1116 aetate
578 1087 779 1123 beneplacitum
802 1090 843 1115 est
863 1086 896 1115 ei.
919 1086 993 1114 Unde
1020 1085 1170 1122 Gregorius

327 1142 411 1170 super
432 1134 497 1162 illud
522 1134 581 1162 lob:
606 1134 663 1170 tai
685 1134 792 1171 irrigyut
819 1133 906 1170 aqui-5
934 1132 1088 1166 universa,
1118 1132 1169 1160 hoe

327 1184 381 1209 est:
408 1192 421 1206 «
438 1181 512 1209 Dono
527 1181 612 1209 sancti
629 1181 748 1217 Spiritus
763 1188 797 1208 ex
820 1180 892 1208 omni
909 1187 1009 1216 genere
1026 1179 1167 1207 hominum

326 1227 358 1255 ad
387 1235 464 1256 suam
493 1228 674 1264 cognitionem
708 1231 793 1255 voc-at.
829 1226 917 1255 Sancti
949 1226 1020 1254 enim
1050 1225 1169 1262 Spiritus

326 1274 426 1311 gratia,
441 1282 504 1303 cum
520 1274 569 1303 sihi
592 1274 689 1302 divites
711 1274 834 1306 subiicit,
856 1280 992 1310 pauperes
1007 1281 1059 1301 non
1080 1272 1168 1308 repel-

326 1321 371 1355 lit,
394 1329 456 1350 eum
477 1321 562 1349 fortes
590 1321 730 1354 humiliat,
754 1320 847 1349 venire
872 1320 905 1348 ad
933 1328 961 1348 se
983 1319 1086 1348 debiles
1114 1327 1167 1347 non

326 1372 449 1399 recusat:
472 1376 534 1396 eum
556 1368 660 1396 nobiles
682 1368 798 1404 colligit,
821 1367 904 1395 simul
925 1370 952 1395 et
973 1366 1106 1404 ignobiles
1120 1374 1167 1402 ap—

325 1414 484 1451 prehendit;
507 1422 569 1443 eum
584 1415 720 1451 sapientes
735 1413 864 1450 suscipit,
887 1413 1078 1449 imperitorum
1099 1412 1167 1441 stul—

326 1461 411 1489 titiam
434 1469 486 1489 non
510 1461 698 1489 contemnit».
722 1461 857 1496 Rogemus
878 1468 944 1497 ergo
965 1463 1015 1489 ete.

663 1547 754 1575 Sanno
776 1546 794 1574 11
808 1546 827 1574 5.

394 1624 520 1649 Domiuiea
540 1624 646 1649 secunda
665 1625 722 1656 post
740 1624 912 1650 Pentecosten.
926 1625 1009 1649 Sermo
1023 1624 1110 1649 fratris
1122 1625 1167 1650 Βο-

323 1668 476 1692 naveuturae
494 1668 519 1692 in
540 1667 655 1698 Capitulo
674 1667 818 1692 Parisiensi.

400 1743 492 1771 Homo
514 1742 636 1781 quidam
657 1741 724 1779 feeit
745 1750 864 1770 coenam
885 1750 1028 1779 moytiam
1042 1745 1066 1770 et
1081 1750 1166 1771 voea-

323 1790 363 1817 vtt
384 1789 505 1823 multos,
527 1790 615 1817 Lucae
636 1788 741 1817 decimo
763 1791 863 1825 quarto
875 1789 894 1816 4.

402 1836 430 1864 ln
451 1836 493 1864 his
514 1836 606 1864 verbis
628 1838 739 1864 notatur
768 1835 892 1863 maxima
921 1835 1070 1864 liberalitas
1092 1835 1166 1864 boni-

324 1884 386 1912 tatis
407 1883 454 1911 Dei
476 1891 542 1920 erga
573 1883 727 1911 humanum
760 1890 847 1919 genus
869 1882 896 1910 in
917 1882 1039 1916 duobus,
1063 1883 1166 1911 seilicet

323 1932 350 1959 in
369 1930 582 1968 praeparando
604 1929 772 1963 satietatem,
788 1929 820 1957 ad
837 1937 919 1966 quam
935 1930 970 1958 ab
984 1933 1097 1958 aeterno
1116 1938 1165 1958 nos

323 1978 541 2015 praeordinavit3
564 1980 591 2006 et
618 1977 670 2005 hoe
697 1979 825 2011 notatur,
848 1985 911 2005 eum
933 1977 1050 2005 dieitur:
1073 1977 1165 2006 Homo

323 2025 444 2062 quidam
470 2023 539 2061 feeit
566 2032 683 2052 coenam
713 2031 872 2060 mammii,-
894 2024 920 2052 in
943 2024 1094 2052 invitando
1116 2031 1165 2052 seu

323 2071 497 2100 convocando
518 2071 551 2099 ad
573 2078 632 2099 eam
655 2078 737 2107 quam
759 2074 815 2099 tam
836 2071 958 2099 studiose
976 2071 1164 2107 praeparavit;

323 2118 397 2155 quod
417 2120 542 2151 notatur,
565 2125 628 2146 eum
649 2117 765 2145 dicitur:
788 2121 813 2145 et
833 2117 948 2146 vocavit
969 2117 1081 2146 multos.

401 2165 418 2193 Ι.
441 2165 508 2193 Nota
528 2172 609 2201 erge,
631 2164 705 2201 quod
726 2163 808 2193 liomo
830 2165 881 2193 iste
899 2164 1022 2202 quidam
1036 2167 1077 2193 est
1092 2164 1165 2193 Deus

322 2216 467 2246 aeternus,
489 2212 536 2249 qui
559 2211 659 2240 dieitur
682 2210 764 2239 homo
796 2211 935 2249 quidam,
958 2212 1024 2248 quia
1044 2211 1166 2248 singula-

322 2259 360 2287 ris
382 2259 407 2287 in
431 2259 529 2295 pietate
545 2262 571 2288 et
585 2259 751 2295 benignitate
763 2259 782 2286 ⁵.
800 2276 835 2279 -—
850 2259 928 2287 Circa
949 2259 1070 2295 primum
1085 2262 1165 2292 nota,

323 2306 396 2342 quod
428 2306 537 2334 satietas
569 2306 639 2334 vitae
667 2309 794 2334 aeternae
817 2306 873 2334 sive
903 2306 1014 2334 refectio
1046 2305 1165 2342 paradisi

323 2353 424 2389 gloriae
445 2357 560 2381 vocatur
582 2356 608 2381 et
629 2353 729 2381 dieitur
751 2356 778 2381 et
799 2356 840 2381 est
861 2361 950 2381 coemi
970 2361 1098 2390 magna.-
1122 2360 1165 2380 ra-

324 2399 395 2428 tione
427 2404 594 2437 apparatus
624 2400 825 2433 amoenissimi;
849 2403 915 2428 sunt
942 2400 1014 2428 enim
1046 2399 1164 2436 paradisi

325 2453 432 2482 semper
461 2454 575 2475 amoena
602 2447 719 2475 virentia.
750 2449 777 2474 et
812 2446 968 2475 mansiones
996 2449 1022 2474 et
1053 2449 1164 2474 aeterna

988 167 1159 196 sERMONEs
1181 166 1223 195 DE
1245 166 1407 194 TEMPORE.

1230 243 1422 276 tabernacula,
1444 251 1515 279 quae
1537 243 1640 271 ocutus
1663 251 1718 271 non
1740 242 1828 276 vidit,
1844 251 1894 271 nee
1909 243 1996 271 auris
2018 252 2072 272 ait-

1228 290 1316 323 (livit,
1338 298 1388 317 vuec
1420 289 1450 318 in
1481 298 1531 318 eor
1563 288 1688 318 homi-nis
1720 289 1879 318 asoemlitss.
1903 306 1939 310 —
1962 290 2073 319 Ratione

1229 336 1322 364 vietus
1353 336 1502 369 uberrimi;
1525 336 1590 372 quia
1622 335 1786 372 proponitur
1808 335 1843 364 ibi
1872 336 2004 372 sapientia
2028 345 2072 365 ae-

1228 386 1307 411 terna
1328 382 1360 410 ad
1389 382 1646 419 contemplandum,
1668 382 1775 410 bonitas
1796 382 1829 410 ad
1855 382 2071 419 degustandum,

1228 429 1349 466 potentia
1370 429 1403 457 ad
1424 428 1625 457 admirandum.
1649 445 1685 448 —
1709 429 1820 457 Ratione
1840 429 1988 457 convietus
2009 438 2073 458 ‹ton-

1228 476 1401 510 formissimi;
1424 479 1465 504 est
1486 476 1557 504 enim
1580 476 1616 504 ibi
1639 476 1788 504 multitudo
1811 476 2030 505 hierarchiarum
2046 480 2073 506 et

1227 522 1369 559 dispositio
1390 522 1568 550 multiformis
1599 523 1762 551 Sanctorum
1791 522 1823 551 ad
1847 522 1958 551 modum
1982 523 2072 552 stella-

1228 577 1290 597 rum
1308 569 1333 597 in
1350 569 1375 597 id
1392 569 1481 605 ipsum
1498 569 1677 597 tendentium.
1692 585 1728 589 —
1744 569 1855 598 Ratione
1870 569 1950 598 modi
1965 569 2072 599 vivendi

1228 617 1352 645 satiantis
1372 619 1399 645 et.
1420 616 1568 649 excessivi,
1591 616 1656 652 quia
1670 616 1804 653 quidquid
1826 616 1861 645 ibi
1884 620 1937 650 est,
1960 617 2072 653 plenum

1227 667 1268 692 est
1289 663 1455 701 pinguedine
1476 663 1617 700 saginante
1638 667 1665 692 et
1686 667 1829 692 recreante
1844 664 1854 680 ⁷
1875 667 1902 692 et
1923 664 2071 701 quietante.

1306 710 1354 739 Vel
1375 710 1477 738 dicitur
1492 718 1581 738 coena
1594 718 1722 746 mamm,
1739 710 1804 746 quia
1818 710 1973 747 maynisiee
1985 719 2072 748 prae·
2085 715 2216 759 3322233322‘
2241 702 2243 753 i

1224 761 1354 795 parata,-
1386 757 1457 786 tertii
1489 757 1588 785 Esdrae
1620 757 1738 785 tertioss:
1770 757 1828 785 Rex
1863 758 1974 786 Darius
2004 757 2074 795 feeit

1227 813 1345 833 coenam.
1373 812 1514 841 magnam
1543 803 1655 832 eunetis
1685 803 1852 832 vernaculis
1872 805 1936 833 Stt‘t'S
1957 808 1982 833 et
2008 813 2071 834 ma·-

1225 850 1400 889 giso-atibus
1420 854 1471 879 etc.
1495 867 1531 871 -
1547 850 1668 886 Mirifice
1690 850 1847 884 ordinem
1871 851 1959 880 iudith
1975 855 2070 881 sexto:

1227 899 1306 927 Feeit
1320 898 1346 926 ei
1359 906 1478 926 coenam
1493 905 1631 935 mctymwt
1643 920 1650 930 ,
1673 901 1697 925 et
1719 897 1829 926 voeatis
1843 897 1977 926 omnibus
1990 907 2072 935 pres-

1227 945 1348 983 byteris,
1370 944 1472 978 simul,
1495 944 1602 981 expleto
1617 935 1740 978 ieiunio,
1755 943 1927 981 refecerunt.
1944 961 1979 965 *—
1996 945 2072 974 Sua-

1226 992 1308 1029 vifiee
1329 992 1473 1025 cibatum,-
1495 991 1584 1020 Iudith
1614 991 1792 1019 duodecimo:
1815 990 1984 1028 Hotofernes
2004 991 2074 1029 feeit

1226 1047 1344 1067 coenam
1366 1047 1507 1075 mogyiiam
1534 1038 1627 1066 servis
1654 1038 1718 1066 suis
1746 1041 1770 1066 et
1799 1038 1948 1067 iitezmctus
1972 1037 2072 1076 faetus

1226 1089 1267 1114 est
1287 1089 1337 1114 ete.
1354 1101 1390 1106 -
1407 1085 1583 1122 Sempiterne
1604 1085 1759 1118 mansium
1778 1085 1952 1122 Apoealypsis
1966 1085 2071 1114 decimo

1226 1133 1336 1161 n0n09:
1360 1132 1458 1166 Beati,
1484 1132 1536 1170 qui
1567 1132 1606 1160 aul
1638 1140 1756 1160 coenam
1784 1132 1962 1169 nuptiarum
1993 1132 2073 1170 Aym'

1225 1180 1320 1208 vocati
1339 1183 1416 1207 suut.
1433 1196 1469 1199 —
1494 1179 1643 1207 Eme-§sive
1663 1179 1821 1212 sationem
1837 1179 2011 1216 Apocalypsis
2025 1179 2072 1208 de-

1225 1227 1295 1255 cimo
1317 1234 1403 1254 nouo:
1433 1226 1525 1254 Venite
1546 1226 1586 1254 ad
1607 1234 1725 1254 coenam
1747 1234 1889 1263 moytiam
1913 1226 1964 1254 Dei
1984 1226 2072 1255 omni-

1225 1273 1343 1310 potentis
1364 1276 1415 1301 ete.
1438 1289 1471 1293 —
1499 1272 1633 1301 Plenarie
1654 1273 1832 1310 quietativa,·
1857 1274 1945 1308 Lucae
1966 1273 2071 1302 decimo

1225 1323 1340 1356 quarto:
1362 1320 1443 1348 Misit
1461 1328 1580 1348 seruum
1601 1328 1689 1348 suum
1712 1319 1787 1348 liora
1802 1328 1906 1348 coenae
1920 1320 2015 1349 dicere
2030 1321 2071 1349 in-

1224 1367 1333 1400 vitatis,
1356 1370 1387 1395 ut
1409 1366 1546 1400 venirent,
1562 1366 1634 1404 quia
1656 1366 1717 1394 iam
1736 1370 1849 1403 parata
1869 1371 1941 1395 suut
1961 1368 2070 1397 omnia.

1304 1413 1331 1440 ll.
1354 1412 1432 1441 Circa
1454 1412 1606 1441 seeundum
1629 1416 1705 1446 nota,
1728 1413 1802 1449 quod
1823 1413 1937 1442 vocavit
1950 1414 1983 1442 ad
2000 1414 2070 1443 hanc

1224 1468 1335 1488 coenam
1359 1459 1464 1488 mutto-s
1492 1459 1525 1488 de
1546 1459 1618 1487 omni
1648 1463 1728 1496 geute
1757 1463 1783 1488 et
1814 1460 1931 1489 natione.
1959 1461 2070 1490 Vocavit

1224 1507 1295 1536 enim
1318 1507 1457 1535 invitando
1478 1506 1511 1535 ad
1534 1514 1610 1535 eam:
1638 1514 1686 1543 per
1708 1507 1826 1544 specula
1854 1512 2009 1537 creaturae
2036 1508 2070 1537 ad

1224 1554 1311 1583 Deum
1334 1554 1469 1582 mittentia
1492 1562 1540 1590 per
1562 1562 1640 1583 suam
1669 1554 1885 1591 speciositatem
1909 1555 2070 1584 Proverbio-

1224 1609 1286 1629 rum
1309 1609 1380 1629 nono
1393 1600 1430 1629 ¹⁰:
1454 1601 1606 1637 Sapientia
1626 1600 1794 1638 aedificavit
1807 1601 1865 1629 stbz·
1878 1601 2007 1636 domum,
2022 1611 2070 1630 ex-

1223 1648 1293 1676 eidit
1314 1647 1467 1676 eotitmmts
1481 1651 1585 1684 septem
1607 1651 1631 1675 et
1644 1648 1799 1685 proposuit
1822 1656 1952 1677 mensam
1971 1657 2068 1677 suam.

1224 1694 1301 1723 Misit
1323 1694 1446 1723 ancillas
1467 1702 1556 1727 suas,
1579 1697 1611 1722 ut
1632 1699 1769 1723 vocarent
1789 1695 1831 1723 act
1851 1703 1967 1724 arcem<
1977 1699 2001 1724 et
2029 1696 2070 1724 ad

1223 1741 1338 1770 moem'ct
1359 1741 1494 1769 civitatis.
1519 1756 1555 1762 -
1576 1741 1625 1770 Per
1647 1742 1820 1770 doeim'zenta
1841 1742 2014 1779 Scripturae
2035 1742 2069 1771 ad

1223 1789 1310 1817 Deum
1332 1789 1470 1817 trahentia
1492 1796 1540 1825 per
1565 1796 1642 1817 suam
1665 1789 1824 1823 veritatem3
1848 1789 1974 1818 Matthaei
1994 1790 2069 1827 vige-

1223 1835 1292 1864 simo
1313 1835 1449 1864 seeundo:
1472 1835 1550 1863 Misit
1570 1844 1669 1863 servos
1698 1844 1768 1864 suos
1799 1844 1904 1865 vocare
1932 1836 2069 1865 invitatos

1223 1883 1263 1911 ad
1283 1883 1404 1919 nuptias
1419 1886 1469 1911 ete.
1486 1899 1524 1902 —
1539 1882 1588 1911 Per
1604 1881 1789 1911 charismata
1802 1883 1920 1920 gratiae
1938 1883 1964 1912 in
1980 1883 2067 1912 Deum

1222 1929 1329 1966 agentia
1350 1937 1400 1966 per
1422 1937 1500 1958 suam
1522 1929 1700 1963 suavitatem3
1724 1930 1937 1959 proverbiorum
1963 1931 2068 1967 primo:

1228 1976 1349 2010 Voectvi,
1372 1980 1397 2004 et
1428 1976 1568 2004 renuistis
1576 1986 1586 2009 ;
1614 1976 1729 2005 extendi
1755 1985 1877 2005 manum
1909 1985 2023 2012 meam,
2044 1980 2071 2006 et

1222 2032 1280 2052 non
1301 2022 1360 2060 fuit
1381 2023 1432 2061 [μα’
1452 2023 1602 2060 aspiceret.
1619 2040 1654 2044 —
1671 2024 1721 2052 Per
1735 2024 1866 2061 emempla
1885 2025 2015 2053 iustitiae
2036 2025 2069 2054 ad

1222 2071 1310 2099 Deum
1336 2070 1536 2099 commoventia
1557 2078 1606 2107 per
1628 2079 1707 2100 suam
1729 2072 1918 2106 sanctitatem3
1940 2073 2068 2102 Matthaei

1223 2117 1354 2154 vigesimo
1380 2117 1551 2146 seeundoll:
1575 2117 1624 2146 Ait
1645 2126 1697 2146 γεω
1718 2118 1811 2147 servis
1838 2119 1918 2147 suis:
1942 2119 2069 2157 Nuptiae

1222 2164 1336 2202 quidem
1364 2168 1491 2201 paratae
1511 2168 1596 2198 sunt,
1618 2165 1668 2192 sed
1696 2165 1748 2203 qzti
1768 2165 1886 2194 invitati
1906 2169 1990 2194 erant
2010 2175 2069 2195 non

1222 2210 1346 2247 fuerunt
1367 2211 1457 2248 ilioni.
1484 2212 1521 2239 lte
1542 2220 1610 2249 erqo
1632 2212 1672 2240 ad
1693 2212 1788 2240 emittis
1809 2212 1930 2241 viarum
1945 2216 1970 2241 et
1983 2221 2068 2249 quos-

1223 2266 1345 2295 cumque
1366 2258 1548 2291 iuveneritis,
1571 2263 1669 2287 vocate
1690 2259 1729 2287 cut
1750 2259 1871 2296 nuptias
1891 2262 1942 2288 etc.

1551 2329 1642 2358 Sannio
1665 2329 1739 2357 11112.

1301 2398 1393 2426 Homo
1407 2399 1528 2436 quidam
1543 2398 1611 2436 feeit
1626 2408 1744 2428 coenam
1758 2408 1901 2437 maenam
1915 2404 1939 2428 et
1956 2401 2067 2429 vocavit

1222 2445 1343 2479 intuitos,
1366 2446 1454 2475 Lucae
1475 2446 1581 2475 decimo
1603 2450 1704 2483 quarto
1719 2447 1751 2475 ¹³.

387 2603 393 2616 ¹
412 2605 493 2627 Psalm.
513 2605 554 2632 Δ19,
574 2607 594 2627 l.

386 2642 394 2655 ‘²
411 2645 540 2672 Respieitm·
557 2645 605 2667 Act.
632 2645 663 2672 10,
687 2644 722 2666 34.
746 2651 807 2673 seq.;
830 2648 958 2673 sequuntur
981 2645 1019 2668 lob
1042 2646 1066 2673 5,
1093 2646 1126 2667 10.
1144 2649 1165 2668 et

323 2682 425 2710 Gregor.l
445 2684 479 2705 Vl.
497 2684 572 2705 Moral.
590 2690 608 2705 e.
632 2684 663 2705 iij.
681 2690 703 2705 11.
722 2685 757 2705 21.

386 2721 394 2734 ³
410 2723 440 2744 Ex
458 2724 475 2744 A
494 2723 528 2744 sol.
551 2723 591 2744 130
609 2729 626 2744 r.
645 2726 666 2744 et
684 2723 699 2744 Β
717 2723 754 2745 sol.
771 2723 799 2744 57
818 2730 840 2744 v.

386 2760 394 2772 ⁵
411 2760 456 2783 Csr.
473 2767 543 2788 supra
561 2767 630 2783 serm.
653 2762 669 2783 l.
687 2768 740 2789 pars
758 2763 774 2784 1.

385 2798 394 2810 ⁶
413 2800 480 2827 Epist.
499 2801 512 2822 1.
529 2799 581 2823 Cor.
600 2801 620 2827 2,
639 2801 659 2822 9.

386 2838 393 2850 ⁷
411 2839 466 2861 Cod.
485 2840 500 2860 [3
516 2840 571 2867 legit
587 2839 687 2862 satiante
705 2841 725 2862 et
742 2840 870 2870 reficiente,
889 2841 942 2869 qui,
960 2841 1043 2863 omissa
1062 2841 1162 2863 secunda

322 2877 446 2905 divisione,
464 2878 526 2900 locos
544 2878 676 2905 scripturae
693 2879 721 2900 ad
740 2879 838 2906 primam
857 2879 993 2902 divisionem
1012 2880 1125 2908 adiungit.

386 2914 394 2927 s
412 2916 477 2939 Yers.
496 2918 516 2938 1.
534 2923 593 2945 seq.;
611 2921 738 2946 sequuntur
756 2918 828 2940 Iudith
849 2919 873 2945 ss,
892 2920 928 2940 20.
946 2922 968 2941 et
985 2925 1004 2941 c.
1018 2920 1054 2946 r152,
1075 2919 1108 2941 10.
1126 2919 1162 2941 20.

386 2953 394 2966 ⁹
415 2955 476 2977 Veis.
495 2956 519 2983 9;
537 2960 664 2984 sequuntur
681 2962 703 2978 v,
725 2957 757 2979 17,
776 2960 797 2978 et
815 2958 867 2979 Luc.
891 2956 929 2984 tt,
952 2957 984 2979 17.

1015 2723 1024 2735 ³
1043 2724 1107 2746 Vers.
1126 2724 1160 2746 16,

1286 2606 1304 2619 ¹⁰
1322 2608 1387 2630 Yers.
1411 2609 1456 2634 1-3;
1474 2611 1602 2637 sequuntur
1620 2609 1696 2631 Matth.
1715 2609 1751 2635 22,
1770 2609 1791 2631 3.
1808 2612 1830 2631 et
1847 2610 1913 2631 Prov.
1933 2610 1953 2636 ·1,
1972 2609 2009 2631 24.

1285 2645 1302 2658 ¹¹
1323 2647 1386 2668 Vers.
1406 2647 1426 2668 8.
1444 2653 1507 2675 seqq.

1285 2684 1304 2697 ¹²
1322 2686 1396 2707 Exstat
1414 2686 1503 2708 Parisiis
1520 2687 1542 2708 in
1560 2686 1663 2709 biblioth.
1681 2687 1768 2709 Natiou.
1786 2687 1838 2710 cod.
1855 2687 1936 2710 14952.
1955 2688 1991 2710 sol.
2014 2688 2067 2716 128,

1223 2723 1261 2745 ubi
1288 2724 1430 2747 msc-ribitur:
1447 2725 1531 2748 Sermo
1548 2726 1720 2749 Bomcventure.
1742 2726 1866 2749 Dominio-a
1887 2726 1993 2749 secunda
2014 2727 2067 2755 post

1223 2762 1335 2785 Octo-omn
1352 2763 1472 2787 Trinitatis
1479 2773 1488 2792 ,·
1501 2766 1542 2787 (el'r.
1556 2764 1670 2793 Haureauy
1683 2765 1775 2789 Notices
1788 2767 1810 2788 et
1826 2765 1935 2789 Emtraits
1947 2768 1998 2793 etc.,
2011 2768 2066 2788 tom.

1222 2802 1259 2823 lv.
1276 2808 1328 2829 pugn
1348 2803 1389 2829 -1-1;
1407 2807 1428 2825 et
1446 2804 1468 2825 Ρ.
1486 2804 1568 2826 Fidelis
1586 2810 1599 2825 a
1616 2805 1704 2831 Fauna,
1722 2804 1789 2827 Rullo
1807 2807 1857 2832 etc„
1880 2811 1934 2832 pag.
1952 2804 2004 2826 295.
2023 2805 2067 2826 Ha-

1222 2840 1288 2863 betin*
1305 2841 1372 2863 eliam
1386 2842 1408 2863 iu
1422 2843 1473 2864 cod.
1486 2843 1613 2865 Tudertino
1627 2844 1634 2865 sl
1643 2843 1678 2866 40.
1692 2845 1729 2866 sol.
1742 2844 1787 2866 227
1800 2850 1830 2872 v.‚
1843 2844 1920 2873 quoad
1933 2843 2033 2872 primam
2045 2846 2067 2866 et

1221 2880 1346 2902 secundam
1364 2884 1452 2908 partem
1471 2881 1573 2909 brevius,
1586 2882 1663 2910 quoad
1678 2882 1769 2904 ultimas
1786 2882 1901 2910 diffusius3
1920 2883 1980 2905 unde
1997 2882 2064 2905 etiam

1221 2922 1305 2941 textum
1325 2919 1422 2942 duarum
1442 2920 1572 2943 ultimarum
1591 2921 1691 2949 partium
1709 2928 1736 2943 ex
1753 2922 1797 2944 hoc
1814 2922 1865 2944 eod.
1883 2922 2017 2944 sumsimus

1284 2957 1303 2970 ¹³
1320 2959 1385 2980 vers.
1408 2960 1440 2981 16.

2085 1418 2131 1436 Pars
2144 1417 2166 1437 11.
2179 1418 2214 1437 Vo-

2082 1441 2132 1461 catio
2132 1446 2172 1484 tflei-
2178 1446 2215 1461 mo-
