2243 3348
20 1231 29 1245 e
40 1226 110 1250 quinto.

5 1740 7 1746 ⁴
38 1742 109 1761 Simile.

14 2399 40 2419 De
52 2401 110 2419 sexto.

596 160 754 189 DOMtNICA
775 161 893 189 TERTIA
914 161 946 190 IN
967 162 1227 197 QUADRAGESIMA.
1249 164 1358 192 SERMO
1380 165 1408 192 ll.

131 241 157 269 in
178 240 259 269 domo
290 239 403 276 propria
433 239 566 275 diripiens
595 238 747 275 gratiarum
780 240 807 266 et
838 238 975 266 virtutum

129 288 221 316 bona?
243 287 328 316 Debet
348 294 414 323 ergo
436 289 562 322 peccator
584 285 674 322 ipsum
696 284 903 321 deprehendere
919 293 975 313 ma-

129 333 282 362 nifestando
303 333 413 369 culpam
434 336 461 361 et
482 332 589 369 perdita
620 339 787 368 recuperare
819 331 975 367 recipiendo

130 379 350 409 iustificationem
373 379 415 408 vel
436 378 638 407 iustificationis
659 378 784 414 gratiam.
807 377 845 406 De
870 377 975 405 latrone

129 427 181 455 isto
203 427 303 463 legitur
325 426 351 454 in
373 425 505 454 Threnis:
530 424 638 453 Oculus
666 433 747 453 meus
778 424 975 461 depraedatus

129 477 169 502 cst
190 473 323 501 ammam
344 481 448 501 meam.

208 520 313 556 Quarto
333 519 433 548 debent
454 519 624 555 poenitentes
644 522 677 547 ut
697 518 752 554 fita·
773 518 846 546 tucis
873 517 975 546 amba—

130 567 191 596 lare
212 575 314 595 sensus
336 566 519 594 immutando
541 573 590 602 per
611 565 674 594 boni
697 565 818 601 exempli
843 564 975 593 ostensio-

129 621 202 648 nem,
224 613 356 642 mutando
378 613 480 641 scilicet
502 615 623 641 veterem
640 612 887 645 conversationem,
903 611 975 640 sicut

128 660 280 688 ambulavit
301 660 442 688 Psalmista
455 661 473 694 1,
496 667 559 688 cum
581 659 667 687 dixit:
690 658 776 687 Nunc
797 658 890 695 σοφιζ-
906 657 975 685 llaec

128 707 251 735 mulatio
273 707 408 735 dexterae
430 706 559 740 Excelsi,
581 706 629 734 ubi
651 709 712 743 post
733 713 819 734 novae
841 705 912 733 vitae
935 705 974 732 in-

128 753 280 790 ceptionem
302 754 392 782 statim
415 753 558 790 subiungit
588 754 690 782 veteris
720 752 909 781 mutationem.
932 752 975 780 Sic

127 800 228 828 debent
248 800 419 836 poenitentes
450 800 553 833 facere,
585 803 705 828 veterem
738 798 973 827 conversationem

127 846 268 880 mutando,
283 847 386 875 bouum
402 847 562 883 exemplum
578 846 758 880 ostendendo,
774 845 903 882 quoniam
921 853 973 873 non

128 896 244 930 possunt
265 893 347 922 simul
366 893 481 922 induere
496 893 625 930 spiritum
640 893 688 921 Dei
704 895 731 921 et
745 892 873 929 spiritum
891 892 975 920 huius

128 940 232 974 mundi,
254 948 307 968 non
331 943 446 977 possunt
460 940 566 969 servire
582 940 637 968 Deo
652 943 679 968 et
694 939 805 968 mundo.
823 940 860 968 De
875 939 974 976 primo,

128 987 233 1023 primae
254 987 287 1015 ad
309 987 465 1015 Corinthios
487 986 622 1015 secundo:
646 986 705 1015 Nos
726 990 823 1015 ctzttem.
843 995 902 1014 nou
916 986 975 1023 spi-

128 1034 220 1062 ritum
242 1032 331 1062 huius
353 1033 458 1061 mundi
479 1033 657 1070 accepimus,
679 1034 729 1062 sect
749 1033 903 1070 spiritum,
925 1033 977 1071 qztt'

128 1089 161 1109 ex
185 1081 240 1109 Deo
261 1083 319 1113 est,·
350 1080 384 1109 de
415 1080 551 1114 secundo,
584 1080 670 1109 lacobi
704 1084 819 1117 quarto:
853 1080 975 1108 Amicus

128 1126 218 1156 latius
238 1128 350 1156 saecuti
370 1127 509 1156 inimicus
533 1128 584 1156 Dez'
604 1128 801 1156 constituitur.

207 1175 309 1211 Quinto
329 1175 430 1203 debent
452 1175 622 1211 poenitentes
645 1178 675 1202 ut
695 1174 751 1210 situ
771 1174 845 1203 lucis
873 1173 975 1202 ambu-

130 1221 191 1250 lare
212 1230 316 1259 aeyros
338 1222 435 1249 ocutos
456 1220 621 1259 offendendo
649 1229 699 1258 per
725 1221 860 1249 malorum
890 1221 975 1250 evita-

130 1268 239 1297 tionem.
273 1268 315 1297 Sic
347 1268 498 1297 ambulavit
529 1268 576 1305 qui
609 1268 717 1297 dixitfft
740 1268 805 1296 Nou
826 1268 888 1297 sedi
908 1276 973 1296 cum

128 1315 248 1344 coneilio
269 1315 425 1348 vanitatis,
440 1319 466 1343 et
480 1324 546 1343 cum
561 1315 665 1353 z'iu'qaa
678 1315 845 1352 perentibus
859 1324 917 1343 non
932 1315 975 1343 ἰη-

129 1362 230 1390 troz'bo.
263 1362 305 1390 Sic
336 1362 437 1390 debent
468 1362 639 1398 poenitentes
664 1362 800 1390 malorum
827 1362 975 1391 contuber-

127 1409 173 1438 nia
193 1409 332 1437 declinare
360 1417 411 1438 nec
432 1409 533 1438 debent
565 1409 661 1438 timere
693 1418 790 1438 eorum
825 1410 975 1446 vituperia,

127 1456 257 1493 quoniam
285 1456 393 1484 «malis
414 1456 559 1493 displicere
582 1456 717 1485 laudabile
746 1460 787 1485 cst
803 1468 829 1490 ι),
852 1460 882 1484 ut
910 1456 975 1485 dicit

128 1503 241 1537 Seneca;
263 1511 313 1531 nec
334 1503 435 1531 debent
456 1506 585 1539 appetere
607 1511 703 1531 corum
721 1503 879 1540 praeconia,
901 1503 974 1540 quia,

128 1550 280 1579 secundum
303 1551 432 1579 Senecam
448 1550 474 1584 3,
501 1562 513 1575 <‹
529 1551 563 1579 sit
585 1550 631 1579 tibi
656 1554 709 1578 tam
733 1551 811 1579 triste
833 1551 937 1579 laudari
960 1559 976 1579 a

128 1597 267 1634 turpibus,
289 1605 372 1634 quam
395 1597 415 1625 si
438 1597 559 1626 lauderis
580 1598 615 1626 ob
637 1598 729 1634 turpia
745 1608 771 1631 »ς
798 1606 847 1626 nec
875 1598 976 1626 debent

128 1645 204 1681 sequi
228 1652 324 1673 eornm
347 1644 543 1681 blandiloquo,
567 1645 647 1673 iuxta
668 1644 736 1673 illud
761 1645 975 1673 Proverbiorum

128 1691 257 1729 primo4:
279 1691 338 1720 Ft'lt'
358 1691 414 1725 nn',
436 1691 464 1719 si
485 1695 509 1720 te
531 1691 703 1720 lactaverint
731 1695 912 1728 peccatores,
941 1701 976 1720 ne

127 1739 296 1776 acquiescas
311 1738 359 1767 eis.
376 1755 412 1758 m
428 1738 495 1774 Quis
509 1738 581 1767 enim
598 1741 652 1766 tam
668 1738 782 1772 delirus,
797 1739 855 1775 qui,
871 1739 891 1767 si
908 1739 975 1767 suis-

128 1788 169 1815 set
189 1786 223 1814 ab
244 1785 384 1822 aliquibus
406 1785 539 1822 spoliatus
560 1788 587 1814 et
608 1785 786 1820 vulneratus,
814 1785 849 1814 ad
877 1794 975 1815 eorum

128 1832 297 1862 consortium
320 1832 438 1866 rediret,
460 1832 510 1861 niSi
533 1832 604 1861 sorte
625 1832 664 1861 sic
684 1836 809 1862 armatus
830 1836 857 1862 et
885 1834 975 1862 muni-

128 1884 182 1915 tus,
203 1883 235 1908 ut
255 1888 302 1909 eos
323 1880 441 1917 spoliare
462 1882 563 1917 posset,
585 1880 628 1908 vel
650 1888 784 1917 superare
806 1880 975 1909 confideret?

128 1927 195 1964 Quis
215 1930 307 1956 autem
330 1927 453 1964 ignorat,
476 1935 559 1964 quam
581 1927 661 1955 inulti
683 1930 797 1964 propter
819 1928 889 1956 mala
911 1936 975 1956 con-

127 1974 212 2003 sortia
233 1977 297 2003 sunt
319 1974 397 2003 bonis
418 1974 546 2011 gratuitis
568 1974 675 2010 spoliati
697 1977 724 2002 et
745 1974 771 2002 in
795 1974 975 2003 bonis'natu-

127 2022 233 2050 ratibus
255 2021 412 2050 vulnerati?
434 2021 539 2050 Debent
560 2029 626 2057 ergo
647 2021 715 2050 tales
736 2029 834 2050 cavere
848 2030 864 2050 a
880 2022 974 2050 talium

128 2069 272 2102 societate,
294 2068 346 2096 nisi
367 2068 452 2102 forte,
477 2064 576 2096 armati
599 2069 656 2097 zelo
678 2068 800 2097 caritatis
821 2069 974 2102 fraternae,

128 2118 273 2153 sperarent
293 2123 340 2144 eos
361 2116 395 2144 ab
417 2115 561 2144 erroribus
583 2124 729 2149 revocare,
755 2116 826 2145 sicut
854 2116 899 2145 ille
927 2116 974 2153 qui

128 2163 250 2191 dicebat:
275 2163 308 2190 ln
329 2162 474 2190 matutino
496 2162 703 2199 interficiebant
725 2171 823 2191 omncs
843 2167 975 2200 peccato-

128 2217 174 2237 res
190 2212 293 2237 terrae.
306 2209 349 2238 Sic
360 2209 530 2245 poenitentes
545 2209 576 2237 in
590 2209 735 2237 matutino
750 2210 854 2246 gratiae
865 2209 974 2243 debent,

128 2259 259 2293 concepto
281 2256 395 2293 spiritu,
416 2257 503 2285 malos
517 2256 605 2285 socios
620 2260 755 2293 quantum
774 2257 807 2285 ad
830 2257 974 2291 malitiam,

128 2307 211 2340 prout
232 2306 360 2340 possunt,
383 2303 543 2339 interficere
564 2307 591 2332 et
611 2304 645 2332 ad
666 2304 783 2340 gratiam
805 2305 947 2333 suscitare.

207 2351 290 2379 Sexto
311 2350 411 2379 debent
433 2350 604 2387 poenitentes
619 2354 651 2379 at
664 2350 720 2387 [Itu
734 2351 807 2379 tucis
822 2351 976 2379 ambulare

127 2405 217 2425 sanos
238 2397 335 2425 oeulos
356 2397 521 2425 oblectando
546 2405 595 2434 per
617 2398 754 2426 bonorum
782 2398 974 2428 visitationem.

128 2444 171 2472 Sic.
192 2443 351 2472 ambulabat
372 2451 485 2480 sponsa,
500 2436 675 2472 Canticoruni
691 2448 792 2481 quarto
804 2445 830 2473 ⁵:
851 2446 973 2479 Vadam,

129 2491 233 2527 inquit,
256 2491 296 2519 aa
316 2495 441 2519 trientem
462 2490 605 2529 myrrhae
625 2495 650 2520 et
671 2492 712 2520 ad
736 2492 830 2520 collem
862 2492 975 2527 tlzurt's,

130 2538 180 2566 boc
202 2541 243 2566 est
264 2538 297 2566 ad
313 2538 388 2566 viros
403 2541 531 2567 austerae
547 2538 634 2572 vitae,
649 2539 696 2575 qui
713 2539 904 2576 significantur
927 2548 976 2576 per

128 2588 250 2613 montem
272 2584 430 2622 myrrhae,
453 2588 481 2613 et
501 2585 534 2613 ad
556 2585 630 2614 viros
662 2594 776 2622 magnae
807 2586 975 2620 devotionis,

128 2632 174 2668 qui
198 2631 388 2668 significantur
403 2640 452 2668 per
475 2632 571 2660 collem
588 2631 692 2661 thuris.
709 2633 752 2661 Sic
766 2632 867 2662 debent
882 2634 975 2670 poeni-

130 2681 216 2707 tentes
238 2678 336 2712 sacere,
359 2678 462 2707 scilicet
483 2678 620 2707 bonorum
635 2679 772 2708 consortia
787 2679 975 2716 frequentare,

1816 174 1871 200 *2⁹27

1033 241 1064 267 ut
1086 246 1182 267 eorum
1204 240 1349 269 foveantur
1371 242 1570 276 consolatione,
1599 244 1758 273 nutriantur
1783 248 1874 276 erudi-

1034 285 1106 313 tione
1127 289 1154 313 et
1175 286 1306 314 inventur
1328 287 1536 322 intercessione,
1557 289 1636 318 iuxta
1657 291 1724 319 illud
1746 292 1875 322 Ecclesia-

1033 331 1092 359 stici
1115 334 1209 360 sexto:
1232 333 1267 360 Iu
1288 333 1474 362 multitudine
1490 335 1728 373 presbyterorum
1747 339 1876 374 prudeu—

1033 378 1105 405 uam
1128 382 1184 411 sta,
1206 382 1230 406 et
1250 380 1411 416 saptentiae
1432 381 1549 409 illorum
1577 391 1611 410 cac
1642 384 1726 411 corde
1756 385 1875 413 concan-

1031 432 1107 460 gyere,
1130 425 1258 461 quoniam
1282 434 1334 454 non
1357 430 1398 455 est
1420 430 1511 456 tutum
1533 431 1628 457 contra
1650 433 1770 459 satanam
1786 432 1877 468 singu-

1035 470 1091 498 lare
1113 475 1251 499 certamen
1274 473 1393 508 aggredi.
1416 473 1455 501 De
1478 474 1528 502 lioc
1543 475 1677 511 scriptum
1693 480 1733 505 est
1750 478 1793 506 lob
1809 486 1877 514 qua-

1032 517 1188 554 dragesimo
1210 518 1314 554 primo:
1337 519 1401 547 Non
1423 524 1463 548 est
1486 530 1575 558 super
1597 526 1708 551 terram
1732 528 1875 561 potestas,

1032 573 1107 602 quae
1128 569 1316 602 comparetur
1337 566 1370 594 ei.

1113 611 1140 638 11.
1163 611 1220 639 Non
1241 612 1329 640 solum
1353 614 1530 649 poenitentes,
1553 616 1599 644 sed
1621 617 1701 645 etiam
1722 618 1876 654 proficien-

1032 661 1071 685 tes
1091 658 1171 686 docet
1192 658 1336 695 Apostolus
1357 660 1510 695 ambulare,
1533 670 1594 690 cum
1617 663 1697 692 dicit:
1719 665 1753 692 [lt
1766 665 1821 699 siut
1836 666 1876 694 lu·

1032 705 1073 733 ez's
1095 704 1249 733 ambulate.
1272 706 1411 742 Quantum
1433 708 1465 735 ad
1489 709 1662 744 proficientes
1683 714 1802 747 spectat,
1826 713 1875 741 lux

1032 751 1182 786 corporalis
1205 752 1382 781 materialiter
1396 753 1538 788 (ambulat,
1560 757 1662 785 scilicet
1683 762 1809 795 tempora
1826 769 1878 787 nu-

1032 798 1184 831 merando,
1200 799 1378 827 inttntlt'tc'am
1393 802 1547 835 seruando,
1563 803 1750 833 circulariter
1764 814 1793 833 se
1807 807 1878 834 mut-

1033 844 1210 881 tz'ptt'cantlo,
1233 845 1356 874 calorem
1378 849 1562 884 genet-ande,
1585 851 1685 878 radios
1712 851 1878 887 ‘reflectendo

1032 893 1059 918 et
1081 891 1206 928 angynlos
1227 893 1430 930 adaequando.
1454 895 1513 923 Istis
1535 904 1584 924 sex
1607 897 1694 925 modis
1708 898 1807 926 debent
1821 907 1878 927 am-

1032 937 1130 966 bulare
1152 939 1263 967 secundi
1286 939 1334 968 filii
1356 940 1433 969 lucis.
1457 942 1562 970 Debent
1583 943 1718 979 siquidem
1737 945 1879 974 ambulare

1034 987 1142 1021 tempus
1158 987 1329 1015 numerando
1345 996 1393 1023 per
1405 988 1566 1025 perfectam
1583 990 1878 1027 circamspceu'onem,

1034 1031 1197 1060 munditiam
1219 1033 1354 1062 servando
1379 1043 1428 1071 per
1450 1034 1613 1072 defectuum
1643 1037 1879 1072 declinationem,

1033 1077 1206 1107 circulariter
1228 1087 1257 1107 se
1279 1080 1488 1117 multiplicando
1510 1090 1559 1118 per
1577 1083 1786 1119 proximorum
1814 1084 1879 1112 iltu-

1033 1125 1238 1159 nunauonem,
1261 1127 1380 1155 calorem
1403 1129 1559 1165 generando
1580 1138 1630 1166 per
1652 1131 1814 1167 tepidorum
1838 1132 1880 1159 ἰη-

1032 1171 1276 1207 slammatt'onem,
1309 1174 1400 1203 radios
1431 1176 1598 1205 reflectendo
1629 1185 1678 1214 per
1700 1178 1878 1215 afflictorum

1033 1219 1272 1256 compassionem,
1294 1222 1410 1258 angulos
1431 1223 1609 1260 adaequando
1631 1232 1680 1261 per
1693 1226 1842 1262 passt'ont's
1856 1230 1879 1254 et

1033 1267 1245 1303 compassionis
1263 1270 1491 1306 proportionem.

1113 1314 1202 1342 Primo
1225 1315 1309 1351 igitur
1340 1316 1440 1345 debent
1473 1318 1647 1354 proficientes
1677 1324 1709 1348 nt
1729 1320 1786 1356 filu*
1807 1320 1880 1349 lucis

1033 1361 1187 1389 ambulare
1212 1365 1343 1399 tempora
1371 1365 1556 1393 numerando
1585 1374 1634 1402 per
1656 1367 1804 1403 perfectam
1827 1368 1880 1397 cir-

1033 1408 1276 1444 cumspectionem.
1301 1410 1337 1438 lta
1357 1411 1539 1447 spiritualiter
1560 1413 1711 1442 ambulavit
1733 1414 1879 1449 Abraham,

1032 1455 1144 1484 Genesis
1165 1456 1271 1485 decimo
1294 1458 1375 1485 tertio
1387 1458 1407 1491 ⁶,
1424 1466 1487 1487 cum
1502 1459 1605 1488 dictum
1622 1464 1662 1489 est
1678 1461 1701 1489 ei
1717 1470 1732 1489 a
1748 1462 1878 1491 Domino:

1034 1502 1108 1530 Lcua
1129 1502 1226 1531 oculos
1248 1507 1312 1531 tuos
1333 1508 1358 1532 ct
1380 1504 1442 1533 vide
1463 1513 1482 1533 a
1504 1505 1579 1539 loeo,
1602 1507 1633 1534 z'u
1654 1516 1710 1545 quo
1734 1517 1813 1537 nuuc
1834 1517 1878 1542 ee,

1033 1548 1073 1576 ad
1095 1550 1260 1586 aquilonem
1282 1554 1306 1578 et
1327 1552 1489 1586 meridiem,
1506 1553 1546 1581 ad
1560 1554 1697 1582 orientem
1712 1559 1736 1582 ct
1751 1556 1880 1584 occiden-

1033 1599 1095 1623 tem.
1118 1613 1156 1616 —
1172 1597 1222 1625 Per
1236 1601 1378 1633 aspectum
1394 1599 1603 1636 quadruplicem
1619 1601 1797 1638 intelligimus
1813 1611 1880 1639 qua-

1032 1642 1230 1672 drimembrem
1263 1644 1438 1681 profectuum
1468 1646 1758 1684 circumspectionem;
1784 1650 1880 1678 oriens

1033 1690 1152 1726 pertinet
1173 1690 1205 1718 ad
1227 1692 1392 1727 praeterita,
1415 1693 1546 1722 occidens
1567 1694 1600 1722 ad
1620 1695 1728 1730 futura,
1744 1697 1880 1725 meridies

1032 1736 1065 1765 ad
1088 1745 1236 1774 prospera,
1259 1739 1358 1776 aquilo
1380 1739 1412 1767 ad
1438 1740 1561 1769 adversa.
1585 1742 1654 1777 Quid
1676 1746 1717 1771 est
1741 1751 1807 1781 ergo
1828 1744 1880 1773 ista

1033 1784 1171 1820 respicere
1193 1785 1244 1813 nisi
1267 1786 1413 1821 providere
1435 1787 1643 1825 circumspecte,
1665 1794 1801 1826 quantum
1816 1799 1880 1828 pro—

1032 1830 1180 1859 ficiendum
1203 1832 1237 1860 sit
1258 1832 1285 1860 in
1307 1832 1410 1862 suturis
1432 1834 1562 1870 periculis
1584 1837 1726 1871 cavendis,
1749 1838 1775 1866 in
1801 1847 1880 1875 prae-

1034 1878 1121 1907 teritis
1143 1879 1324 1914 redimendis,
1347 1880 1372 1908 in
1395 1881 1518 1911 adversis
1539 1883 1687 1913 tolerandis
1712 1888 1738 1913 et
1767 1885 1793 1913 in
1816 1894 1880 1922 pro—

1033 1925 1122 1961 speris
1142 1926 1337 1955 moderandis?
1366 1928 1403 1956 lta
1433 1928 1534 1958 debent
1565 1930 1739 1966 proficientes
1771 1935 1880 1969 tempus

1033 1981 1115 2001 suum
1131 1973 1286 2010 disponere,
1308 1975 1443 2012 quidquid
1459 1976 1613 2006 faciendum
1630 1978 1673 2012 sit,
1689 1979 1798 2016 eligere,
1813 1980 1879 2016 quid

1033 2020 1144 2056 quando
1164 2020 1320 2050 faciendum
1343 2022 1386 2056 sit,
1409 2023 1546 2052 ordinare.
1573 2025 1623 2061 lpsi
1644 2026 1717 2054 enim
1746 2027 1879 2055 aedificati

1033 2071 1098 2096 sunt
1118 2068 1273 2097 aedificium
1298 2069 1432 2104 virtuale,
1454 2073 1481 2099 et
1504 2071 1564 2100 ideo
1596 2072 1696 2101 debent
1727 2075 1881 2102 necessaria

1032 2115 1148 2143 sollicite
1179 2116 1341 2152 providere,
1371 2117 1478 2146 dicente
1509 2118 1625 2147 Domino
1657 2120 1744 2149 Lucae
1775 2121 1880 2150 decimo

1032 2165 1132 2199 quarto
1145 2163 1171 2190 ⁷:
1196 2163 1268 2199 Quis
1289 2172 1323 2192 ex
1344 2164 1434 2198 *vobis
1455 2165 1551 2194 votem
1576 2167 1685 2195 turrim
1705 2168 1879 2204 aedificare,

1032 2218 1090 2237 non
1109 2209 1198 2246 prius
1218 2210 1318 2238 Sedens
1339 2215 1487 2248 computat
1507 2216 1638 2247 sanitas,
1671 2214 1723 2251 qui
1751 2223 1879 2243 neccssa-

1032 2256 1074 2284 νὴ
1094 2260 1172 2290 sunt,
1194 2257 1222 2285 st*
1241 2257 1346 2286 lrabeat
1366 2259 1406 2287 ad
1424 2259 1657 2296 perficiendum?

1112 2304 1236 2333 Secundo
1258 2305 1358 2334 debent
1380 2306 1555 2342 proficientes
1576 2311 1608 2335 vut
1632 2308 1688 2343 sitit
1716 2308 1789 2337 lucis
1817 2318 1879 2337 am-

1034 2350 1135 2379 bulare
1156 2352 1336 2380 nuc-ntlz'tt'ant
1356 2354 1502 2382 seruando
1524 2362 1573 2390 per
1588 2354 1745 2383 defectuum
1760 2355 1879 2384 declina-

1033 2397 1144 2426 tionem.
1168 2398 1210 2427 Sic
1231 2399 1375 2428 ambulare
1397 2401 1541 2437 proposuit
1562 2401 1701 2435 Salomon,
1724 2410 1786 2430 cun]
1809 2403 1880 2431 dixit

1033 2445 1211 2474 Ecclesiastae
1226 2447 1347 2475 secundo
1359 2447 1385 2475 S:
1401 2448 1533 2485 Cogyz‘taw'
1543 2449 1573 2476 tn
1588 2449 1674 2477 eorde
1688 2458 1748 2477 mco
1764 2449 1878 2478 abstra-

1034 2491 1099 2520 ltere
1120 2501 1139 2521 a
1160 2493 1227 2521 vino
1260 2502 1379 2522 carnem
1410 2503 1521 2529 meam,
1555 2499 1585 2523 ut
1617 2496 1749 2524 (mimum
1782 2505 1878 2525 meam

1033 2538 1228 2576 transferrem
1243 2540 1283 2568 ad
1296 2541 1471 2577 sapientiam
1488 2542 1701 2580 devitaremque
1714 2543 1877 2571 stultitiam.

1033 2586 1164 2615 Similiter
1185 2587 1329 2615 ambulare
1352 2588 1438 2617 voluit
1461 2589 1605 2625 Propheta,
1627 2597 1690 2618 cum
1712 2590 1764 2618 ait:
1782 2591 1815 2618 Et
1830 2599 1878 2618 ero

1033 2633 1243 2662 inmaculatus
1264 2642 1330 2662 cnm
1353 2643 1393 2668 eo,
1415 2639 1440 2663 et
1461 2635 1616 2664 observabo
1635 2645 1679 2664 me
1707 2636 1742 2664 ul)
1771 2637 1878 2674 t'iii‘csust‘-

1034 2684 1089 2709 tate
1110 2689 1183 2708 mea.
1208 2681 1244 2709 [ta
1265 2681 1365 2709 debent
1398 2682 1573 2718 proficientes
1604 2682 1726 2711 defectus
1758 2683 1876 2717 evitare,

191 2838 199 2851 1
218 2839 300 2861 Psalm.
317 2840 354 2866 76,
376 2840 415 2866 ll;
433 2843 562 2868 sequuntur
579 2841 593 2863 1.
611 2840 663 2863 Cor.
681 2842 704 2868 2,
722 2843 758 2864 12.
776 2845 798 2865 et
816 2843 858 2866 lac.
876 2843 896 2870 lt,
916 2843 935 2865 4,

191 2877 200 2890 ²
218 2878 299 2900 Psalm.
317 2879 354 2906 25,
373 2878 393 2900 Ιι.
414 2891 441 2894 —
459 2879 567 2907 Sequitur
585 2880 679 2908 Seneca,
696 2881 806 2909 Excerpta
824 2882 853 2904 de
865 2883 975 2905 remediis

129 2917 282 2939 fortuitorum.

191 2954 200 2967 ³
218 2957 326 2984 Excerpta
344 2956 373 2979 de
390 2956 535 2979 continentia.

1094 2843 1103 2855 '¹
1122 2838 1186 2865 Vers.
1208 2844 1246 2870 10;
1264 2843 1368 2872 sequitur
1385 2844 1420 2865 ps,
1443 2844 1491 2870 100,
1509 2844 1530 2865 8.

1095 2882 1104 2894 ⁵
1122 2883 1187 2904 Vers.
1205 2883 1231 2910 ὃς
1249 2885 1377 2911 sequuntur
1394 2882 1460 2904 Eccli.
1481 2883 1502 2908 6,
1520 2882 1556 2904 35.
1574 2885 1596 2904 et
1613 2882 1651 2904 lob
1670 2882 1706 2909 41,
1725 2882 1761 2904 21».

1095 2920 1104 2933 ⁶
1123 2921 1187 2943 Vcrs.
1209 2920 1242 2943 14.
1731 2920 1739 2933 ⁷
1757 2921 1821 2943 Vcrs.
1840 2922 1877 2943 28.

1095 2959 1103 2971 Β
1122 2960 1186 2982 Vers.
1205 2960 1231 2986 3,
1249 2963 1378 2988 sequuntur
1396 2960 1429 2982 Ps.
1453 2960 1486 2987 17,
1504 2959 1541 2982 24.
1559 2963 1580 2982 et
1597 2960 1664 2982 pror.
1683 2959 1703 2987 4,
1721 2960 1757 2982 23.

1894 623 1939 642 Pars
1952 624 1973 642 ll.
1988 624 2014 643 De

1898 647 2011 670 proficienti·

1932 670 1973 689 bus.

1894 763 1930 782 Sex
1945 765 2021 783 ett‘ectus

1925 787 1979 806 lucis.

1905 996 1940 1014 Sex
1967 1002 2006 1015 rae-

1908 1021 1948 1037 stan
1963 1025 1974 1038 a
1989 1026 1999 1038 a

1899 1043 2012 1066 proficienti-

1934 1067 1975 1084 bus.

1897 1324 1924 1343 De
1937 1324 2004 1348 primo*

1893 1607 1978 1633 Quatuor
1984 1607 2026 1633 ‘cir-

1898 1635 2022 1672 οιιωὲἓιοιεο-

1897 2309 1924 2327 De
1935 2309 2023 2328 secundo.
