2243 3348
19 641 21 662 -
19 631 21 635 .
18 611 22 626 ..
16 556 23 606 ...a-21
17 539 22 551 ,.
22 495 23 504 a
22 482 23 490 a

21 778 30 793 s
40 773 70 793 ΙΙΙ.
85 773 114 791 De

14 806 18 814 i
23 796 114 816 emtione

18 825 75 840 ornae
87 819 116 838 iu-

14 835 97 863 teitaus.

10 1109 11 1114 =
17 1099 109 1119 ihdivisio.

0 1474 17 1495 'tv
28 1473 111 1500 membro

14 1502 85 1521 ιρι-πηο-

22 2034 108 2054 secundo.

744 173 902 202 DOMINICA
924 174 955 202 lN
977 174 1074 202 ALBIS.
1096 174 1205 203 SERMO
1226 175 1254 202 ll.
1812 184 1863 211 :291

128 254 294 292 sapientialis
315 252 520 286 oblectationis,
548 259 631 288 quam
660 250 770 287 quidem
799 250 972 279 dulcedinem

127 299 400 337 experituranima,
422 297 532 335 quando
553 297 614 325 eius
634 296 749 325 affectus
775 300 817 325 est
838 299 974 333 purgatus

127 356 143 375 a
164 349 341 383 peccatorum
361 344 553 377 foeditatibus,
568 343 628 372 eius
648 343 803 371 intellectus
817 343 974 371 abstractus

127 402 143 422 a
164 393 340 422 sensibilibus
369 391 529 430 speciebus,
558 398 574 418 a
600 389 780 426 phantasticis
809 389 974 426 imaginibus

127 444 154 468 et
175 438 372 476 philosophicis
394 437 555 465 rationibus.
572 436 647 465 Unde
669 436 838 472 Augustinus
859 435 892 464 de
914 435 974 463 Tri-

127 487 212 515 nitate
228 487 253 513 ¹:
280 486 374 513 «Haec
397 484 463 513 visio
480 484 550 520 rapit
571 484 613 512 sui
633 482 769 512 desiderio
786 490 894 511 omnem
916 482 974 510 ani-

126 540 216 566 mam,
239 535 314 560 tanto
329 531 514 560 ardentiorem
530 534 634 567 quanto
650 530 840 563 mundiorem,
855 532 883 558 et
897 532 972 557 tanto

126 579 300 607 mundiorem
332 581 436 615 quanto
464 577 497 606 ad
526 577 680 614 spiritualia
707 579 915 613 assurgentem,
948 579 974 604 et

127 628 203 654 tanto
225 625 258 653 ad
274 625 429 661 spiritualia
449 627 640 660 assurgentem
656 626 759 660 quanto
780 631 796 651 a
817 622 975 651 carnalibus

127 672 290 701 morientem
304 667 332 699 ⁴».

207 718 245 745 lll.
262 718 354 746 Tertio
368 720 481 746 notatur
496 717 627 745 internae
643 715 836 745 iucunditatis
854 715 974 743 obleeta-

128 765 176 798 tio,
191 772 255 793 cum
271 764 459 792 subinfertur:
473 763 573 801 gavisi
585 767 663 796 sunt,
680 763 745 799 quia
760 762 827 790 illud
842 761 973 798 gaudium

127 811 296 848 sapientialis
316 811 506 839 oblectationis
535 810 629 839 nullus
658 813 746 846 potest
773 808 895 845 experiri
922 808 974 836 nisi

126 858 221 895 prius,
243 857 419 894 appropriate
436 856 587 893 loquendo,
609 864 624 884 a
646 855 779 892 sapientia
800 855 856 883 Filii
872 855 974 883 illumi-

127 907 226 939 netur,
248 904 346 933 deinde
366 912 382 932 a
404 903 525 940 potentia
550 903 637 931 Patris
665 903 692 930 in
716 902 804 930 filium
827 901 974 938 adoptetur

127 955 154 980 et
175 954 269 988 postea
289 951 394 980 deliciis
408 951 528 987 Spiritus
549 950 634 979 sancti
658 950 807 986 repleatur.
831 948 891 977 ldeo
906 949 974 984 Apo—

127 998 188 1027 stoli
211 1000 238 1026 et
259 998 318 1026 eius
347 997 498 1026 imitatores
518 997 552 1025 ad
574 997 641 1030 hoc,
670 1000 701 1024 ut
730 996 864 1024 haberent
886 995 974 1031 perfe—

127 1047 203 1073 ctum
233 1044 364 1081 gaudium
393 1044 517 1072 internae
544 1043 749 1076 oblectationis,
777 1042 875 1079 pavisi
905 1045 975 1069 sunt

127 1092 234 1128 primo,
249 1091 282 1120 de
304 1091 464 1128 coynitione
485 1091 591 1127 primae
614 1090 758 1123 Veritatis;
781 1089 917 1121 secundo,
940 1089 973 1117 de

127 1138 319 1176 acquisitione
340 1140 491 1174 perpetuae
513 1137 688 1170 hereditatis;
711 1136 805 1170 tertio,
834 1136 868 1164 de
886 1144 973 1172 prae-

124 1184 419 1222 gustationedivinae
447 1184 599 1213 suavitatis.
628 1183 740 1212 Ratione
767 1183 848 1219 primi
875 1190 971 1211 eorum

126 1231 257 1269 gaudium
272 1231 325 1259 fuit
341 1239 438 1259 verum
454 1239 504 1267 per
522 1230 686 1259 amotionem
708 1229 784 1264 l'alsi;
805 1229 910 1258 ratione
932 1237 973 1257 se-

126 1278 207 1307 cundi
221 1285 317 1306 eorum
333 1277 464 1314 gaudium
476 1277 528 1305 fuit
543 1280 710 1314 perpetuum
723 1284 771 1313 per
783 1276 972 1305 exclusionem

126 1324 251 1358 termini;
280 1325 386 1353 ratione
414 1324 486 1353 tertii
509 1332 606 1352 eorum
635 1323 765 1361 gaudium
788 1323 839 1352 fuit
860 1323 972 1359 plenum

126 1375 239 1409 propter
261 1371 469 1408 completionem
491 1371 628 1399 desiderii.

206 1418 296 1447 Primo
308 1418 408 1455 pavisi
419 1422 489 1446 sunt
504 1417 645 1446 veraciter
657 1418 715 1446 sine
729 1417 899 1446 admixtione
914 1416 973 1445 falsi

126 1465 158 1494 in
186 1465 345 1503 cognitione
367 1465 486 1502 primae
513 1464 654 1493 veritatis.
685 1465 716 1492 Et
736 1464 770 1493 de
799 1464 850 1492 hoc
871 1464 973 1492 dicitur

127 1512 255 1541 leremiae
276 1512 382 1540 decimo
413 1511 510 1548 quinto
525 1512 552 1539 2:
582 1512 706 1540 Factum
738 1515 779 1539 est
808 1510 883 1539 milti
910 1519 973 1539 tier-

127 1559 195 1588 bum
217 1563 300 1587 tuum
321 1559 353 1587 in
372 1559 519 1596 gaudium
534 1562 559 1586 el
577 1558 607 1587 in
627 1558 768 1587 laetitiam
790 1558 887 1586 cordis
908 1558 972 1586 mei.

127 1606 249 1635 Verbum
270 1605 411 1639 divinum,
437 1609 583 1642 postquam
612 1605 734 1642 perfecta
760 1604 813 1633 fide
840 1604 973 1638 creditur,

125 1653 163 1682 ita
184 1653 254 1681 miro
277 1653 356 1681 modo
377 1653 509 1687 delectat,
537 1660 600 1681 oum
622 1652 796 1689 intelligitur,
818 1655 849 1681 ut
868 1652 921 1688 fiat
942 1652 973 1680 in

124 1699 271 1737 ¹qauclium
292 1703 317 1728 et
331 1700 474 1728 laetitiam
495 1699 593 1728 cordis
611 1699 796 1735 intelligentis.
819 1699 894 1728 Unde
909 1699 974 1727 Ber—

125 1746 268 1775 nardus³:
295 1757 308 1771 «
326 1746 398 1775 Nihil
420 1746 550 1775 libentius
577 1746 771 1782 intelligimus,
793 1754 876 1782 quam
899 1745 973 1782 quod

126 1793 265 1822 credimus
285 1793 338 1822 fide
353 1805 380 1827 n,
402 1800 465 1821 cum
487 1796 577 1821 tamen
600 1793 682 1821 homo
697 1800 750 1821 non
772 1792 902 1821 assentiat
918 1792 973 1828 pri-

126 1847 187 1868 mae
215 1839 323 1868 veritati
353 1842 466 1876 propter
485 1839 637 1873 rationem,
666 1839 712 1867 sed
741 1839 830 1867 solum
860 1841 973 1875 propter

126 1886 187 1915 eius
207 1894 346 1920 amorem,
368 1886 433 1923 quia
457 1889 521 1915 tunc
546 1886 616 1914 ratio
638 1887 760 1915 humana
781 1894 836 1914 non
858 1888 974 1914 evacuat

127 1933 274 1967 meritum,
297 1933 343 1962 sed
364 1936 447 1970 auget
468 1933 558 1962 cordis
579 1933 716 1962 solatium.

205 1980 329 2008 Secundo
348 1980 448 2017 yavz'si
471 1984 540 2008 sunt
559 1980 766 2017 perpetualiter
794 1980 852 2008 sine
874 1979 972 2016 praefi-

126 2026 209 2055 xione
230 2026 339 2055 termini
362 2027 396 2055 de
416 2027 607 2065 acquisitione
627 2030 782 2063 perpetuae
796 2025 972 2054 hereditatis.

127 2073 159 2101 Et
179 2073 212 2101 de
233 2073 285 2102 hoc
306 2073 408 2102 dicitur
436 2074 524 2102 Lucae
552 2073 659 2102 decimo
674 2074 700 2101 4:
727 2073 855 2102 Gaudete
880 2077 904 2101 et
925 2081 972 2101 ex-

126 2119 247 2153 sultate,
269 2121 346 2158 quocl
359 2120 481 2149 nomina
495 2123 592 2148 vestra
606 2120 719 2157 scripta
732 2123 802 2148 sum
823 2120 853 2148 in
868 2119 973 2153 eaelis;

127 2165 235 2195 Glossa:
263 2167 352 2195 «Sive
374 2167 515 2201 caelestia,
545 2167 602 2196 sive
630 2167 774 2195 terrestria
801 2174 885 2203 opera
911 2166 973 2203 quis

127 2214 258 2250 gesserit,
280 2222 329 2251 per
352 2214 419 2242 baec
433 2214 511 2251 quasi
529 2214 626 2243 litteris
647 2217 811 2247 annotatus,
833 2214 906 2250 apud
924 2213 972 2242 Dei

127 2261 288 2290 memoriam
310 2261 486 2290 aeternaliter
515 2264 555 2290 est
576 2261 720 2290 affixus».
750 2261 817 2289 Cum
839 2268 905 2297 ergo
933 2260 973 2289 di-

127 2308 224 2344 scipuli
247 2308 347 2336 Christi
363 2311 460 2345 gerant
474 2316 558 2344 opera
579 2308 721 2342 caelestia,
743 2311 770 2337 et
790 2316 887 2336 eorum
907 2316 972 2336 eon-

126 2347 253 2383 versatio
274 2355 305 2382 in
326 2355 413 2383 caelis
434 2354 472 2383 sit
486 2354 515 2388 ⁵,·
543 2355 641 2384 merito
672 2355 866 2383 attribuuntur
888 2362 972 2391 regno

127 2404 277 2438 perpetim,
299 2402 332 2430 ad
353 2402 434 2430 euius
455 2402 615 2430 memoriam
638 2405 693 2430 tota
714 2402 805 2430 anima
823 2402 924 2438 gaudet
945 2401 971 2429 in

127 2448 264 2484 praesenti
287 2448 438 2476 secundum
465 2448 658 2476 rectitudinem
689 2448 750 2476 fidei
777 2451 804 2476 et
829 2451 973 2485 exspecta-

130 2493 229 2523 tionem
252 2495 325 2531 spei;
348 2494 415 2523 odor
444 2495 516 2523 enim
545 2495 619 2523 illius
646 2503 783 2532 supernae
812 2495 973 2523 hereditatis

127 2548 237 2569 omnem
258 2541 376 2569 animam
399 2541 432 2570 ad
457 2541 632 2578 gaudendum
660 2542 760 2575 trahit,
782 2549 814 2570 eo
843 2541 916 2578 quod
945 2542 970 2570 in

99 2623 102 2625 Ι
128 2595 160 2617 ea
180 2588 415 2625 concupiscentias
436 2589 539 2617 excitat
560 2589 721 2617 aeternales.

191 2768 198 2780 ¹
216 2768 276 2791 Libr.
296 2770 317 2791 ll.
336 2776 355 2792 c.
377 2770 409 2791 17.
429 2776 450 2792 n.
469 2771 504 2792 28.
518 2783 548 2786 —
561 2771 646 2793 Deliae
663 2771 764 2793 secunda
778 2774 842 2799 parte
858 2772 972 2794 sermonis

128 2809 256 2830 conseratur
273 2814 343 2836 supra
355 2815 423 2833 serm.
440 2810 458 2831 l.
469 2809 491 2831 in
504 2810 576 2832 Nativ.
590 2810 656 2832 nom.
669 2816 721 2838 pars
733 2811 765 2832 111.
825 2809 833 2823 ²
853 2811 915 2832 Vei-s.
939 2811 972 2833 16.

191 2846 199 2858 ³
216 2846 278 2869 Libr.
295 2847 323 2869 V.
340 2847 370 2869 de
386 2847 479 2870 Consid.
497 2854 517 2870 c.
542 2849 563 2870 3.
585 2855 608 2871 n.
633 2849 657 2870 G:
675 2849 733 2870 Nihil
754 2853 831 2871 autem
856 2850 972 2871 malumus

129 2885 198 2913 scire,
216 2891 286 2914 quam
304 2892 365 2914 quae
382 2887 426 2908 fide
443 2887 488 2908 iam
506 2887 602 2911 sciinuS.

191 2923 200 2935 ⁴
219 2924 282 2946 Vers.
301 2925 337 2946 20.
354 2937 385 2941 —
402 2925 509 2953 Sequitur
521 2925 598 2948 Glossa
612 2925 737 2949 ordinaria
749 2925 784 2955 (ex
803 2927 863 2949 Beda
877 2927 898 2949 in
912 2928 972 2949 hunc

128 2963 222 2991 locum).

1109 252 1201 280 Tertio
1221 252 1320 288 gyavtst
1346 258 1415 281 sunt
1443 256 1720 290 superessentialiter
1749 258 1774 286 in
1797 267 1869 287 com·
1886 265 1913 283 De
1927 267 1988 285 *eruo-

1030 297 1148 333 pletione
1169 298 1296 326 desiderii
1318 307 1383 326 cum
1405 300 1601 336 degustatione
1628 302 1745 331 divinae
1771 307 1870 334 Suavi-

1031 343 1116 375 tatis,·
1144 347 1171 372 et
1198 344 1231 372 de
1258 345 1308 372 hoc
1336 345 1437 373 dicitur
1465 346 1547 375 Isaiae
1575 347 1712 376 ultimo⁶:
1745 350 1870 380 Gaudete

1030 396 1097 416 euni
1120 389 1279 418 Ierusalem
1300 391 1411 427 gyauslio
1426 392 1573 426 universi,
1596 394 1647 430 qui
1660 394 1761 431 lityelis
1782 405 1869 433 super

1030 443 1110 468 earn,
1133 439 1166 463 ut
1184 436 1300 472 suyatz's
1327 440 1352 464 et
1373 437 1545 473 repleamini
1571 439 1607 467 ab
1630 440 1715 468 ubere
1742 443 1870 471 consola-

1031 481 1118 509 tionis
1139 482 1217 515 eiua,
1239 486 1271 510 ut
1299 483 1453 520 mulqealis
1473 488 1497 512 el
1526 485 1635 514 deliciis
1664 487 1804 524 affluatis.
1834 507 1871 511 -

1031 527 1082 563 Qui
1104 527 1175 555 enim
1198 528 1296 556 volunt
1320 529 1449 558 devenire
1476 531 1509 558 ad
1531 539 1675 561 excessum
1704 536 1870 572 contempla-

1032 574 1112 602 tionis
1135 574 1212 611 prius
1226 575 1327 603 debent
1341 583 1369 604 se
1388 584 1436 612 per
1452 577 1570 605 lamenta
1588 580 1769 614 poenitentiae
1790 589 1871 610 exer-

1031 627 1093 648 cere
1115 620 1142 648 in
1157 623 1231 649 statu
1245 621 1374 655 actionis,
1390 623 1455 659 quia
1470 626 1535 652 tunc
1552 625 1642 653 anima
1661 628 1869 663 contemplativa

1032 669 1134 694 tantam
1156 667 1327 696 dulcedinem
1350 669 1453 705 gratiae
1481 674 1562 706 supet
1587 671 1622 699 ab
1645 672 1781 701 uberibus
1806 682 1871 702 eon-

1030 713 1182 741 solutionis
1196 713 1315 749 Spiritus
1336 715 1437 748 sancti,
1460 718 1491 744 ut
1512 719 1567 744 tota
1589 718 1692 753 repleta
1713 723 1739 747 et
1762 720 1871 755 perfusa

1032 767 1117 796 supra
1138 759 1260 788 humana
1288 760 1314 788 in
1343 762 1506 790 caelestibus
1532 763 1655 792 elevetur
1676 768 1703 793 et
1731 774 1815 802 supra.
1842 775 1870 795 se

1031 805 1118 842 ipsam
1142 806 1168 833 in
1184 806 1400 835 sublimitatibus
1415 809 1599 844 suspendatur
1614 814 1640 838 et
1661 819 1675 838 a
1690 819 1719 839 se
1740 812 1797 848 ipsa
1811 814 1873 842 alie-

1031 856 1113 881 netur
1135 856 1162 881 et
1185 856 1259 881 tanto
1280 853 1389 882 interno
1416 855 1535 890 tripudio
1556 856 1707 885 delectetur
1728 862 1755 886 et
1776 855 1873 887 iucun-

1030 899 1122 933 detui·,
1145 903 1176 928 ut
1197 900 1284 936 magis
1308 900 1385 929 ebria
1413 909 1495 937 quam
1525 902 1616 931 sobria
1637 903 1771 932 videatur.
1798 906 1872 935 Unde

1031 950 1058 975 et
1078 955 1156 975 sacra
1178 947 1321 984 Scriptura
1343 948 1509 985 quandoque
1531 949 1603 977 illam
1629 950 1800 980 dulcedinem
1820 962 1875 989 yu-

1030 997 1109 1021 stum
1127 994 1261 1030 appellat,
1284 994 1450 1031 quaudoque
1471 995 1634 1024 ebrietatem
1655 1000 1741 1026 vocat.
1758 998 1830 1032 ldeo,
1853 999 1874 1027 si

1031 1040 1104 1069 Deus
1126 1040 1232 1069 modica
1253 1041 1340 1075 stilla,
1362 1041 1396 1070 de
1418 1042 1463 1070 illo
1492 1046 1614 1071 torrente
1639 1046 1729 1072 tantae
1754 1044 1875 1073 dulcedi-

1030 1087 1073 1116 nis
1094 1087 1199 1124 dilapsa
1220 1090 1247 1116 et
1267 1088 1397 1116 distillata
1418 1089 1501 1117 menti
1526 1090 1676 1124 humanae,
1698 1091 1736 1119 ita
1757 1091 1875 1127 perfecte

1030 1134 1164 1169 inebriat,
1186 1135 1252 1171 quid
1274 1135 1342 1169 erit,
1365 1135 1475 1172 quando
1497 1136 1587 1165 anima
1606 1138 1724 1166 totaliter
1745 1138 1874 1167 absorbe-

1031 1181 1106 1210 bitur
1124 1185 1151 1210 et
1166 1181 1349 1210 inebriabitur
1364 1182 1391 1210 in
1408 1182 1453 1210 illo
1468 1183 1563 1220 pelago
1578 1184 1699 1212 infinitae
1718 1185 1874 1214 felicitatis?

1031 1227 1098 1255 Cum
1120 1235 1186 1264 ergo
1201 1228 1227 1256 in
1244 1236 1300 1256 una
1314 1232 1392 1265 gutta
1407 1229 1526 1265 perfecte
1546 1230 1636 1258 anima
1657 1231 1795 1267 liquescit,
1814 1232 1875 1260 dul-

1031 1278 1144 1303 coratur
1165 1277 1192 1303 et
1213 1275 1398 1311 iucundatur,
1413 1278 1446 1304 ut
1466 1284 1519 1304 non
1542 1277 1626 1313 possit
1647 1278 1764 1314 exprimi
1787 1286 1875 1315 neque

1030 1321 1155 1355 narrari3
1178 1322 1266 1350 multo
1288 1322 1380 1351 minus
1402 1325 1458 1351 tota
1479 1323 1595 1359 abyssus
1616 1325 1716 1361 poterit
1740 1325 1873 1361 cognosci.

1031 1368 1106 1396 Unde
1127 1369 1340 1405 Chrysostomus
1355 1369 1381 1397 ⁷:
1408 1381 1421 1394 «
1437 1369 1611 1399 Gaudeamus
1636 1379 1685 1400 nos
1707 1372 1795 1400 meriti
1818 1380 1875 1400 ma-

1030 1415 1172 1451 gnitudine
1193 1416 1346 1450 donorum,
1368 1424 1439 1453 quae
1461 1417 1506 1445 hic
1524 1417 1673 1454 accipimus
1701 1422 1727 1446 et
1748 1426 1818 1455 quae
1844 1419 1875 1446 il-

1030 1461 1076 1490 luc
1097 1466 1292 1499 exspectamus
1306 1475 1333 1490 ».
1356 1463 1492 1500 Rogemus
1513 1472 1579 1501 ergo
1600 1467 1650 1493 etc.

1365 1566 1456 1594 Sentio
1478 1566 1497 1593 ll
1513 1565 1532 1593 Β.

1101 1659 1229 1685 Dominica
1247 1660 1273 1684 in
1293 1660 1381 1685 octava
1399 1659 1518 1684 Paschae.
1539 1660 1622 1685 Sermo
1644 1660 1730 1685 fratris
1749 1661 1874 1686 Bonaven-

1031 1702 1102 1727 turae
1122 1703 1254 1727 Fratribus
1274 1702 1400 1733 Parisius,
1420 1703 1444 1727 in
1465 1703 1580 1734 Capitulo
1599 1703 1628 1728 de
1646 1711 1725 1728 mane.

1112 1792 1218 1825 Omne,
1240 1789 1318 1830 ¹quocl
1339 1797 1443 1821 παίωνι
1472 1796 1512 1820 est
1533 1801 1567 1820 eac
1589 1793 1662 1826 Deo,
1684 1793 1772 1821 ruincit
1793 1801 1875 1821 mun—

1031 1840 1112 1873 dum,
1135 1840 1240 1876 primae
1262 1839 1369 1868 Ioannis
1390 1840 1487 1876 quinto
1500 1840 1518 1867 ⁰.

1109 1886 1185 1915 Duae
1206 1886 1407 1923 propositiones
1428 1886 1455 1914 in
1477 1887 1553 1915 brevi
1581 1887 1664 1915 verbo
1686 1887 1737 1915 isto
1760 1890 1874 1924 tangun-
1892 1885 1969 1904 0111510·

1031 1936 1093 1968 tur,
1115 1933 1218 1962 scilicet
1249 1941 1304 1961 una
1332 1934 1528 1968 universalis,
1552 1934 1662 1962 mittens
1689 1934 1722 1962 ad
1743 1934 1874 1971 originale

1030 1980 1197 2017 principium
1230 1980 1499 2017 recognoscendum,
1528 1988 1591 2009 cum
1619 1981 1735 2009 dicitur:
1769 1981 1873 2014 Omne,

1031 2027 1107 2065 quod
1127 2030 1232 2055 natum
1252 2031 1291 2055 est
1312 2036 1347 2055 ex
1371 2028 1440 2061 Deo,
1463 2035 1512 2063 per
1534 2027 1767 2061 conformitatem;
1789 2028 1875 2056 altera

1028 2074 1238 2111 particularis,
1255 2074 1366 2103 mittens
1380 2074 1413 2102 ad
1429 2082 1527 2103 verum
1543 2074 1636 2103 mundi
1652 2075 1736 2103 huius
1754 2078 1875 2103 conteni-

1031 2124 1125 2158 ptum,
1148 2129 1211 2149 cum
1233 2121 1360 2149 additur:
1384 2121 1473 2150 uincit
1492 2122 1653 2155 inunctum,
1670 2130 1719 2158 per
1735 2122 1872 2150 virtutem.

1109 2168 1188 2197 Circa
1209 2172 1296 2197 totum
1319 2172 1398 2203 nota,
1420 2169 1493 2206 quod
1509 2177 1573 2202 nos,
1589 2169 1635 2205 qui
1651 2177 1755 2197 sitinus
1769 2178 1803 2197 ea·
1820 2169 1874 2197 Deo

1030 2216 1110 2249 nati,
1133 2223 1182 2252 per
1210 2216 1325 2252 gratiam
1356 2219 1577 2253 regenerantem,
1605 2215 1736 2244 debemus
1762 2216 1874 2244 vincere
1887 2213 2010 2259 ,ξιξζῑξζῑῗψῇῗ

1030 2262 1191 2295 mundum,
1208 2262 1234 2290 id
1249 2265 1290 2291 est
1306 2262 1399 2290 mundi
1421 2262 1616 2295 stoliditatem,
1633 2270 1681 2298 per
1696 2262 1757 2290 fidei
1774 2262 1872 2290 verita-
1886 2260 1971 2283 ‘'mplex-

1031 2312 1099 2343 tem;
1116 2309 1222 2337 loannis
1238 2309 1327 2346 primo
1337 2309 1374 2337 lo:
1393 2309 1474 2338 Dedit
1488 2309 1528 2337 eis
1539 2313 1715 2345 potestatem,
1732 2308 1807 2345 filios
1824 2309 1874 2337 Dei

1029 2355 1105 2392 lieri,
1128 2354 1173 2384 lits
1190 2356 1242 2393 qui
1262 2356 1384 2384 credunt
1405 2356 1435 2384 in
1456 2356 1572 2384 nomine
1589 2356 1666 2389 eius,
1689 2356 1741 2393 qul
1760 2364 1817 2383 non
1839 2364 1873 2383 eac

1029 2402 1227 2439 sctngyuz'nibus
1242 2412 1330 2440 neque
1344 2412 1379 2431 ex
1394 2403 1540 2431 voluntate
1560 2403 1661 2430 carnis
1676 2411 1764 2440 neque
1778 2411 1812 2430 eac
1826 2411 1873 2430 vo-

1030 2448 1139 2477 luntate
1160 2449 1235 2482 viri,
1257 2449 1308 2477 sect
1328 2458 1362 2477 eac
1386 2449 1441 2477 Deo
1472 2449 1536 2477 nati
1555 2452 1631 2477 suut.
1654 2465 1691 2468 -κ
1717 2448 1874 2485 Frayz‘lila-

1029 2498 1100 2529 teni,
1122 2503 1171 2532 per
1200 2495 1256 2532 spei
1289 2496 1480 2529 stabilitatem;
1510 2495 1616 2523 Ioannis
1643 2495 1748 2523 decimo
1777 2498 1871 2523 sexto:

1030 2542 1150 2576 Mulier,
1172 2550 1240 2570 eum
1265 2542 1365 2579 parit,
1388 2542 1539 2571 tristitiam
1570 2541 1668 2575 habet,
1698 2542 1769 2580 quia
1799 2542 1874 2569 venit

1029 2588 1103 2617 liora
1124 2590 1204 2623 eius;
1219 2598 1285 2618 curn
1308 2593 1405 2618 autem
1426 2589 1568 2626 pepererit
1583 2597 1725 2625 puerum,
1741 2589 1802 2616 iant
1816 2597 1874 2616 non

1091 2771 1100 2783 ὅ
1118 2771 1171 2793 Phil.
1190 2772 1216 2798 3,
1235 2771 1271 2792 ⁵20.
1610 2769 1620 2782 ὃ
1637 2769 1692 2797 Cap.
1709 2770 1752 2797 66,
1774 2769 1807 2790 10.
1824 2774 1872 2796 seq.

1091 2810 1100 2823 ⁷
1117 2809 1162 2841 Cst*
1173 2810 1253 2831 Sermo
1266 2809 1286 2830 in
1300 2809 1354 2831 illud
1367 2809 1435 2830 isaiae
1448 2809 1490 2830 62:
1502 2808 1583 2831 Gaude
1593 2808 1650 2831 Sion
1662 2808 1725 2832 (alias
1735 2808 1763 2829 de
1774 2807 1873 2829 adventu

1029 2849 1138 2875 Domini),
1156 2848 1192 2870 ed.
1212 2848 1298 2870 Veneta
1321 2848 1378 2869 1583
1397 2850 1450 2869 tom.
1470 2847 1482 2868 1.
1502 2847 1536 2869 fol.
1557 2846 1609 2868 t-tb'.

1091 2886 1100 2898 Β
1118 2888 1147 2909 Ex
1165 2888 1182 2909 A
1201 2887 1236 2908 sol.
1260 2886 1299 2908 117
1319 2893 1340 2907 v.
1359 2890 1380 2907 ei
1398 2886 1414 2907 B
1433 2887 1470 2908 sol.
1489 2886 1524 2907 13.

1092 2925 1101 2937 ⁰
1120 2927 1184 2947 vei-3.
1203 2925 1224 2947 li.

1093 2964 1112 2976 ¹¹³
1130 2965 1194 2986 Ver&
1217 2965 1249 2986 1-2.
1266 2969 1327 2992 seq.;
1346 2965 1473 2991 sequuntur
1491 2969 1510 2985 c.
1532 2964 1565 2990 16,
1584 2963 1619 2985 21.
1637 2966 1659 2984 et
1677 2963 1697 2991 3,
1715 2963 1736 2984 6.
