2243 3348
0 314 98 363 iaapsstlssss!

35 733 97 752 Ratio.

0 1534 2 1549 ι
9 1529 99 1552 secundo,

0 1557 1 1575 l
11 1553 45 1572 uad
61 1558 100 1571 ma—

0 1602 1 1607 *
10 1581 49 1595 mm.

4 1815 5 1821 ¹
19 1823 21 1826 .
36 1811 98 1830 Ratio.

7 2666 8 2676 1
33 2662 100 2685 Tertio,

11 2686 60 2704 moad
74 2691 102 2705 se-

16 2709 79 2728 uotam.

663 178 819 206 DOMthCA
843 178 870 205 ll.
894 177 975 205 POST
998 178 1126 206 PASCUA.
1149 179 1258 207 SERMO
1280 180 1307 207 11.

114 259 141 287 111
162 258 360 287 deformatione
383 256 523 293 imaginis,
543 255 659 292 sequela
680 255 706 283 in
730 254 878 283 rebellione
899 262 959 282 car-

116 305 165 334 nis.
180 321 219 325 -—
236 305 285 332 Pro
306 304 386 332 nobis
408 303 491 340 igitur
513 301 664 339 purgandis
678 301 713 329 ab
727 301 799 329 omni
816 300 959 337 iniquitate

114 355 249 389 quantum
272 351 305 379 ad
327 350 465 388 ollem-am.
491 348 732 385 praevaricationis
764 347 830 384 legis
862 355 959 383 passus

113 402 154 428 est
174 398 382 435 suspensionem
404 396 511 429 crucis,
534 395 686 424 secundum
703 394 775 431 quod
792 394 960 422 describitur

113 446 146 475 ad
168 446 276 474 Galatas
297 445 378 473 tertio
391 445 416 471 ¹:
440 442 575 471 Christus
595 450 648 470 uos
669 441 789 469 redemit
810 440 844 468 cle
871 440 959 468 male-

114 493 189 522 dicto
211 493 311 529 Le9i5,
332 490 432 528 factus
450 499 506 527 pro
537 489 620 517 uobis
650 488 855 521 maledictum,
888 487 960 525 quia

113 539 256 576 scriplum
277 541 333 566 est.-
356 536 527 565 Maledictus
548 535 659 568 omnis,
681 534 733 572 qui
750 534 852 571 pendet
874 533 904 561 iit
927 533 960 561 li-

112 594 183 624 quo,
206 585 283 622 quasi
305 584 377 612 dicat
399 583 495 612 beatus
517 582 676 619 Apostolus:
691 581 881 609 maledictione
896 587 960 617 poe-

114 633 183 661 nalis
204 631 393 668 suspensionis
414 638 430 658 a
451 629 560 658 Christo
581 629 737 657 voluntarie
758 630 897 656 assumtae
912 635 962 655 nos

115 679 230 708 redemit
255 687 270 706 a
300 677 491 706 maledictione
522 675 666 712 culpabilis
697 674 925 711 transgressionis
946 682 961 702 a

114 726 193 755 nobis
213 728 367 757 contracta,
383 724 425 752 vel
442 726 607 760 perpetrata.
623 739 662 742 ——
677 722 708 750 Et
722 722 792 750 ratio
808 721 892 750 huius
906 725 960 755 est,

114 773 191 810 quia,
213 780 276 801 cum
301 771 367 800 nulli
390 774 462 799 esset
483 770 625 799 subiectus
646 773 770 806 peccato,
794 768 962 797 maledictio-

115 828 177 849 nem
200 819 314 856 pertulit
334 826 387 846 non
411 821 524 854 propter
543 825 625 845 suum
648 816 823 849 demeritum,
839 815 885 844 sed
901 823 963 852 pro-

115 870 176 903 pter
198 870 324 895 nostrum
347 864 509 893 remedium.
532 864 562 891 Et
586 863 637 892 hoc
658 866 700 891 est
727 862 800 899 quod
829 862 962 890 scribitur

114 913 250 942 secundae
275 912 308 941 ad
340 911 497 940 Corinthios
527 910 640 947 quinto:
664 911 738 938 Eum
760 909 812 947 qui
832 918 890 938 11011
910 918 963 937 uo-

113 964 197 989 verac
215 963 381 997 peccatum,
401 967 457 995 pro
477 957 560 986 vnobis
578 960 729 994 peccalum
752 956 834 994 feeit,
858 961 889 984 ut
909 965 962 985 nos

114 1007 292 1045 efficeremur
313 1006 428 1034 iustitia
451 1005 502 1033 Dei
531 1005 563 1032 in
594 1004 675 1041 ipso,·
706 1008 732 1032 et
764 1004 887 1032 nominat
918 1003 962 1032 hic

115 1055 259 1091 Apostolus
279 1057 446 1091 peccalum,
470 1052 495 1080 id
524 1055 565 1080 est
597 1060 713 1088 poenam
746 1051 864 1088 peecati;
897 1051 963 1087 quia

114 1102 186 1131 enim
210 1104 352 1138 peccatum
373 1108 426 1128 non
442 1100 553 1132 fecerat,
569 1099 629 1128 ideo
644 1107 707 1127 eum
722 1098 786 1127 fecit
801 1098 874 1126 Deus
889 1098 962 1126 ferre

114 1148 217 1186 peccati
249 1155 381 1184 poenam,
404 1150 435 1175 ut
463 1147 562 1175 ceteris
583 1146 774 1175 remitteretur
795 1145 913 1179 offensa,
936 1147 963 1173 et

115 1195 279 1225 redderetur
300 1195 413 1228 iustitia,
434 1198 460 1223 et
483 1194 640 1230 placaretur
654 1193 763 1222 divinae
779 1193 891 1221 ultionis
906 1192 963 1220 vin-

114 1243 194 1272 dicta.
218 1243 248 1270 Et
270 1243 322 1270 hoc
343 1245 385 1270 est
405 1241 479 1278 quod
501 1241 636 1269 conclusit
657 1240 802 1277 Apostolus
817 1240 850 1268 ad
865 1240 964 1268 Roma-

115 1297 164 1318 nos
185 1289 321 1326 quinto2:
344 1288 505 1324 Quoniam,
527 1296 594 1316 cum
617 1286 714 1315 cullzue
732 1290 899 1323 peccatores
921 1294 962 1314 es-

113 1344 226 1369 semus,
247 1335 407 1363 secuudum
431 1338 543 1371 tempas
566 1333 701 1362 Christus
717 1342 773 1370 pro
788 1333 871 1361 nobis
885 1341 963 1361 mor—

116 1387 184 1411 tuus
205 1386 262 1415 est‚·
283 1381 373 1410 multo
402 1381 494 1419 iyilur
515 1381 612 1418 maqis
638 1388 733 1414 nune,
756 1379 911 1416 iustificati
932 1380 963 1408 iii

114 1429 260 1467 sanquine
282 1429 391 1465 ipsius,
413 1428 490 1456 salvi
511 1428 622 1456 erimus
644 1427 680 1456 ab
703 1427 752 1455 ira
771 1435 824 1464 per
846 1427 952 1463 ipsum.

196 1476 246 1504 Pro
268 1475 346 1504 uobis
367 1475 448 1503 etiam
471 1475 623 1511 purgandis
647 1474 682 1503 ab
712 1474 785 1502 omni
818 1474 964 1511 iniquitate

115 1526 250 1560 quantum
273 1522 305 1550 ad
328 1521 478 1550 maculam
499 1521 705 1550 deformationis
727 1520 853 1557 imaginis
867 1528 964 1557 passus

116 1573 157 1598 est
177 1569 337 1597 effusionem
355 1568 505 1604 sanguinis,
521 1567 674 1596 secundum
690 1566 763 1603 quod
779 1567 880 1595 dicitur
896 1568 965 1603 Apo-

115 1615 232 1652 calypsis
262 1615 388 1652 primo³t
413 1614 517 1642 Dilexit
537 1622 590 1642 1108
612 1618 637 1642 et
658 1613 730 1642 lavit
749 1622 802 1641 izos
824 1621 843 1641 a
861 1621 964 1650 pecea-

115 1663 152 1691 tis
172 1663 281 1691 uostris
302 1663 334 1690 in
353 1662 499 1699 sanquine
512 1670 577 1695 suo,
593 1661 671 1698 quasi
687 1661 760 1689 dicat
775 1661 871 1689 beatus
887 1660 963 1688 loan-

114 1718 177 1739 nes:
199 1710 259 1738 11160
281 1710 408 1738 Christus
436 1712 539 1737 vestem
572 1708 697 1745 corporis
729 1708 770 1736 sui
803 1707 963 1744 aspersione

116 1757 219 1794 proprii
242 1756 384 1793 sanguinis
406 1756 492 1784 voluit
514 1756 675 1792 inquinare,
698 1758 729 1783 ut
753 1755 836 1783 facies
865 1754 964 1783 mentis

115 1807 225 1833 nostrae
247 1806 416 1840 purgaretur
431 1803 465 1831 ab
480 1803 553 1831 omni
570 1802 672 1839 peccati
689 1802 778 1831 sorde.
794 1819 833 1822 —
848 1802 879 1830 Et
894 1801 964 1830 ratio

115 1851 200 1880 huius
220 1853 277 1884 est,
298 1850 364 1887 quia
395 1850 506 1887 sanguis
538 1849 638 1878 Chr1sti
667 1852 708 1878 est
738 1849 864 1886 sanquis
885 1848 966 1886 Aym'

115 1897 313 1931 immaculati,
336 1900 362 1926 et
384 1897 444 1926 ideo
465 1896 700 1925 mundificativam
717 1896 800 1925 habet
815 1896 963 1930 virtutem3

115 1949 142 1975 et
163 1949 204 1974 est
225 1945 338 1982 sanguis
359 1953 413 1973 non
436 1948 542 1972 tantum
567 1944 685 1972 hominis
706 1944 783 1980 puri,
806 1944 853 1972 sed
874 1943 965 1972 homin

115 1994 158 2022 nis
179 1996 206 2022 et
227 1993 290 2027 Dei;
312 1996 339 2021 et
360 2000 414 2021 non
437 1995 544 2020 tantum
564 1991 648 2020 habet
663 1991 811 2020 efficaciam
827 1990 964 2028 purgandi

115 2047 242 2074 carnem,
264 2038 311 2067 sed
332 2038 413 2067 etiam
435 2041 571 2070 mentem;
594 2041 621 2066 et
642 2038 694 2066 hoc
722 2040 764 2066 est
794 2037 869 2074 quod
899 2037 965 2065 dicit

115 2086 260 2123 Apostolus
281 2085 314 2114 ad
336 2085 472 2114 Hebraeos
493 2085 602 2113 nono4:
627 2084 659 2113 Si
672 2084 748 2113 enim
762 2084 888 2121 sanquis
903 2083 965 2112 lzir—

116 2141 218 2162 eorum
232 2136 257 2161 el
272 2136 430 2161 taurorum
446 2132 615 2170 inquinatos
629 2130 796 2167 sanctificat
810 2131 850 2159 acl
864 2140 964 2159 cimm-

116 2179 261 2208 dationem
282 2179 400 2212 earm's,
422 2183 531 2217 quanto
552 2178 649 2215 mayis
679 2178 805 2216 sanguis
838 2176 963 2212 Christi,

116 2227 168 2265 qai
185 2235 239 2264 per
261 2227 405 2264 Spiritum
426 2230 563 2254 sanetum
583 2226 769 2263 semetipsum
791 2224 892 2254 obtulit
913 2225 965 2254 im-

115 2274 298 2303 maculatum
321 2274 391 2307 Deo,
413 2273 583 2302 emundabit
603 2273 811 2301 conscientiam
830 2276 964 2301 nostram

117 2321 153 2349 ab
175 2320 311 2358 operibus
331 2321 457 2349 mortuis
479 2321 519 2349 ad
539 2320 726 2348 serviendum
753 2320 809 2348 Deo
837 2319 964 2348 viventi?

117 2367 186 2404 Quia
207 2368 279 2396 enim
299 2376 353 2404 per
375 2367 518 2404 Spiritum
540 2370 678 2395 sanctam
697 2375 727 2395 se
741 2366 843 2395 obtulit
858 2367 964 2395 imma—

117 2414 247 2443 culatum
271 2415 340 2448 Deo,
362 2414 422 2443 ideo
438 2422 486 2451 per
502 2414 663 2450 sanguinem
678 2414 738 2443 eius
753 2414 861 2442 deletur
876 2414 965 2443 omnis

117 2462 225 2490 macula
246 2461 392 2495 vitiorum3
414 2465 442 2490 et
462 2462 514 2489 hoc
535 2465 576 2490 est
605 2461 680 2498 quod
711 2461 850 2490 concludit
882 2461 965 2498 paulo

118 2511 192 2545 post:
218 2508 325 2537 Omnia
342 2517 414 2546 pene
435 2509 466 2536 iu
488 2506 642 2545 *sanquine
672 2508 834 2536 secumlum
865 2508 965 2545 Leyem

118 2556 314 2590 mandantur,
335 2560 361 2584 et
381 2555 443 2584 sine
463 2556 622 2593 sanyuiuis
643 2554 781 2593 effusione
802 2564 860 2583 nou
874 2555 907 2590 sit
921 2564 965 2583 re-

119 2610 229 2631 misszo.

199 2650 250 2678 Pro
271 2650 349 2678 nobis
370 2649 550 2678 nihilominus
578 2649 729 2686 purgandis
757 2649 791 2677 ab
819 2649 892 2677 omni
916 2649 966 2677 ini-

119 2699 225 2736 quitate
245 2700 381 2734 quantum
404 2696 437 2724 ad
459 2696 603 2734 sequelam
626 2696 784 2725 rebellionis
798 2696 889 2724 carnis
904 2703 965 2732 pas-

1798 186 1852 212 097

1016 263 1064 283 sus
1085 259 1125 283 est
1144 256 1362 284 vulnerationem
1378 258 1516 293 corporis;
1533 258 1615 286 lsaiae
1629 260 1856 296 quinquagesimo

1017 301 1135 329 terti0⁵:
1158 302 1221 338 Ipse
1242 306 1339 330 aulem
1359 303 1531 331 vulneratus
1552 308 1592 332 est
1610 309 1728 341 propter
1750 307 1856 343 iniqui-

1017 351 1088 375 tates
1108 352 1243 381 uostras;
1265 349 1384 377 attritus
1405 353 1444 377 esc
1464 354 1582 386 propter
1603 351 1710 379 scelera
1737 357 1857 385 nostra,-

1016 393 1173 430 disciplina
1192 394 1276 430 pacis¹
1297 398 1414 422 uestrae
1434 404 1523 432 super
1543 405 1625 430 eunt,
1647 401 1672 425 et
1693 398 1781 425 liuore
1795 399 1857 426 eius

1015 440 1117 468 sancus
1136 448 1257 473 suuzus;
1279 442 1356 477 quasi
1379 442 1451 469 dicat
1472 447 1583 471 sanctus
1616 444 1765 480 Propheta:
1799 445 1857 473 ideo

1016 486 1143 515 Christus
1164 487 1296 515 sustinuit
1318 488 1433 516 vulnera
1456 489 1596 525 plagarum
1619 492 1812 527 corporalium,
1828 496 1859 520 ut

1018 541 1067 562 nos
1087 536 1197 561 sanaret
1217 542 1233 561 a
1255 534 1417 563 vulneribus
1438 536 1548 569 mentis,
1568 545 1638 573 quae
1653 541 1717 565 sunt
1732 539 1859 575 sequelae

1018 580 1171 616 culparum.
1196 580 1225 608 Et
1248 581 1321 608 hunc
1342 582 1468 610 effectum
1492 583 1573 611 hahet
1595 585 1682 620 passio
1710 585 1809 613 Christi
1832 585 1858 613 in

1019 627 1204 655 imitatoribus
1225 628 1373 663 passionis;
1402 632 1428 656 et
1450 629 1500 657 hoc
1532 633 1572 658 est
1603 631 1675 666 quod
1704 631 1804 659 dicitur
1825 632 1859 660 ad

1019 673 1154 701 Romanos
1176 676 1270 701 sexto:
1294 673 1327 701 Si
1346 674 1535 710 complantati
1554 676 1628 712 faeti
1653 686 1756 705 ‚sumus
1780 678 1860 705 slmi—

1018 720 1139 748 litudini
1159 720 1261 748 mortis
1275 720 1348 754 eius,
1363 721 1452 749 simul
1466 726 1491 749 et
1506 724 1725 752 resurrectionis
1740 725 1860 758 erimus,

1019 766 1071 795 ltoe
1091 767 1224 800 seientes,
1246 767 1323 804 quod
1345 771 1422 795 uetus
1445 767 1526 796 homo
1547 773 1643 797 noster
1663 771 1752 798 simul
1766 772 1860 799 cruci-

1018 814 1098 851 fixus
1119 818 1175 847 est,
1198 818 1231 841 ut
1251 813 1422 842 destruatur
1444 824 1550 851 empus
1575 817 1702 852 peceati,
1730 821 1755 845 ec
1782 818 1861 846 ullra

1018 870 1076 889 11οη
1098 855 1264 889 serviamus
1284 865 1408 897 peceato.
1438 862 1488 897 Qui
1520 870 1585 898 ergo
1618 866 1682 891 sunt
1712 863 1863 892 imitatores

1019 908 1119 936 Christi
1143 907 1229 935 sanati
1252 910 1316 935 sunt
1338 911 1364 935 et
1387 908 1494 944 purgati
1517 916 1532 936 a
1554 909 1665 945 sequela
1686 910 1798 945 peccati,
1813 919 1863 946 pro

1019 962 1051 983 eo
1073 954 1147 991 quod
1168 953 1382 990 crucifixerunt
1403 962 1522 982 caruem
1544 963 1610 982 eum
1641 955 1719 983 viliis
1750 959 1775 983 et
1799 964 1863 983 eou-

1019 1001 1223 1038 capiseentiis;
1245 1004 1271 1029 et
1292 1001 1345 1029 hoc
1366 1004 1407 1029 est
1422 1001 1493 1037 quod
1510 1002 1684 1029 concluditur
1700 1002 1803 1038 primae
1819 1002 1864 1030 Pe—

1020 1049 1054 1077 tri
1077 1048 1216 1085 quart0⁶:
1240 1046 1354 1076 Chri-sto
1377 1048 1470 1085 iyitur
1489 1056 1578 1085 passo
1600 1049 1630 1076 iit
1652 1057 1754 1082 carne,
1777 1052 1801 1076 et
1815 1057 1865 1076 vos

1019 1095 1117 1123 eadem
1140 1094 1313 1132 eogyilatione
1333 1094 1510 1127 armamini,
1533 1095 1636 1123 scilicet
1657 1098 1785 1131 tanquam
1802 1095 1864 1123 boni

1020 1142 1121 1170 milites
1141 1141 1262 1170 ferentes
1283 1141 1417 1169 vexillum
1434 1144 1460 1169 et
1475 1149 1553 1169 arma
1568 1142 1654 1178 ipsius
1668 1141 1778 1176 Christi,
1793 1141 1864 1179 qum

1020 1189 1072 1227 qui
1089 1197 1199 1226 passus
1220 1192 1260 1216 est
1282 1188 1314 1216 in
1335 1196 1424 1216 carne
1445 1188 1530 1216 desiit
1551 1197 1570 1216 a
1582 1189 1717 1225 peccatis.
1734 1189 1783 1225 Qui
1800 1197 1865 1225 ergo

1019 1245 1078 1264 uon
1099 1236 1184 1264 desiit
1205 1244 1224 1263 a
1243 1235 1387 1272 peccatis,
1410 1238 1544 1272 quantum
1567 1235 1593 1263 in
1617 1243 1644 1263 se
1666 1239 1719 1269 est,
1742 1244 1864 1263 rursum

1019 1282 1077 1311 sibi
1097 1282 1245 1320 erucifiyit
1266 1282 1377 1311 Filium
1402 1282 1452 1310 Dei
1459 1293 1468 1314 ‚·
1489 1285 1516 1310 et
1538 1283 1589 1311 hoc
1603 1286 1743 1311 ostensum
1759 1286 1808 1315 est,
1824 1290 1866 1310 se-

1020 1331 1142 1359 cundum
1165 1330 1239 1367 quod
1260 1330 1363 1358 dicitur
1384 1330 1416 1357 ad
1441 1329 1575 1358 Hebraeos
1596 1333 1683 1358 sexto.
1708 1329 1776 1357 Dum
1793 1330 1865 1357 enim

1020 1386 1131 1406 causam
1154 1378 1235 1406 iterat
1256 1377 1404 1414 passionis,
1426 1376 1544 1413 quodam
1569 1377 1648 1405 modo
1670 1377 1750 1405 iterat
1765 1377 1867 1413 passio-

1021 1433 1097 1459 nem;
1113 1428 1140 1453 et
1151 1424 1224 1461 quod
1241 1425 1303 1461 plus
1318 1427 1374 1453 est:
1387 1423 1491 1460 polluit
1503 1424 1621 1460 Spiritus
1636 1424 1719 1452 saneti
1734 1424 1866 1460 templum

1021 1476 1048 1501 et
1079 1472 1241 1509 sanguinem
1271 1471 1389 1505 Christi,
1411 1471 1442 1499 in
1464 1479 1519 1508 quo
1541 1474 1581 1499 est
1601 1471 1819 1507 sanetisiealus;
1840 1474 1867 1498 et

1021 1520 1073 1547 hoc
1095 1522 1136 1547 est
1157 1518 1230 1555 quod
1253 1518 1386 1547 scribitur
1408 1518 1441 1546 ad
1463 1518 1599 1546 Hebraeos
1627 1518 1731 1546 decimo
1746 1518 1769 1545 ⁷:
1794 1518 1866 1545 Irri-

1022 1570 1082 1594 tam
1103 1566 1169 1603 quis
1190 1564 1304 1602 facietis
1326 1565 1427 1602 Leyem
1448 1564 1556 1602 Moysi,
1578 1564 1640 1592 sine
1661 1564 1722 1592 ulla
1743 1565 1866 1592 misera-

1022 1613 1097 1641 tione
1118 1612 1233 1640 <luobus
1255 1612 1298 1640 vel
1319 1611 1413 1639 tribus
1435 1611 1553 1639 testibus
1583 1611 1727 1644 moritum
1758 1614 1866 1649 quanto

1020 1660 1118 1697 magis
1138 1659 1250 1696 putatis
1276 1658 1422 1687 deteriora
1448 1658 1555 1686 mereri
1581 1658 1726 1695 supplicia
1747 1658 1798 1696 qui
1819 1658 1867 1686 Fi—

1022 1707 1093 1735 lium
1118 1706 1170 1735 Dei
1200 1705 1416 1734 conculcaverit
1445 1708 1469 1733 ec
1500 1705 1674 1742 sanguinem
1707 1705 1868 1733 testamenti

1018 1754 1164 1791 pollulum
1187 1753 1319 1787 diluerit,
1342 1752 1373 1781 in
1395 1760 1451 1790 quo
1472 1751 1675 1787 sanctificatus
1689 1751 1867 1780 6310011561·-

1022 1809 1118 1830 vemus
1140 1809 1206 1837 ergo
1227 1800 1391 1829 munditiam
1413 1800 1513 1828 mentis
1533 1802 1656 1833 nostrae,
1672 1798 1801 1835 quoniam
1818 1806 1868 1834 pro

1021 1848 1068 1877 illa.
1088 1848 1216 1876 Christus
1237 1847 1371 1876 sustinuit
1392 1850 1525 1881 mortem;
1554 1846 1600 1875 sed
1632 1846 1684 1874 hoc
1716 1846 1869 1874 recolamus

1021 1896 1167 1929 continue,
1190 1895 1262 1932 quod
1285 1894 1413 1923 Christus
1435 1902 1533 1931 passus
1554 1897 1594 1922 est
1618 1901 1669 1930 pro
1698 1893 1775 1921 nobis
1803 1901 1869 1929 pur-

1021 1942 1117 1979 gandis
1138 1942 1173 1971 ab
1194 1942 1267 1970 omni
1290 1941 1443 1978 iniquitate.

1102 1990 1129 2017 11.
1152 1989 1180 2017 111
1202 1989 1329 2026 passione
1350 1988 1431 2017 etiam
1452 1996 1502 2017 sua
1516 1988 1634 2026 reliquit
1647 1987 1807 2024 exemplum
1822 1995 1869 2015 no-
1883 1990 1928 2008 Pars
1938 1990 1959 2009 1¹-
1969 1991 2013 2009 Pas-

1021 2037 1064 2066 bis
1078 2036 1284 2065 illuminandis
1305 2036 1332 2064 in
1354 2035 1428 2064 omni
1445 2035 1569 2064 veritate.
1586 2035 1659 2063 Licet
1673 2039 1764 2062 autem
1780 2034 1869 2062 omnis

1885 2019 1917 2032 sus
1935 2016 1963 2032 cst
1979 2019 2013 2037 pro

1884 2037 1937 2056 nohis
1945 2037 2012 2056 illumi-

1882 2061 1948 2079 nandis
1954 2061 1974 2079 in
1981 2061 2013 2079 tri-

1022 2084 1134 2112 virtutis
1155 2083 1316 2119 exemplum
1339 2090 1373 2111 ex
1397 2083 1522 2119 passione
1544 2090 1594 2110 sua
1614 2082 1694 2118 nobis
1716 2081 1922 2117 relinquat,bus⁴

1022 2131 1210 2168 principaliter
1234 2134 1323 2159 tamen
1347 2130 1460 2166 reliquit
1481 2130 1559 2158 uobis
1580 2129 1738 2165 exemplum
1755 2128 1869 2164 triplicis

1022 2178 1147 2211 virtutis,
1169 2177 1273 2206 scilicet
1294 2177 1444 2210 caritatis,
1467 2176 1641 2204 humilitatis
1655 2178 1682 2203 et
1696 2174 1870 2211 loupauimi·

1022 2226 1106 2259 tatis,
1129 2228 1156 2253 et
1178 2225 1228 2253 hoc
1260 2224 1413 2253 secundum
1446 2223 1581 2260 triplicem
1604 2222 1867 2251 considerationem:

1021 2272 1181 2308 exemplum
1204 2271 1341 2300 caritatis
1362 2279 1398 2299 ex
1427 2278 1509 2299 causa
1540 2272 1682 2303 movente,
1710 2268 1868 2304 exemplum

1022 2318 1199 2348 humilitatis
1220 2327 1256 2347 ex
1278 2326 1396 2355 persona
1418 2318 1552 2354 patiente,
1581 2317 1740 2352 exemplum
1770 2315 1869 2352 [onya-

1021 2366 1167 2395 uimitatis
1188 2374 1224 2394 ex
1246 2366 1362 2394 victoria
1383 2365 1582 2401 subsequente,
1599 2363 1749 2392 secundum
1767 2362 1870 2399 passio-

1022 2414 1065 2442 nis
1083 2413 1285 2450 priucipium,
1306 2412 1466 2441 subiectum
1489 2414 1516 2440 et
1537 2411 1701 2439 terminum.
1720 2426 1753 2429 —
1771 2409 1869 2437 Exem-

1023 2461 1099 2498 plum
1122 2468 1188 2497 ergo
1210 2460 1346 2489 caritatis
1368 2459 1480 2496 reliquit
1501 2466 1535 2487 ex
1565 2466 1658 2486 causa
1686 2460 1819 2485 mouente.
1843 2455 1867 2483 Si

1022 2508 1095 2536 enim
1117 2510 1286 2544 quaeratur:
1307 2506 1374 2544 quid
1390 2506 1474 2534 movit
1489 2505 1534 2533 Dei
1551 2504 1646 2533 Filium
1663 2504 1695 2531 ad
1711 2502 1868 2540 patiendum

1023 2563 1074 2592 pro
1096 2554 1195 2583 nobis?
1218 2562 1270 2582 non
1293 2553 1450 2582 invenietur
1465 2552 1517 2581 alia
1538 2560 1621 2580 causa
1642 2559 1723 2587 quam
1747 2550 1806 2578 eius
1827 2557 1870 2578 ca-

1024 2602 1091 2630 ritas
1122 2600 1394 2634 misericordissima,
1427 2599 1579 2628 secundum
1611 2598 1683 2635 quod
1715 2597 1816 2625 dicitur
1837 2596 1869 2624 ad

1024 2648 1155 2686 Ephesios
1184 2647 1343 2676 secundoss:
1368 2647 1443 2675 Deus
1471 2650 1585 2679 aulem,
1608 2645 1660 2683 qui
1679 2645 1757 2673 {lives
1779 2647 1818 2671 est
1840 2643 1870 2671 iu

1023 2694 1246 2728 misericordia,
1276 2697 1396 2730 propter
1425 2693 1549 2721 nimiam
1581 2692 1734 2720 caritatem
1765 2698 1868 2723 suam,

182 2858 189 2870 ¹
209 2859 274 2881 Vers.
295 2859 333 2886 13;
350 2859 455 2887 sequitur
472 2859 496 2881 ll.
513 2858 565 2881 Cor.
583 2859 610 2886 5,
628 2859 664 2880 21.

182 2897 191 2910 ²
210 2898 274 2920 Vers.
293 2898 313 2920 8.
331 2904 380 2926 seq.

182 2935 191 2948 ³
210 2936 274 2958 Vers.
293 2937 318 2964 5;
336 2936 389 2958 dein
406 2937 527 2964 respicitur
545 2937 560 2959 1.
579 2937 636 2959 Petr.
658 2937 680 2963 1,
699 2936 736 2958 19.

183 2975 191 2987 ‘¹
210 2976 274 2997 Vers.
296 2976 330 2997 13.
346 2981 394 3004 seq.
411 2978 432 2997 et
451 2975 533 2998 deinde
551 2982 573 2997 v.
591 2976 629 2998 ⁴22.

216 3022 240 3045 S.
260 3022 350 3045 Bonae.
367 3035 397 3038 —
415 3022 483 3044 Toni.
500 3023 540 3044 tx.

1087 2856 1096 2868 ³¹
1115 2857 1179 2878 Vers.
1198 2856 1223 2883 53
1241 2856 1344 2884 sequitur
1362 2855 1428 2877 Rom.
1446 2855 1473 2881 6,
1491 2855 1511 2876 ὃ.
1529 2860 1576 2881 seq.
1595 2856 1616 2875 et
1633 2853 1679 2874 Gal.
1698 2852 1723 2879 ὅ,
1742 2851 1779 2874 24.

1087 2895 1097 2907 ‘³
1116 2896 1179 2917 Vers.
1199 2896 1224 2922 rl;
1242 2894 1345 2923 sequitur
1362 2893 1431 2915 Hehr.
1449 2894 1474 2920 6,
1492 2894 1513 2914 6.

1088 2934 1095 2947 ⁷
1115 2935 1180 2957 Vers.
1197 2935 1234 2956 28.
1251 2940 1300 2962 seq.

1088 2972 1097 2985 ὃ
1116 2973 1180 2994 Yers.
1201 2972 1221 2994 4.
1238 2978 1287 3000 seq.

1745 3016 1773 3036 38

1886 2412 1914 2431 De
1927 2413 1994 2436 primo.
