<?xml version="1.0" encoding="UTF-8"?>
<!DOCTYPE html PUBLIC "-//W3C//DTD XHTML 1.0 Transitional//EN"
    "http://www.w3.org/TR/xhtml1/DTD/xhtml1-transitional.dtd">
<html xmlns="http://www.w3.org/1999/xhtml" xml:lang="en" lang="en">
 <head>
  <title>
</title>
<meta http-equiv="Content-Type" content="text/html;charset=utf-8" />
  <meta name='ocr-system' content='tesseract 3.04.00' />
  <meta name='ocr-capabilities' content='ocr_page ocr_carea ocr_par ocr_line ocrx_word'/>
</head>
<body>
  <div class='ocr_page' id='page_1' title='image "./doctorisseraphic09bona_0503.png"; bbox 0 0 2243 3348; ppageno 0'>
   <div class='ocr_carea' id='block_1_1' title="bbox 23 42 34 123">
    <p class='ocr_par' dir='ltr' id='par_1_1' title="bbox 23 42 34 123">
     <span class='ocr_line' id='line_1_1' title="bbox 24 42 33 92; baseline 0 -38"><span class='ocrx_word' id='word_1_1' title='bbox 24 42 33 92; x_wconf 60' lang='grc' dir='ltr'><em>ἓ,</em></span> 
     </span>
     <span class='ocr_line' id='line_1_2' title="bbox 23 94 34 123; baseline 0 -8"><span class='ocrx_word' id='word_1_2' title='bbox 23 94 34 123; x_wconf 66' lang='lat' dir='ltr'><em>t</em></span> 
     </span>
    </p>
   </div>
   <div class='ocr_carea' id='block_1_2' title="bbox 2 231 105 1598">
    <p class='ocr_par' dir='ltr' id='par_1_2' title="bbox 2 231 105 1598">
     <span class='ocr_line' id='line_1_3' title="bbox 2 231 105 1598; baseline 0 0"><span class='ocrx_word' id='word_1_3' title='bbox 2 231 105 1598; x_wconf 95' lang='lat' dir='ltr'><em> </em></span> 
     </span>
    </p>
   </div>
   <div class='ocr_carea' id='block_1_3' title="bbox 11 2405 104 2424">
    <p class='ocr_par' dir='ltr' id='par_1_3' title="bbox 11 2405 104 2424">
     <span class='ocr_line' id='line_1_4' title="bbox 11 2405 104 2424; baseline 0 0"><span class='ocrx_word' id='word_1_4' title='bbox 11 2405 104 2424; x_wconf 73' lang='lat' dir='ltr'><em>Nicolaus.</em></span> 
     </span>
    </p>
   </div>
   <div class='ocr_carea' id='block_1_4' title="bbox 0 2061 15 3258">
    <p class='ocr_par' dir='ltr' id='par_1_4' title="bbox 0 2061 15 3258">
     <span class='ocr_line' id='line_1_5' title="bbox 0 2061 15 3258; baseline 0 0"><span class='ocrx_word' id='word_1_5' title='bbox 0 2061 15 3258; x_wconf 95' lang='lat' dir='ltr'><em> </em></span> 
     </span>
    </p>
   </div>
   <div class='ocr_carea' id='block_1_5' title="bbox 814 164 1176 193">
    <p class='ocr_par' dir='ltr' id='par_1_5' title="bbox 814 164 1176 193">
     <span class='ocr_line' id='line_1_6' title="bbox 814 164 1176 193; baseline 0 0"><span class='ocrx_word' id='word_1_6' title='bbox 814 164 857 193; x_wconf 87' lang='lat' dir='ltr'><em>DE</em></span> <span class='ocrx_word' id='word_1_7' title='bbox 878 164 1005 193; x_wconf 76' lang='lat' dir='ltr'><strong>SANCTO</strong></span> <span class='ocrx_word' id='word_1_8' title='bbox 1026 165 1047 193; x_wconf 91' lang='lat' dir='ltr'>N</span> <span class='ocrx_word' id='word_1_9' title='bbox 1050 164 1176 193; x_wconf 76' lang='lat' dir='ltr'><em>lCOLAO.</em></span> 
     </span>
    </p>
   </div>
   <div class='ocr_carea' id='block_1_6' title="bbox 120 243 969 1210">
    <p class='ocr_par' dir='ltr' id='par_1_6' title="bbox 120 243 969 1210">
     <span class='ocr_line' id='line_1_7' title="bbox 123 243 967 280; baseline -0.001 -8"><span class='ocrx_word' id='word_1_10' title='bbox 123 243 197 280; x_wconf 87' lang='lat' dir='ltr'><em>quod</em></span> <span class='ocrx_word' id='word_1_11' title='bbox 211 243 282 271; x_wconf 79' lang='lat' dir='ltr'><em>dixit</em></span> <span class='ocrx_word' id='word_1_12' title='bbox 296 243 415 279; x_wconf 85' lang='lat' dir='ltr'><em>Raphael</em></span> <span class='ocrx_word' id='word_1_13' title='bbox 430 243 543 277; x_wconf 81' lang='lat' dir='ltr'>Tobiae,</span> <span class='ocrx_word' id='word_1_14' title='bbox 558 243 719 272; x_wconf 84' lang='lat' dir='ltr'><em>duodecimo</em></span> <span class='ocrx_word' id='word_1_15' title='bbox 741 243 828 280; x_wconf 88' lang='lat' dir='ltr'><em>capite</em></span> <span class='ocrx_word' id='word_1_16' title='bbox 840 244 867 270; x_wconf 84' lang='lat'><em>1:</em></span> <span class='ocrx_word' id='word_1_17' title='bbox 882 244 967 271; x_wconf 88' lang='lat' dir='ltr'><em>Bona</em></span> 
     </span>
     <span class='ocr_line' id='line_1_8' title="bbox 123 289 967 327; baseline 0 -9"><span class='ocrx_word' id='word_1_18' title='bbox 123 293 163 318; x_wconf 84' lang='lat' dir='ltr'><em>est</em></span> <span class='ocrx_word' id='word_1_19' title='bbox 183 290 278 318; x_wconf 84' lang='lat' dir='ltr'><em>oratio</em></span> <span class='ocrx_word' id='word_1_20' title='bbox 299 297 365 318; x_wconf 85' lang='lat' dir='ltr'><em>cum</em></span> <span class='ocrx_word' id='word_1_21' title='bbox 387 289 495 318; x_wconf 86' lang='lat' dir='ltr'><em>ieiunio</em></span> <span class='ocrx_word' id='word_1_22' title='bbox 515 293 542 318; x_wconf 85' lang='lat' dir='ltr'><em>et</em></span> <span class='ocrx_word' id='word_1_23' title='bbox 561 289 738 327; x_wconf 71' lang='lat' dir='ltr'><em>eleemosyna</em></span> <span class='ocrx_word' id='word_1_24' title='bbox 759 290 855 327; x_wconf 61' lang='lat' dir='ltr'><em>magis</em></span> <span class='ocrx_word' id='word_1_25' title='bbox 876 298 967 327; x_wconf 88' lang='lat' dir='ltr'><em>quam</em></span> 
     </span>
     <span class='ocr_line' id='line_1_9' title="bbox 123 335 967 375; baseline 0.001 -11"><span class='ocrx_word' id='word_1_26' title='bbox 123 335 275 365; x_wconf 75' lang='lat' dir='ltr'><em>thesauros</em></span> <span class='ocrx_word' id='word_1_27' title='bbox 296 337 369 365; x_wconf 86' lang='lat' dir='ltr'><em>auri</em></span> <span class='ocrx_word' id='word_1_28' title='bbox 389 337 542 365; x_wconf 76' lang='lat' dir='ltr'><em>recondere</em></span> <span class='ocrx_word' id='word_1_29' title='bbox 549 347 560 370; x_wconf 87' lang='lat'><em>‚·</em></span> <span class='ocrx_word' id='word_1_30' title='bbox 580 337 720 374; x_wconf 85' lang='lat' dir='ltr'><em>quoniam</em></span> <span class='ocrx_word' id='word_1_31' title='bbox 748 336 926 375; x_wconf 73' lang='lat' dir='ltr'><em>eleemosyna</em></span> <span class='ocrx_word' id='word_1_32' title='bbox 947 346 967 366; x_wconf 88' lang='lat' dir='ltr'><em>a</em></span> 
     </span>
     <span class='ocr_line' id='line_1_10' title="bbox 122 383 968 421; baseline 0.001 -10"><span class='ocrx_word' id='word_1_33' title='bbox 122 387 213 411; x_wconf 87' lang='lat' dir='ltr'><em>morte</em></span> <span class='ocrx_word' id='word_1_34' title='bbox 234 383 338 411; x_wconf 80' lang='lat' dir='ltr'><em>liberat</em></span> <span class='ocrx_word' id='word_1_35' title='bbox 357 387 382 411; x_wconf 88' lang='lat' dir='ltr'><em>et</em></span> <span class='ocrx_word' id='word_1_36' title='bbox 402 383 468 420; x_wconf 79' lang='lat' dir='ltr'><em>ipsa</em></span> <span class='ocrx_word' id='word_1_37' title='bbox 492 386 549 417; x_wconf 87' lang='lat' dir='ltr'><em>cst,</em></span> <span class='ocrx_word' id='word_1_38' title='bbox 570 391 646 421; x_wconf 83' lang='lat' dir='ltr'><em>quae</em></span> <span class='ocrx_word' id='word_1_39' title='bbox 663 386 775 420; x_wconf 76' lang='lat' dir='ltr'><em>purqat</em></span> <span class='ocrx_word' id='word_1_40' title='bbox 800 387 921 420; x_wconf 79' lang='lat' dir='ltr'><em>peecata</em></span> <span class='ocrx_word' id='word_1_41' title='bbox 941 387 968 412; x_wconf 89' lang='lat' dir='ltr'><em>et</em></span> 
     </span>
     <span class='ocr_line' id='line_1_11' title="bbox 120 429 966 467; baseline 0.001 -9"><span class='ocrx_word' id='word_1_42' title='bbox 120 429 194 467; x_wconf 74' lang='lat' dir='ltr'><em>fucit</em></span> <span class='ocrx_word' id='word_1_43' title='bbox 216 429 344 458; x_wconf 80' lang='lat' dir='ltr'><em>invenire</em></span> <span class='ocrx_word' id='word_1_44' title='bbox 371 429 608 458; x_wconf 79' lang='lat' dir='ltr'><em>misericordiam</em></span> <span class='ocrx_word' id='word_1_45' title='bbox 637 434 663 458; x_wconf 85' lang='lat' dir='ltr'><em>et</em></span> <span class='ocrx_word' id='word_1_46' title='bbox 687 430 778 458; x_wconf 84' lang='lat' dir='ltr'><em>vitam</em></span> <span class='ocrx_word' id='word_1_47' title='bbox 800 433 966 464; x_wconf 83' lang='lat' dir='ltr'><em>aeternam;</em></span> 
     </span>
     <span class='ocr_line' id='line_1_12' title="bbox 121 475 966 512; baseline 0.001 -8"><span class='ocrx_word' id='word_1_48' title='bbox 121 479 269 512; x_wconf 85' lang='lat' dir='ltr'><em>propterea</em></span> <span class='ocrx_word' id='word_1_49' title='bbox 280 483 334 504; x_wconf 91' lang='lat' dir='ltr'><em>non</em></span> <span class='ocrx_word' id='word_1_50' title='bbox 346 475 466 503; x_wconf 81' lang='lat' dir='ltr'>condidit</span> <span class='ocrx_word' id='word_1_51' title='bbox 481 476 523 504; x_wconf 91' lang='lat' dir='ltr'><em>vel</em></span> <span class='ocrx_word' id='word_1_52' title='bbox 538 475 680 504; x_wconf 78' lang='lat' dir='ltr'>abscondit</span> <span class='ocrx_word' id='word_1_53' title='bbox 693 475 857 504; x_wconf 86' lang='lat' dir='ltr'><em>thesaurum</em></span> <span class='ocrx_word' id='word_1_54' title='bbox 874 484 966 511; x_wconf 78' lang='lat' dir='ltr'><em>suum,</em></span> 
     </span>
     <span class='ocr_line' id='line_1_13' title="bbox 122 522 966 559; baseline 0.002 -10"><span class='ocrx_word' id='word_1_55' title='bbox 122 522 169 550; x_wconf 85' lang='lat' dir='ltr'><em>sed</em></span> <span class='ocrx_word' id='word_1_56' title='bbox 189 522 281 558; x_wconf 88' lang='lat' dir='ltr'><em>potins</em></span> <span class='ocrx_word' id='word_1_57' title='bbox 312 522 389 550; x_wconf 91' lang='lat' dir='ltr'><em>illum</em></span> <span class='ocrx_word' id='word_1_58' title='bbox 423 522 450 549; x_wconf 92' lang='lat' dir='ltr'><em>in</em></span> <span class='ocrx_word' id='word_1_59' title='bbox 479 522 665 558; x_wconf 74' lang='lat' dir='ltr'><em>eleemosynas</em></span> <span class='ocrx_word' id='word_1_60' title='bbox 686 522 744 558; x_wconf 85' lang='lat' dir='ltr'><em>pias</em></span> <span class='ocrx_word' id='word_1_61' title='bbox 775 523 906 559; x_wconf 82' lang='lat' dir='ltr'><em>erogavit.</em></span> <span class='ocrx_word' id='word_1_62' title='bbox 928 523 966 552; x_wconf 87' lang='lat' dir='ltr'><em>lta</em></span> 
     </span>
     <span class='ocr_line' id='line_1_14' title="bbox 121 568 965 604; baseline 0.001 -7"><span class='ocrx_word' id='word_1_63' title='bbox 121 568 221 597; x_wconf 85' lang='lat' dir='ltr'><em>debent</em></span> <span class='ocrx_word' id='word_1_64' title='bbox 241 569 332 597; x_wconf 86' lang='lat' dir='ltr'><em>facere</em></span> <span class='ocrx_word' id='word_1_65' title='bbox 359 568 457 596; x_wconf 88' lang='lat' dir='ltr'><em>divites</em></span> <span class='ocrx_word' id='word_1_66' title='bbox 487 569 615 604; x_wconf 87' lang='lat' dir='ltr'><em>exemplo</em></span> <span class='ocrx_word' id='word_1_67' title='bbox 637 569 707 597; x_wconf 84' lang='lat' dir='ltr'><em>beati</em></span> <span class='ocrx_word' id='word_1_68' title='bbox 729 569 839 597; x_wconf 88' lang='lat' dir='ltr'><em>Nicolai.</em></span> <span class='ocrx_word' id='word_1_69' title='bbox 862 570 965 598; x_wconf 88' lang='lat' dir='ltr'><em>Duram</em></span> 
     </span>
     <span class='ocr_line' id='line_1_15' title="bbox 121 614 966 650; baseline 0 -6"><span class='ocrx_word' id='word_1_70' title='bbox 121 616 192 644; x_wconf 90' lang='lat' dir='ltr'><em>enim</em></span> <span class='ocrx_word' id='word_1_71' title='bbox 215 615 377 643; x_wconf 87' lang='lat' dir='ltr'><em>sententiam</em></span> <span class='ocrx_word' id='word_1_72' title='bbox 401 614 506 650; x_wconf 80' lang='lat' dir='ltr'><em>profert</em></span> <span class='ocrx_word' id='word_1_73' title='bbox 534 615 631 643; x_wconf 85' lang='lat' dir='ltr'><em>heatus</em></span> <span class='ocrx_word' id='word_1_74' title='bbox 653 615 788 644; x_wconf 66' lang='grc'><em>1300111152</em></span> <span class='ocrx_word' id='word_1_75' title='bbox 810 619 905 644; x_wconf 89' lang='lat' dir='ltr'><em>contra</em></span> <span class='ocrx_word' id='word_1_76' title='bbox 925 616 966 644; x_wconf 90' lang='lat' dir='ltr'><em>di-</em></span> 
     </span>
     <span class='ocr_line' id='line_1_16' title="bbox 121 660 967 698; baseline 0.001 -8"><span class='ocrx_word' id='word_1_77' title='bbox 121 662 205 691; x_wconf 88' lang='lat' dir='ltr'><em>vites:</em></span> <span class='ocrx_word' id='word_1_78' title='bbox 229 661 312 698; x_wconf 74' lang='lat' dir='ltr'><em>Aqite</em></span> <span class='ocrx_word' id='word_1_79' title='bbox 332 669 427 694; x_wconf 80' lang='lat' dir='ltr'><em>nunc,</em></span> <span class='ocrx_word' id='word_1_80' title='bbox 459 660 577 695; x_wconf 78' lang='lat' dir='ltr'><em>divites,</em></span> <span class='ocrx_word' id='word_1_81' title='bbox 606 661 734 697; x_wconf 79' lang='lat' dir='ltr'><em>plorate,</em></span> <span class='ocrx_word' id='word_1_82' title='bbox 762 662 908 690; x_wconf 83' lang='lat' dir='ltr'><em>ululantes</em></span> <span class='ocrx_word' id='word_1_83' title='bbox 936 663 967 691; x_wconf 88' lang='lat' dir='ltr'><em>in</em></span> 
     </span>
     <span class='ocr_line' id='line_1_17' title="bbox 122 707 966 745; baseline 0.001 -9"><span class='ocrx_word' id='word_1_84' title='bbox 122 708 249 737; x_wconf 75' lang='lat' dir='ltr'><em>miseriis</em></span> <span class='ocrx_word' id='word_1_85' title='bbox 269 707 389 741; x_wconf 85' lang='lat' dir='ltr'><em>vestris,</em></span> <span class='ocrx_word' id='word_1_86' title='bbox 411 715 486 745; x_wconf 86' lang='lat' dir='ltr'><em>quae</em></span> <span class='ocrx_word' id='word_1_87' title='bbox 507 708 660 736; x_wconf 74' lang='lat' dir='ltr'><em>advenient</em></span> <span class='ocrx_word' id='word_1_88' title='bbox 679 708 774 741; x_wconf 78' lang='lat' dir='ltr'><em>vobis‚·</em></span> <span class='ocrx_word' id='word_1_89' title='bbox 788 709 908 737; x_wconf 82' lang='lat' dir='ltr'><em>divitiae</em></span> <span class='ocrx_word' id='word_1_90' title='bbox 922 718 966 737; x_wconf 84' lang='lat' dir='ltr'><em>ve-</em></span> 
     </span>
     <span class='ocr_line' id='line_1_18' title="bbox 120 754 967 793; baseline 0.001 -9"><span class='ocrx_word' id='word_1_91' title='bbox 120 760 199 785; x_wconf 88' lang='lat' dir='ltr'><em>strae</em></span> <span class='ocrx_word' id='word_1_92' title='bbox 216 754 401 793; x_wconf 65' lang='lat' dir='ltr'><em>putrefactae</em></span> <span class='ocrx_word' id='word_1_93' title='bbox 420 758 505 788; x_wconf 88' lang='lat' dir='ltr'><em>sunt,</em></span> <span class='ocrx_word' id='word_1_94' title='bbox 527 759 553 783; x_wconf 87' lang='lat' dir='ltr'><em>et</em></span> <span class='ocrx_word' id='word_1_95' title='bbox 584 755 749 783; x_wconf 80' lang='lat' dir='ltr'><em>vestimenta</em></span> <span class='ocrx_word' id='word_1_96' title='bbox 773 759 870 784; x_wconf 84' lang='lat' dir='ltr'><em>vestra</em></span> <span class='ocrx_word' id='word_1_97' title='bbox 891 765 908 785; x_wconf 83' lang='grc' dir='ltr'><em>α</em></span> <span class='ocrx_word' id='word_1_98' title='bbox 932 757 967 785; x_wconf 83' lang='lat' dir='ltr'><em>ti-</em></span> 
     </span>
     <span class='ocr_line' id='line_1_19' title="bbox 121 803 966 839; baseline 0.001 -8"><span class='ocrx_word' id='word_1_99' title='bbox 121 803 182 831; x_wconf 86' lang='lat' dir='ltr'><em>neis</em></span> <span class='ocrx_word' id='word_1_100' title='bbox 202 806 328 831; x_wconf 84' lang='lat' dir='ltr'><em>comesta</em></span> <span class='ocrx_word' id='word_1_101' title='bbox 354 805 431 830; x_wconf 83' lang='lat' dir='ltr'><em>sunl.</em></span> <span class='ocrx_word' id='word_1_102' title='bbox 462 803 581 830; x_wconf 85' lang='lat' dir='ltr'><em>Aurum</em></span> <span class='ocrx_word' id='word_1_103' title='bbox 608 805 633 829; x_wconf 86' lang='lat' dir='ltr'><em>et</em></span> <span class='ocrx_word' id='word_1_104' title='bbox 660 806 816 839; x_wconf 66' lang='lat' dir='ltr'><em>argentum</em></span> <span class='ocrx_word' id='word_1_105' title='bbox 837 807 966 832; x_wconf 84' lang='lat' dir='ltr'><em>vestrum</em></span> 
     </span>
     <span class='ocr_line' id='line_1_20' title="bbox 120 848 966 887; baseline 0 -9"><span class='ocrx_word' id='word_1_106' title='bbox 120 849 319 887; x_wconf 65' lang='lat' dir='ltr'><em>aeruginavit,</em></span> <span class='ocrx_word' id='word_1_107' title='bbox 341 853 368 877; x_wconf 83' lang='lat' dir='ltr'><em>ct</em></span> <span class='ocrx_word' id='word_1_108' title='bbox 387 857 498 886; x_wconf 71' lang='lat' dir='ltr'><em>aeruqo</em></span> <span class='ocrx_word' id='word_1_109' title='bbox 519 857 621 877; x_wconf 88' lang='lat' dir='ltr'><em>eorum</em></span> <span class='ocrx_word' id='word_1_110' title='bbox 649 848 680 876; x_wconf 86' lang='lat' dir='ltr'><em>in</em></span> <span class='ocrx_word' id='word_1_111' title='bbox 702 849 897 878; x_wconf 76' lang='lat' dir='ltr'><em>testinwm&#39;um</em></span> <span class='ocrx_word' id='word_1_112' title='bbox 918 859 966 878; x_wconf 80' lang='lat' dir='ltr'><em>vo-</em></span> 
     </span>
     <span class='ocr_line' id='line_1_21' title="bbox 121 895 967 933; baseline -0.001 -8"><span class='ocrx_word' id='word_1_113' title='bbox 121 896 164 925; x_wconf 82' lang='lat' dir='ltr'><em>bis</em></span> <span class='ocrx_word' id='word_1_114' title='bbox 184 895 239 924; x_wconf 85' lang='lat' dir='ltr'><em>erit</em></span> <span class='ocrx_word' id='word_1_115' title='bbox 259 899 284 924; x_wconf 86' lang='lat' dir='ltr'><em>et</em></span> <span class='ocrx_word' id='word_1_116' title='bbox 305 895 496 923; x_wconf 69' lang='lat' dir='ltr'><em>manducabit</em></span> <span class='ocrx_word' id='word_1_117' title='bbox 516 903 621 923; x_wconf 80' lang='lat' dir='ltr'><em>carues</em></span> <span class='ocrx_word' id='word_1_118' title='bbox 641 899 754 924; x_wconf 81' lang='lat' dir='ltr'><em>vestras</em></span> <span class='ocrx_word' id='word_1_119' title='bbox 775 896 851 924; x_wconf 85' lang='lat' dir='ltr'><em>sicut</em></span> <span class='ocrx_word' id='word_1_120' title='bbox 873 896 967 933; x_wconf 70' lang='lat' dir='ltr'><em>tynis,-</em></span> 
     </span>
     <span class='ocr_line' id='line_1_22' title="bbox 120 941 968 980; baseline -0.001 -8"><span class='ocrx_word' id='word_1_121' title='bbox 120 946 148 972; x_wconf 88' lang='lat' dir='ltr'><em>et</em></span> <span class='ocrx_word' id='word_1_122' title='bbox 167 946 275 980; x_wconf 87' lang='lat' dir='ltr'><em>postea:</em></span> <span class='ocrx_word' id='word_1_123' title='bbox 304 941 542 970; x_wconf 76' lang='lat' dir='ltr'><em>Thesaurizastis</em></span> <span class='ocrx_word' id='word_1_124' title='bbox 556 941 636 970; x_wconf 84' lang='lat' dir='ltr'><em>vobis</em></span> <span class='ocrx_word' id='word_1_125' title='bbox 650 942 729 970; x_wconf 90' lang='lat' dir='ltr'><em>iram</em></span> <span class='ocrx_word' id='word_1_126' title='bbox 751 942 782 971; x_wconf 91' lang='lat' dir='ltr'><em>in</em></span> <span class='ocrx_word' id='word_1_127' title='bbox 799 943 968 971; x_wconf 77' lang='lat' dir='ltr'><em>novissimis</em></span> 
     </span>
     <span class='ocr_line' id='line_1_23' title="bbox 120 988 966 1025; baseline 0 -8"><span class='ocrx_word' id='word_1_128' title='bbox 120 989 229 1018; x_wconf 85' lang='lat' dir='ltr'><em>diebus.</em></span> <span class='ocrx_word' id='word_1_129' title='bbox 252 989 327 1017; x_wconf 88' lang='lat' dir='ltr'><em>Sicut</em></span> <span class='ocrx_word' id='word_1_130' title='bbox 358 989 429 1017; x_wconf 91' lang='lat' dir='ltr'><em>enim</em></span> <span class='ocrx_word' id='word_1_131' title='bbox 461 989 542 1017; x_wconf 89' lang='lat' dir='ltr'><em>homo</em></span> <span class='ocrx_word' id='word_1_132' title='bbox 573 988 636 1025; x_wconf 90' lang='lat' dir='ltr'><em>pius</em></span> <span class='ocrx_word' id='word_1_133' title='bbox 666 992 693 1017; x_wconf 90' lang='lat' dir='ltr'><em>et</em></span> <span class='ocrx_word' id='word_1_134' title='bbox 724 989 882 1018; x_wconf 72' lang='lat' dir='ltr'><em>misericors</em></span> <span class='ocrx_word' id='word_1_135' title='bbox 914 990 966 1017; x_wconf 88' lang='lat' dir='ltr'><em>lar-</em></span> 
     </span>
     <span class='ocr_line' id='line_1_24' title="bbox 120 1034 968 1073; baseline -0.001 -8"><span class='ocrx_word' id='word_1_136' title='bbox 120 1036 218 1073; x_wconf 85' lang='lat' dir='ltr'><em>giendo</em></span> <span class='ocrx_word' id='word_1_137' title='bbox 243 1037 429 1072; x_wconf 77' lang='lat' dir='ltr'><em>eleemosynas</em></span> <span class='ocrx_word' id='word_1_138' title='bbox 457 1034 643 1064; x_wconf 74' lang='lat' dir='ltr'><em>thesaurizat</em></span> <span class='ocrx_word' id='word_1_139' title='bbox 669 1035 726 1064; x_wconf 81' lang='lat' dir='ltr'><em>sihi</em></span> <span class='ocrx_word' id='word_1_140' title='bbox 756 1034 909 1064; x_wconf 72' lang='lat' dir='ltr'><em>thesauros</em></span> <span class='ocrx_word' id='word_1_141' title='bbox 936 1036 968 1064; x_wconf 93' lang='lat' dir='ltr'><em>in</em></span> 
     </span>
     <span class='ocr_line' id='line_1_25' title="bbox 121 1081 969 1119; baseline -0.002 -7"><span class='ocrx_word' id='word_1_142' title='bbox 121 1083 215 1117; x_wconf 88' lang='lat' dir='ltr'><em>caelo,</em></span> <span class='ocrx_word' id='word_1_143' title='bbox 235 1084 275 1112; x_wconf 88' lang='lat' dir='ltr'><em>sic</em></span> <span class='ocrx_word' id='word_1_144' title='bbox 296 1083 369 1111; x_wconf 86' lang='lat' dir='ltr'><em>avari</em></span> <span class='ocrx_word' id='word_1_145' title='bbox 393 1086 420 1111; x_wconf 87' lang='lat' dir='ltr'><em>et</em></span> <span class='ocrx_word' id='word_1_146' title='bbox 441 1085 550 1111; x_wconf 81' lang='lat' dir='ltr'><em>tenaces</em></span> <span class='ocrx_word' id='word_1_147' title='bbox 570 1082 729 1119; x_wconf 86' lang='lat' dir='ltr'><em>denegando</em></span> <span class='ocrx_word' id='word_1_148' title='bbox 762 1081 969 1111; x_wconf 67' lang='lat' dir='ltr'><em>thesaurizant</em></span> 
     </span>
     <span class='ocr_line' id='line_1_26' title="bbox 121 1129 968 1167; baseline 0 -9"><span class='ocrx_word' id='word_1_149' title='bbox 121 1130 178 1158; x_wconf 81' lang='lat' dir='ltr'><em>sibi</em></span> <span class='ocrx_word' id='word_1_150' title='bbox 197 1130 276 1158; x_wconf 87' lang='lat' dir='ltr'><em>iram</em></span> <span class='ocrx_word' id='word_1_151' title='bbox 301 1130 352 1158; x_wconf 85' lang='lat' dir='ltr'><em>Dei</em></span> <span class='ocrx_word' id='word_1_152' title='bbox 376 1130 407 1158; x_wconf 84' lang='lat' dir='ltr'><em>in</em></span> <span class='ocrx_word' id='word_1_153' title='bbox 438 1129 539 1158; x_wconf 77' lang='lat' dir='ltr'><em>diebus</em></span> <span class='ocrx_word' id='word_1_154' title='bbox 560 1129 743 1164; x_wconf 44' lang='lat' dir='ltr'><em>novissimi&amp;</em></span> <span class='ocrx_word' id='word_1_155' title='bbox 765 1130 876 1167; x_wconf 82' lang='lat' dir='ltr'><em>quando</em></span> <span class='ocrx_word' id='word_1_156' title='bbox 897 1130 968 1159; x_wconf 87' lang='lat' dir='ltr'><em>dicet</em></span> 
     </span>
     <span class='ocr_line' id='line_1_27' title="bbox 121 1176 968 1210; baseline 0 -5"><span class='ocrx_word' id='word_1_157' title='bbox 121 1177 160 1206; x_wconf 89' lang='lat' dir='ltr'><em>eis</em></span> <span class='ocrx_word' id='word_1_158' title='bbox 181 1177 284 1205; x_wconf 85' lang='lat' dir='ltr'><em>iratus:</em></span> <span class='ocrx_word' id='word_1_159' title='bbox 308 1176 442 1210; x_wconf 81' lang='lat' dir='ltr'><em>Esurivz&#39;,</em></span> <span class='ocrx_word' id='word_1_160' title='bbox 463 1180 488 1204; x_wconf 83' lang='lat' dir='ltr'><em>et</em></span> <span class='ocrx_word' id='word_1_161' title='bbox 508 1185 566 1205; x_wconf 86' lang='lat' dir='ltr'><em>non</em></span> <span class='ocrx_word' id='word_1_162' title='bbox 595 1176 714 1205; x_wconf 76' lang='lat' dir='ltr'><em>decli-stis</em></span> <span class='ocrx_word' id='word_1_163' title='bbox 741 1176 816 1205; x_wconf 86' lang='lat' dir='ltr'><em>mihi</em></span> <span class='ocrx_word' id='word_1_164' title='bbox 841 1177 968 1205; x_wconf 77' lang='lat' dir='ltr'><em>inandu-</em></span> 
     </span>
    </p>
   </div>
   <div class='ocr_carea' id='block_1_7' title="bbox 121 1224 986 1261">
    <p class='ocr_par' dir='ltr' id='par_1_7' title="bbox 121 1224 986 1261">
     <span class='ocr_line' id='line_1_28' title="bbox 121 1224 986 1261; baseline 0 -8"><span class='ocrx_word' id='word_1_165' title='bbox 121 1232 189 1253; x_wconf 84' lang='lat' dir='ltr'><em>care</em></span> <span class='ocrx_word' id='word_1_166' title='bbox 210 1226 277 1257; x_wconf 88' lang='lat' dir='ltr'><em>etc.;</em></span> <span class='ocrx_word' id='word_1_167' title='bbox 299 1227 326 1252; x_wconf 89' lang='lat' dir='ltr'><em>et</em></span> <span class='ocrx_word' id='word_1_168' title='bbox 346 1227 440 1260; x_wconf 88' lang='lat' dir='ltr'><em>postea</em></span> <span class='ocrx_word' id='word_1_169' title='bbox 461 1224 623 1252; x_wconf 80' lang='lat' dir='ltr'><em>sententiam</em></span> <span class='ocrx_word' id='word_1_170' title='bbox 646 1224 767 1260; x_wconf 85' lang='lat' dir='ltr'><em>proferet</em></span> <span class='ocrx_word' id='word_1_171' title='bbox 784 1227 880 1252; x_wconf 87' lang='lat' dir='ltr'><em>contra</em></span> <span class='ocrx_word' id='word_1_172' title='bbox 894 1225 986 1261; x_wconf 30' lang='lat' dir='ltr'><em>ipsos.</em></span> 
     </span>
    </p>
   </div>
   <div class='ocr_carea' id='block_1_8' title="bbox 120 1270 967 1307">
    <p class='ocr_par' dir='ltr' id='par_1_8' title="bbox 120 1270 967 1307">
     <span class='ocr_line' id='line_1_29' title="bbox 120 1270 967 1307; baseline -0.001 -6"><span class='ocrx_word' id='word_1_173' title='bbox 120 1272 232 1301; x_wconf 87' lang='lat' dir='ltr'><em>duram:</em></span> <span class='ocrx_word' id='word_1_174' title='bbox 248 1271 395 1305; x_wconf 80' lang='lat' dir='ltr'><em>Disceclite,</em></span> <span class='ocrx_word' id='word_1_175' title='bbox 408 1270 555 1299; x_wconf 81' lang='lat' dir='ltr'><em>maledicti</em></span> <span class='ocrx_word' id='word_1_176' title='bbox 564 1273 615 1299; x_wconf 86' lang='lat' dir='ltr'><em>etc.</em></span> <span class='ocrx_word' id='word_1_177' title='bbox 627 1287 665 1290; x_wconf 97' lang='lat'><strong>—</strong></span> <span class='ocrx_word' id='word_1_178' title='bbox 678 1271 841 1307; x_wconf 79' lang='lat' dir='ltr'><em>Exemplum</em></span> <span class='ocrx_word' id='word_1_179' title='bbox 852 1271 886 1300; x_wconf 89' lang='lat' dir='ltr'><em>de</em></span> <span class='ocrx_word' id='word_1_180' title='bbox 897 1271 967 1300; x_wconf 88' lang='lat' dir='ltr'><em>sole:</em></span> 
     </span>
    </p>
   </div>
   <div class='ocr_carea' id='block_1_9' title="bbox 82 1312 968 1348">
    <p class='ocr_par' dir='ltr' id='par_1_9' title="bbox 82 1312 968 1348">
     <span class='ocr_line' id='line_1_30' title="bbox 82 1312 968 1348; baseline -0.001 0"><span class='ocrx_word' id='word_1_181' title='bbox 82 1315 87 1320; x_wconf 87' lang='lat'>&#39;</span> <span class='ocrx_word' id='word_1_182' title='bbox 120 1319 141 1348; x_wconf 87' lang='lat' dir='ltr'><em>si</em></span> <span class='ocrx_word' id='word_1_183' title='bbox 163 1319 281 1348; x_wconf 75' lang='lat' dir='ltr'><em>dedisset</em></span> <span class='ocrx_word' id='word_1_184' title='bbox 302 1318 435 1346; x_wconf 86' lang='lat' dir='ltr'><em>Dominus</em></span> <span class='ocrx_word' id='word_1_185' title='bbox 456 1317 504 1346; x_wconf 88' lang='lat' dir='ltr'><em>soli</em></span> <span class='ocrx_word' id='word_1_186' title='bbox 527 1317 645 1346; x_wconf 88' lang='lat' dir='ltr'><em>animam</em></span> <span class='ocrx_word' id='word_1_187' title='bbox 667 1312 860 1346; x_wconf 76' lang='lat' dir='ltr'><em>intellectivam</em></span> <span class='ocrx_word' id='word_1_188' title='bbox 882 1321 909 1347; x_wconf 89' lang='lat' dir='ltr'><em>et</em></span> <span class='ocrx_word' id='word_1_189' title='bbox 925 1326 968 1347; x_wconf 88' lang='lat' dir='ltr'><em>ra-</em></span> 
     </span>
    </p>
   </div>
   <div class='ocr_carea' id='block_1_10' title="bbox 119 1364 969 2670">
    <p class='ocr_par' dir='ltr' id='par_1_10' title="bbox 119 1364 969 2670">
     <span class='ocr_line' id='line_1_31' title="bbox 120 1364 968 1401; baseline 0 -7"><span class='ocrx_word' id='word_1_190' title='bbox 120 1366 180 1395; x_wconf 82' lang='lat' dir='ltr'><em>dios</em></span> <span class='ocrx_word' id='word_1_191' title='bbox 190 1366 223 1394; x_wconf 88' lang='lat' dir='ltr'><em>ad</em></span> <span class='ocrx_word' id='word_1_192' title='bbox 235 1365 369 1394; x_wconf 83' lang='lat' dir='ltr'><em>mnndum</em></span> <span class='ocrx_word' id='word_1_193' title='bbox 384 1364 605 1398; x_wconf 81' lang='lat' dir='ltr'><em>illuminandum,</em></span> <span class='ocrx_word' id='word_1_194' title='bbox 617 1368 644 1393; x_wconf 85' lang='lat' dir='ltr'><em>et</em></span> <span class='ocrx_word' id='word_1_195' title='bbox 656 1365 714 1401; x_wconf 90' lang='lat' dir='ltr'><em>ipse</em></span> <span class='ocrx_word' id='word_1_196' title='bbox 725 1364 866 1393; x_wconf 81' lang='lat' dir='ltr'><em>clauderet</em></span> <span class='ocrx_word' id='word_1_197' title='bbox 877 1365 968 1394; x_wconf 87' lang='lat' dir='ltr'><em>radios</em></span> 
     </span>
     <span class='ocr_line' id='line_1_32' title="bbox 121 1411 968 1448; baseline -0.001 -7"><span class='ocrx_word' id='word_1_198' title='bbox 121 1420 194 1446; x_wconf 88' lang='lat' dir='ltr'><em>suos,</em></span> <span class='ocrx_word' id='word_1_199' title='bbox 206 1420 240 1440; x_wconf 87' lang='lat' dir='ltr'><em>ne</em></span> <span class='ocrx_word' id='word_1_200' title='bbox 254 1411 423 1440; x_wconf 88' lang='lat' dir='ltr'><em>illuminaret</em></span> <span class='ocrx_word' id='word_1_201' title='bbox 439 1411 582 1444; x_wconf 88' lang='lat' dir='ltr'><em>mundum,</em></span> <span class='ocrx_word' id='word_1_202' title='bbox 598 1414 712 1448; x_wconf 89' lang='lat' dir='ltr'><em>propter</em></span> <span class='ocrx_word' id='word_1_203' title='bbox 727 1411 800 1448; x_wconf 89' lang='lat' dir='ltr'><em>quod</em></span> <span class='ocrx_word' id='word_1_204' title='bbox 816 1412 890 1441; x_wconf 89' lang='lat' dir='ltr'><em>Deus</em></span> <span class='ocrx_word' id='word_1_205' title='bbox 905 1412 968 1440; x_wconf 81' lang='lat' dir='ltr'><em>fecit</em></span> 
     </span>
     <span class='ocr_line' id='line_1_33' title="bbox 120 1458 968 1495; baseline 0 -8"><span class='ocrx_word' id='word_1_206' title='bbox 120 1459 214 1493; x_wconf 83' lang='lat' dir='ltr'><em>illum;</em></span> <span class='ocrx_word' id='word_1_207' title='bbox 235 1466 326 1487; x_wconf 90' lang='lat' dir='ltr'><em>nonne</em></span> <span class='ocrx_word' id='word_1_208' title='bbox 348 1461 420 1487; x_wconf 88' lang='lat' dir='ltr'><em>esset</em></span> <span class='ocrx_word' id='word_1_209' title='bbox 440 1458 541 1495; x_wconf 85' lang='lat' dir='ltr'><em>dignus</em></span> <span class='ocrx_word' id='word_1_210' title='bbox 561 1461 668 1494; x_wconf 80' lang='lat' dir='ltr'><em>poena?</em></span> <span class='ocrx_word' id='word_1_211' title='bbox 688 1458 768 1487; x_wconf 88' lang='lat' dir='ltr'><em>Certe</em></span> <span class='ocrx_word' id='word_1_212' title='bbox 783 1458 837 1492; x_wconf 80' lang='lat' dir='ltr'><em>sic;</em></span> <span class='ocrx_word' id='word_1_213' title='bbox 856 1459 893 1487; x_wconf 91' lang='lat' dir='ltr'><em>ita</em></span> <span class='ocrx_word' id='word_1_214' title='bbox 907 1459 968 1487; x_wconf 85' lang='lat' dir='ltr'><em>dico</em></span> 
     </span>
     <span class='ocr_line' id='line_1_34' title="bbox 120 1505 966 1542; baseline 0 -8"><span class='ocrx_word' id='word_1_215' title='bbox 120 1506 185 1535; x_wconf 86' lang='lat' dir='ltr'><em>tibi:</em></span> <span class='ocrx_word' id='word_1_216' title='bbox 207 1506 228 1534; x_wconf 90' lang='lat' dir='ltr'><em>si</em></span> <span class='ocrx_word' id='word_1_217' title='bbox 251 1505 384 1534; x_wconf 89' lang='lat' dir='ltr'><em>Dominus</em></span> <span class='ocrx_word' id='word_1_218' title='bbox 404 1505 479 1534; x_wconf 89' lang='lat' dir='ltr'><em>dedit</em></span> <span class='ocrx_word' id='word_1_219' title='bbox 499 1505 547 1533; x_wconf 90' lang='lat' dir='ltr'><em>tibi</em></span> <span class='ocrx_word' id='word_1_220' title='bbox 570 1505 657 1533; x_wconf 88' lang='lat' dir='ltr'><em>multa</em></span> <span class='ocrx_word' id='word_1_221' title='bbox 688 1506 760 1534; x_wconf 87' lang='lat' dir='ltr'><em>bona</em></span> <span class='ocrx_word' id='word_1_222' title='bbox 791 1506 966 1542; x_wconf 87' lang='lat' dir='ltr'><em>temporalia,</em></span> 
     </span>
     <span class='ocr_line' id='line_1_35' title="bbox 120 1552 968 1590; baseline -0.001 -8"><span class='ocrx_word' id='word_1_223' title='bbox 120 1561 191 1590; x_wconf 86' lang='lat' dir='ltr'><em>quae</em></span> <span class='ocrx_word' id='word_1_224' title='bbox 212 1553 260 1581; x_wconf 86' lang='lat' dir='ltr'><em>tibi</em></span> <span class='ocrx_word' id='word_1_225' title='bbox 283 1561 333 1589; x_wconf 91' lang='lat' dir='ltr'><em>pro</em></span> <span class='ocrx_word' id='word_1_226' title='bbox 355 1556 380 1581; x_wconf 86' lang='lat' dir='ltr'><em>te</em></span> <span class='ocrx_word' id='word_1_227' title='bbox 402 1555 428 1581; x_wconf 90' lang='lat' dir='ltr'><em>et</em></span> <span class='ocrx_word' id='word_1_228' title='bbox 450 1552 544 1581; x_wconf 89' lang='lat' dir='ltr'><em>multis</em></span> <span class='ocrx_word' id='word_1_229' title='bbox 564 1552 624 1580; x_wconf 90' lang='lat' dir='ltr'><em>aliis</em></span> <span class='ocrx_word' id='word_1_230' title='bbox 645 1552 802 1587; x_wconf 80' lang='lat' dir='ltr'><em>sufficiunt3</em></span> <span class='ocrx_word' id='word_1_231' title='bbox 825 1553 846 1581; x_wconf 87' lang='lat' dir='ltr'><em>si</em></span> <span class='ocrx_word' id='word_1_232' title='bbox 863 1553 968 1582; x_wconf 88' lang='lat' dir='ltr'><em>claudis</em></span> 
     </span>
     <span class='ocr_line' id='line_1_36' title="bbox 120 1599 968 1637; baseline 0 -8"><span class='ocrx_word' id='word_1_233' title='bbox 120 1608 152 1629; x_wconf 88' lang='lat' dir='ltr'><em>ea</em></span> <span class='ocrx_word' id='word_1_234' title='bbox 172 1603 200 1629; x_wconf 90' lang='lat' dir='ltr'><em>et</em></span> <span class='ocrx_word' id='word_1_235' title='bbox 220 1599 338 1628; x_wconf 87' lang='lat' dir='ltr'><em>includis</em></span> <span class='ocrx_word' id='word_1_236' title='bbox 365 1602 392 1628; x_wconf 89' lang='lat' dir='ltr'><em>et</em></span> <span class='ocrx_word' id='word_1_237' title='bbox 413 1607 466 1627; x_wconf 92' lang='lat' dir='ltr'><em>non</em></span> <span class='ocrx_word' id='word_1_238' title='bbox 499 1599 624 1636; x_wconf 83' lang='lat' dir='ltr'><em>elargiris</em></span> <span class='ocrx_word' id='word_1_239' title='bbox 655 1599 730 1633; x_wconf 88' lang='lat' dir='ltr'><em>aliis,</em></span> <span class='ocrx_word' id='word_1_240' title='bbox 763 1604 837 1628; x_wconf 89' lang='lat' dir='ltr'><em>certe</em></span> <span class='ocrx_word' id='word_1_241' title='bbox 868 1600 968 1637; x_wconf 84' lang='lat' dir='ltr'><em>dignus</em></span> 
     </span>
     <span class='ocr_line' id='line_1_37' title="bbox 120 1646 867 1684; baseline -0.001 -8"><span class='ocrx_word' id='word_1_242' title='bbox 120 1655 149 1676; x_wconf 88' lang='lat' dir='ltr'><em>es</em></span> <span class='ocrx_word' id='word_1_243' title='bbox 171 1654 273 1684; x_wconf 86' lang='lat' dir='ltr'><em>poena,</em></span> <span class='ocrx_word' id='word_1_244' title='bbox 294 1654 348 1675; x_wconf 90' lang='lat' dir='ltr'><em>non</em></span> <span class='ocrx_word' id='word_1_245' title='bbox 371 1646 552 1683; x_wconf 82' lang='lat' dir='ltr'><em>pertransibis</em></span> <span class='ocrx_word' id='word_1_246' title='bbox 571 1646 630 1674; x_wconf 89' lang='lat' dir='ltr'><em>sine</em></span> <span class='ocrx_word' id='word_1_247' title='bbox 653 1654 751 1683; x_wconf 83' lang='lat' dir='ltr'><em>magna</em></span> <span class='ocrx_word' id='word_1_248' title='bbox 772 1655 867 1684; x_wconf 89' lang='lat' dir='ltr'><em>poena.</em></span> 
     </span>
     <span class='ocr_line' id='line_1_38' title="bbox 199 1693 967 1731; baseline 0.001 -9"><span class='ocrx_word' id='word_1_249' title='bbox 199 1694 281 1728; x_wconf 87' lang='lat' dir='ltr'><em>Item,</em></span> <span class='ocrx_word' id='word_1_250' title='bbox 303 1693 385 1722; x_wconf 87' lang='lat' dir='ltr'><em>tertio</em></span> <span class='ocrx_word' id='word_1_251' title='bbox 405 1693 607 1730; x_wconf 79' lang='lat' dir='ltr'><em>permutandus</em></span> <span class='ocrx_word' id='word_1_252' title='bbox 622 1696 663 1722; x_wconf 87' lang='lat' dir='ltr'><em>est</em></span> <span class='ocrx_word' id='word_1_253' title='bbox 678 1693 729 1722; x_wconf 89' lang='lat' dir='ltr'><em>iste</em></span> <span class='ocrx_word' id='word_1_254' title='bbox 744 1694 894 1723; x_wconf 83' lang='lat' dir='ltr'><em>thesaurus</em></span> <span class='ocrx_word' id='word_1_255' title='bbox 908 1702 967 1731; x_wconf 90' lang='lat' dir='ltr'><em>per-</em></span> 
     </span>
     <span class='ocr_line' id='line_1_39' title="bbox 120 1739 966 1777; baseline 0.001 -8"><span class='ocrx_word' id='word_1_256' title='bbox 120 1741 272 1769; x_wconf 82' lang='lat' dir='ltr'><em>mutatione</em></span> <span class='ocrx_word' id='word_1_257' title='bbox 299 1739 445 1777; x_wconf 59' lang='lat' dir='ltr'><em>perseam</em></span> <span class='ocrx_word' id='word_1_258' title='bbox 477 1743 504 1768; x_wconf 90' lang='lat' dir='ltr'><em>et</em></span> <span class='ocrx_word' id='word_1_259' title='bbox 532 1740 583 1769; x_wconf 90' lang='lat' dir='ltr'><em>hoc</em></span> <span class='ocrx_word' id='word_1_260' title='bbox 611 1748 660 1777; x_wconf 88' lang='lat' dir='ltr'><em>per</em></span> <span class='ocrx_word' id='word_1_261' title='bbox 683 1740 966 1770; x_wconf 84' lang='lat' dir='ltr'><em>abrenuntiationem</em></span> 
     </span>
     <span class='ocr_line' id='line_1_40' title="bbox 119 1786 966 1826; baseline 0 -9"><span class='ocrx_word' id='word_1_262' title='bbox 119 1788 268 1826; x_wconf 86' lang='lat' dir='ltr'><em>perfectam</em></span> <span class='ocrx_word' id='word_1_263' title='bbox 284 1787 409 1816; x_wconf 88' lang='lat' dir='ltr'><em>omnium</em></span> <span class='ocrx_word' id='word_1_264' title='bbox 424 1786 612 1825; x_wconf 78' lang='lat' dir='ltr'><em>facultatum.</em></span> <span class='ocrx_word' id='word_1_265' title='bbox 630 1788 735 1816; x_wconf 87' lang='lat' dir='ltr'><em>Dicitur</em></span> <span class='ocrx_word' id='word_1_266' title='bbox 750 1788 778 1816; x_wconf 92' lang='lat' dir='ltr'><em>in</em></span> <span class='ocrx_word' id='word_1_267' title='bbox 793 1788 928 1817; x_wconf 83' lang='lat' dir='ltr'><em>Matthaeo</em></span> <span class='ocrx_word' id='word_1_268' title='bbox 940 1789 966 1817; x_wconf 79' lang='lat'><em>³:</em></span> 
     </span>
     <span class='ocr_line' id='line_1_41' title="bbox 121 1834 968 1874; baseline -0.001 -9"><span class='ocrx_word' id='word_1_269' title='bbox 121 1836 153 1865; x_wconf 90' lang='lat' dir='ltr'><em>Si</em></span> <span class='ocrx_word' id='word_1_270' title='bbox 179 1835 224 1864; x_wconf 86' lang='lat' dir='ltr'><em>vis</em></span> <span class='ocrx_word' id='word_1_271' title='bbox 251 1843 309 1863; x_wconf 86' lang='lat' dir='ltr'><em>esse</em></span> <span class='ocrx_word' id='word_1_272' title='bbox 333 1834 497 1872; x_wconf 80' lang='lat' dir='ltr'><em>perfectus,</em></span> <span class='ocrx_word' id='word_1_273' title='bbox 526 1835 615 1869; x_wconf 80' lang='lat' dir='ltr'><em>vade,</em></span> <span class='ocrx_word' id='word_1_274' title='bbox 643 1835 731 1863; x_wconf 82' lang='lat' dir='ltr'><em>vende</em></span> <span class='ocrx_word' id='word_1_275' title='bbox 758 1836 864 1870; x_wconf 85' lang='lat' dir='ltr'><em>omnia,</em></span> <span class='ocrx_word' id='word_1_276' title='bbox 893 1844 968 1874; x_wconf 86' lang='lat' dir='ltr'><em>quae</em></span> 
     </span>
     <span class='ocr_line' id='line_1_42' title="bbox 120 1881 967 1919; baseline 0 -8"><span class='ocrx_word' id='word_1_277' title='bbox 120 1882 220 1916; x_wconf 79' lang='lat' dir='ltr'><em>habes,</em></span> <span class='ocrx_word' id='word_1_278' title='bbox 242 1885 268 1910; x_wconf 89' lang='lat' dir='ltr'><em>et</em></span> <span class='ocrx_word' id='word_1_279' title='bbox 288 1882 328 1910; x_wconf 84' lang='lat' dir='ltr'><em>cla</em></span> <span class='ocrx_word' id='word_1_280' title='bbox 345 1881 539 1919; x_wconf 78' lang='lat' dir='ltr'><em>pauperibus,</em></span> <span class='ocrx_word' id='word_1_281' title='bbox 561 1885 586 1910; x_wconf 83' lang='lat' dir='ltr'><em>et</em></span> <span class='ocrx_word' id='word_1_282' title='bbox 607 1881 723 1911; x_wconf 85' lang='lat' dir='ltr'><em>habebis</em></span> <span class='ocrx_word' id='word_1_283' title='bbox 738 1882 910 1911; x_wconf 84' lang='lat' dir='ltr'><em>thesaurum</em></span> <span class='ocrx_word' id='word_1_284' title='bbox 927 1883 967 1911; x_wconf 82' lang='lat' dir='ltr'><em>in-</em></span> 
     </span>
     <span class='ocr_line' id='line_1_43' title="bbox 119 1928 967 1967; baseline 0 -9"><span class='ocrx_word' id='word_1_285' title='bbox 119 1929 290 1958; x_wconf 86' lang='lat' dir='ltr'><em>deficientem</em></span> <span class='ocrx_word' id='word_1_286' title='bbox 314 1928 346 1957; x_wconf 92' lang='lat' dir='ltr'><em>in</em></span> <span class='ocrx_word' id='word_1_287' title='bbox 367 1928 444 1957; x_wconf 87' lang='lat' dir='ltr'><em>caelo</em></span> <span class='ocrx_word' id='word_1_288' title='bbox 465 1932 490 1957; x_wconf 89' lang='lat' dir='ltr'><em>et</em></span> <span class='ocrx_word' id='word_1_289' title='bbox 504 1929 579 1962; x_wconf 80' lang='lat' dir='ltr'><em>veni,</em></span> <span class='ocrx_word' id='word_1_290' title='bbox 594 1937 711 1967; x_wconf 85' lang='lat' dir='ltr'><em>sequere</em></span> <span class='ocrx_word' id='word_1_291' title='bbox 731 1937 784 1957; x_wconf 85' lang='lat' dir='ltr'><em>me.</em></span> <span class='ocrx_word' id='word_1_292' title='bbox 807 1929 874 1965; x_wconf 81' lang='lat' dir='ltr'><em>Quis</em></span> <span class='ocrx_word' id='word_1_293' title='bbox 895 1929 967 1958; x_wconf 74' lang='lat' dir='ltr'><em>dixit</em></span> 
     </span>
     <span class='ocr_line' id='line_1_44' title="bbox 120 1975 966 2013; baseline 0 -8"><span class='ocrx_word' id='word_1_294' title='bbox 120 1976 191 2005; x_wconf 83' lang='lat' dir='ltr'><em>hoc?</em></span> <span class='ocrx_word' id='word_1_295' title='bbox 213 1976 350 2013; x_wconf 81' lang='lat' dir='ltr'><em>Sapientia</em></span> <span class='ocrx_word' id='word_1_296' title='bbox 377 1979 504 2010; x_wconf 84' lang='lat' dir='ltr'><em>aeterna,</em></span> <span class='ocrx_word' id='word_1_297' title='bbox 532 1975 661 2013; x_wconf 75' lang='lat' dir='ltr'><em>Angyelus</em></span> <span class='ocrx_word' id='word_1_298' title='bbox 689 1976 792 2013; x_wconf 75' lang='lat' dir='ltr'><em>maqni</em></span> <span class='ocrx_word' id='word_1_299' title='bbox 819 1976 966 2011; x_wconf 71' lang='lat' dir='ltr'><em>consilii4,</em></span> 
     </span>
     <span class='ocr_line' id='line_1_45' title="bbox 121 2023 968 2060; baseline 0.001 -9"><span class='ocrx_word' id='word_1_300' title='bbox 121 2024 216 2052; x_wconf 87' lang='lat' dir='ltr'><em>Filius</em></span> <span class='ocrx_word' id='word_1_301' title='bbox 240 2023 305 2057; x_wconf 86' lang='lat' dir='ltr'><em>Dei,</em></span> <span class='ocrx_word' id='word_1_302' title='bbox 328 2023 374 2060; x_wconf 89' lang='lat' dir='ltr'><em>qui</em></span> <span class='ocrx_word' id='word_1_303' title='bbox 406 2031 460 2051; x_wconf 92' lang='lat' dir='ltr'><em>non</em></span> <span class='ocrx_word' id='word_1_304' title='bbox 492 2023 539 2051; x_wconf 90' lang='lat' dir='ltr'><em>dat</em></span> <span class='ocrx_word' id='word_1_305' title='bbox 565 2023 617 2051; x_wconf 87' lang='lat' dir='ltr'><em>nisi</em></span> <span class='ocrx_word' id='word_1_306' title='bbox 646 2023 791 2052; x_wconf 88' lang='lat' dir='ltr'><em>consilium</em></span> <span class='ocrx_word' id='word_1_307' title='bbox 820 2032 917 2052; x_wconf 88' lang='lat' dir='ltr'><em>sanum</em></span> <span class='ocrx_word' id='word_1_308' title='bbox 941 2027 968 2052; x_wconf 91' lang='lat' dir='ltr'><em>et</em></span> 
     </span>
     <span class='ocr_line' id='line_1_46' title="bbox 120 2069 968 2107; baseline 0 -8"><span class='ocrx_word' id='word_1_309' title='bbox 120 2070 203 2105; x_wconf 86' lang='lat' dir='ltr'><em>utile;</em></span> <span class='ocrx_word' id='word_1_310' title='bbox 225 2073 252 2099; x_wconf 91' lang='lat' dir='ltr'><em>et</em></span> <span class='ocrx_word' id='word_1_311' title='bbox 273 2070 320 2107; x_wconf 89' lang='lat' dir='ltr'><em>qui</em></span> <span class='ocrx_word' id='word_1_312' title='bbox 336 2070 387 2098; x_wconf 90' lang='grc'><strong>1100</strong></span> <span class='ocrx_word' id='word_1_313' title='bbox 401 2069 466 2098; x_wconf 82' lang='lat' dir='ltr'><em>facit</em></span> <span class='ocrx_word' id='word_1_314' title='bbox 481 2069 651 2098; x_wconf 83' lang='lat' dir='ltr'><em>thesaurum</em></span> <span class='ocrx_word' id='word_1_315' title='bbox 667 2070 724 2098; x_wconf 82' lang='lat' dir='ltr'><em>sibi</em></span> <span class='ocrx_word' id='word_1_316' title='bbox 736 2071 768 2099; x_wconf 90' lang='lat' dir='ltr'><em>in</em></span> <span class='ocrx_word' id='word_1_317' title='bbox 782 2070 859 2099; x_wconf 85' lang='lat' dir='ltr'><em>caelo</em></span> <span class='ocrx_word' id='word_1_318' title='bbox 873 2071 968 2107; x_wconf 87' lang='lat' dir='ltr'><em>acqui-</em></span> 
     </span>
     <span class='ocr_line' id='line_1_47' title="bbox 120 2117 969 2155; baseline 0.001 -10"><span class='ocrx_word' id='word_1_319' title='bbox 120 2118 172 2152; x_wconf 85' lang='lat' dir='ltr'><em>rit,</em></span> <span class='ocrx_word' id='word_1_320' title='bbox 194 2117 259 2155; x_wconf 84' lang='lat' dir='ltr'><em>quia</em></span> <span class='ocrx_word' id='word_1_321' title='bbox 280 2117 326 2154; x_wconf 90' lang='lat' dir='ltr'><em>qui</em></span> <span class='ocrx_word' id='word_1_322' title='bbox 342 2117 389 2145; x_wconf 89' lang='lat' dir='ltr'><em>dat</em></span> <span class='ocrx_word' id='word_1_323' title='bbox 404 2117 567 2145; x_wconf 85' lang='lat' dir='ltr'><em>thesaurum</em></span> <span class='ocrx_word' id='word_1_324' title='bbox 585 2117 753 2146; x_wconf 82' lang='lat' dir='ltr'><em>materialem</em></span> <span class='ocrx_word' id='word_1_325' title='bbox 768 2125 863 2146; x_wconf 89' lang='lat' dir='ltr'><em>rerum</em></span> <span class='ocrx_word' id='word_1_326' title='bbox 883 2118 969 2147; x_wconf 87' lang='lat' dir='ltr'><em>huius</em></span> 
     </span>
     <span class='ocr_line' id='line_1_48' title="bbox 121 2164 967 2198; baseline 0 -5"><span class='ocrx_word' id='word_1_327' title='bbox 121 2165 215 2194; x_wconf 91' lang='lat' dir='ltr'><em>mundi</em></span> <span class='ocrx_word' id='word_1_328' title='bbox 234 2165 262 2193; x_wconf 91' lang='lat' dir='ltr'><em>in</em></span> <span class='ocrx_word' id='word_1_329' title='bbox 294 2165 369 2193; x_wconf 90' lang='lat' dir='ltr'><em>caelo</em></span> <span class='ocrx_word' id='word_1_330' title='bbox 400 2164 449 2193; x_wconf 88' lang='lat' dir='ltr'><em>sihi</em></span> <span class='ocrx_word' id='word_1_331' title='bbox 480 2164 664 2198; x_wconf 84' lang='lat' dir='ltr'><em>thesaurizal;</em></span> <span class='ocrx_word' id='word_1_332' title='bbox 685 2164 759 2193; x_wconf 91' lang='lat' dir='ltr'><em>unde</em></span> <span class='ocrx_word' id='word_1_333' title='bbox 786 2165 920 2193; x_wconf 88' lang='lat' dir='ltr'><em>Dominus</em></span> <span class='ocrx_word' id='word_1_334' title='bbox 940 2165 967 2193; x_wconf 92' lang='lat' dir='ltr'><em>in</em></span> 
     </span>
     <span class='ocr_line' id='line_1_49' title="bbox 121 2210 969 2249; baseline -0.001 -8"><span class='ocrx_word' id='word_1_335' title='bbox 121 2212 281 2249; x_wconf 85' lang='lat' dir='ltr'><em>Evangelio:</em></span> <span class='ocrx_word' id='word_1_336' title='bbox 304 2211 396 2240; x_wconf 90' lang='lat' dir='ltr'><em>Nolite</em></span> <span class='ocrx_word' id='word_1_337' title='bbox 417 2210 624 2240; x_wconf 79' lang='lat' dir='ltr'><em>thesaurizare</em></span> <span class='ocrx_word' id='word_1_338' title='bbox 653 2211 731 2240; x_wconf 77' lang='lat' dir='ltr'><em>bobis</em></span> <span class='ocrx_word' id='word_1_339' title='bbox 760 2211 913 2240; x_wconf 72' lang='lat' dir='ltr'><em>thesauros</em></span> <span class='ocrx_word' id='word_1_340' title='bbox 938 2212 969 2241; x_wconf 86' lang='lat' dir='ltr'><em>in</em></span> 
     </span>
     <span class='ocr_line' id='line_1_50' title="bbox 121 2259 969 2296; baseline 0.001 -9"><span class='ocrx_word' id='word_1_341' title='bbox 121 2262 218 2293; x_wconf 83' lang='lat' dir='ltr'><em>terra,</em></span> <span class='ocrx_word' id='word_1_342' title='bbox 241 2259 292 2287; x_wconf 86' lang='lat' dir='ltr'><em>ubi</em></span> <span class='ocrx_word' id='word_1_343' title='bbox 312 2268 422 2296; x_wconf 75' lang='lat' dir='ltr'><em>aeruyo</em></span> <span class='ocrx_word' id='word_1_344' title='bbox 450 2262 474 2287; x_wconf 85' lang='lat' dir='ltr'><em>cl</em></span> <span class='ocrx_word' id='word_1_345' title='bbox 503 2259 580 2287; x_wconf 83' lang='lat' dir='ltr'><em>linea</em></span> <span class='ocrx_word' id='word_1_346' title='bbox 611 2259 781 2293; x_wconf 73' lang='lat' dir='ltr'><em>demolitur,</em></span> <span class='ocrx_word' id='word_1_347' title='bbox 807 2260 856 2287; x_wconf 79' lang='lat' dir='ltr'><em>secl</em></span> <span class='ocrx_word' id='word_1_348' title='bbox 877 2259 969 2296; x_wconf 85' lang='lat' dir='ltr'><em>potius</em></span> 
     </span>
     <span class='ocr_line' id='line_1_51' title="bbox 122 2305 969 2345; baseline 0.001 -11"><span class='ocrx_word' id='word_1_349' title='bbox 122 2305 321 2335; x_wconf 82' lang='lat' dir='ltr'><em>thesaurizate</em></span> <span class='ocrx_word' id='word_1_350' title='bbox 335 2306 414 2334; x_wconf 74' lang='lat' dir='ltr'><em>vobis</em></span> <span class='ocrx_word' id='word_1_351' title='bbox 429 2306 460 2334; x_wconf 89' lang='lat' dir='ltr'><em>in</em></span> <span class='ocrx_word' id='word_1_352' title='bbox 474 2306 562 2340; x_wconf 87' lang='lat' dir='ltr'><em>caelo,</em></span> <span class='ocrx_word' id='word_1_353' title='bbox 577 2306 630 2334; x_wconf 80' lang='lat' dir='ltr'><em>ubi</em></span> <span class='ocrx_word' id='word_1_354' title='bbox 642 2315 732 2344; x_wconf 83' lang='lat' dir='ltr'><em>neque</em></span> <span class='ocrx_word' id='word_1_355' title='bbox 747 2315 858 2344; x_wconf 72' lang='lat' dir='ltr'><em>aeruqo</em></span> <span class='ocrx_word' id='word_1_356' title='bbox 879 2315 969 2345; x_wconf 86' lang='lat' dir='ltr'><em>neque</em></span> 
     </span>
     <span class='ocr_line' id='line_1_52' title="bbox 122 2349 968 2390; baseline 0 -9"><span class='ocrx_word' id='word_1_357' title='bbox 122 2349 387 2387; x_wconf 78' lang='lat' dir='ltr'><em>tinca&#39;tlemolitur,</em></span> <span class='ocrx_word' id='word_1_358' title='bbox 403 2356 429 2381; x_wconf 81' lang='lat' dir='ltr'><em>el</em></span> <span class='ocrx_word' id='word_1_359' title='bbox 442 2352 494 2381; x_wconf 85' lang='lat' dir='ltr'><em>ubi</em></span> <span class='ocrx_word' id='word_1_360' title='bbox 513 2351 597 2389; x_wconf 72' lang='lat' dir='ltr'><em>fures</em></span> <span class='ocrx_word' id='word_1_361' title='bbox 618 2361 675 2381; x_wconf 88' lang='lat' dir='ltr'><em>non</em></span> <span class='ocrx_word' id='word_1_362' title='bbox 691 2352 831 2390; x_wconf 78' lang='lat' dir='ltr'><em>effodiunt</em></span> <span class='ocrx_word' id='word_1_363' title='bbox 850 2362 901 2381; x_wconf 87' lang='lat' dir='ltr'><em>nec</em></span> <span class='ocrx_word' id='word_1_364' title='bbox 919 2352 968 2390; x_wconf 80' lang='lat' dir='ltr'><em>fu-</em></span> 
     </span>
     <span class='ocr_line' id='line_1_53' title="bbox 122 2399 968 2436; baseline 0 -9"><span class='ocrx_word' id='word_1_365' title='bbox 122 2403 240 2428; x_wconf 79' lang='lat' dir='ltr'><em>rantur.</em></span> <span class='ocrx_word' id='word_1_366' title='bbox 263 2399 316 2428; x_wconf 89' lang='lat' dir='ltr'><em>Hoc</em></span> <span class='ocrx_word' id='word_1_367' title='bbox 337 2399 442 2427; x_wconf 83' lang='lat' dir='ltr'><em>audivit</em></span> <span class='ocrx_word' id='word_1_368' title='bbox 469 2399 567 2428; x_wconf 84' lang='lat' dir='ltr'><em>beatus</em></span> <span class='ocrx_word' id='word_1_369' title='bbox 594 2399 733 2433; x_wconf 81' lang='lat' dir='ltr'><em>Nicolaus,</em></span> <span class='ocrx_word' id='word_1_370' title='bbox 756 2399 836 2436; x_wconf 85' lang='lat' dir='ltr'><em>quia,</em></span> <span class='ocrx_word' id='word_1_371' title='bbox 859 2399 968 2436; x_wconf 84' lang='lat' dir='ltr'><em>quando</em></span> 
     </span>
     <span class='ocr_line' id='line_1_54' title="bbox 122 2445 969 2483; baseline -0.001 -9"><span class='ocrx_word' id='word_1_372' title='bbox 122 2449 243 2483; x_wconf 88' lang='lat' dir='ltr'><em>utroque</em></span> <span class='ocrx_word' id='word_1_373' title='bbox 264 2449 377 2482; x_wconf 86' lang='lat' dir='ltr'><em>parente</em></span> <span class='ocrx_word' id='word_1_374' title='bbox 398 2446 513 2474; x_wconf 88' lang='lat' dir='ltr'><em>orbatus</em></span> <span class='ocrx_word' id='word_1_375' title='bbox 534 2449 587 2479; x_wconf 86' lang='lat' dir='ltr'><em>est,</em></span> <span class='ocrx_word' id='word_1_376' title='bbox 610 2453 718 2482; x_wconf 87' lang='lat' dir='ltr'><em>semper</em></span> <span class='ocrx_word' id='word_1_377' title='bbox 740 2445 831 2473; x_wconf 87' lang='lat' dir='ltr'><em>animo</em></span> <span class='ocrx_word' id='word_1_378' title='bbox 853 2454 903 2474; x_wconf 89' lang='lat' dir='ltr'><em>suo</em></span> <span class='ocrx_word' id='word_1_379' title='bbox 925 2453 969 2474; x_wconf 87' lang='lat' dir='ltr'><em>re-</em></span> 
     </span>
     <span class='ocr_line' id='line_1_55' title="bbox 122 2493 968 2530; baseline -0.001 -9"><span class='ocrx_word' id='word_1_380' title='bbox 122 2493 249 2522; x_wconf 78' lang='lat' dir='ltr'><em>volvebat</em></span> <span class='ocrx_word' id='word_1_381' title='bbox 269 2493 337 2521; x_wconf 93' lang='lat' dir='ltr'><em>illud</em></span> <span class='ocrx_word' id='word_1_382' title='bbox 359 2493 511 2530; x_wconf 84' lang='lat' dir='ltr'><em>Evangelii:</em></span> <span class='ocrx_word' id='word_1_383' title='bbox 536 2493 594 2529; x_wconf 77' lang='lat' dir='ltr'><em>Qui</em></span> <span class='ocrx_word' id='word_1_384' title='bbox 613 2501 671 2521; x_wconf 88' lang='lat' dir='ltr'><em>non</em></span> <span class='ocrx_word' id='word_1_385' title='bbox 703 2493 854 2520; x_wconf 86' lang='lat' dir='ltr'><em>renuntiat</em></span> <span class='ocrx_word' id='word_1_386' title='bbox 875 2493 968 2520; x_wconf 80' lang='lat' dir='ltr'><em>onzni-</em></span> 
     </span>
     <span class='ocr_line' id='line_1_56' title="bbox 123 2539 967 2578; baseline -0.001 -10"><span class='ocrx_word' id='word_1_387' title='bbox 123 2539 186 2573; x_wconf 77' lang='lat' dir='ltr'><em>bus,</em></span> <span class='ocrx_word' id='word_1_388' title='bbox 201 2548 275 2578; x_wconf 89' lang='lat' dir='ltr'><em>quae</em></span> <span class='ocrx_word' id='word_1_389' title='bbox 288 2540 421 2577; x_wconf 75' lang='lat' dir='ltr'><em>possidet,</em></span> <span class='ocrx_word' id='word_1_390' title='bbox 437 2549 495 2568; x_wconf 88' lang='lat' dir='ltr'><em>non</em></span> <span class='ocrx_word' id='word_1_391' title='bbox 509 2543 597 2577; x_wconf 77' lang='lat' dir='ltr'><em>polest</em></span> <span class='ocrx_word' id='word_1_392' title='bbox 618 2548 699 2567; x_wconf 81' lang='lat' dir='ltr'><em>meus</em></span> <span class='ocrx_word' id='word_1_393' title='bbox 721 2548 780 2567; x_wconf 84' lang='lat' dir='ltr'><em>esse</em></span> <span class='ocrx_word' id='word_1_394' title='bbox 795 2539 967 2576; x_wconf 74' lang='lat' dir='ltr'><em>discipulus.</em></span> 
     </span>
     <span class='ocr_line' id='line_1_57' title="bbox 122 2586 968 2623; baseline -0.001 -8"><span class='ocrx_word' id='word_1_395' title='bbox 122 2586 198 2615; x_wconf 87' lang='lat' dir='ltr'><em>Unde</em></span> <span class='ocrx_word' id='word_1_396' title='bbox 218 2595 271 2615; x_wconf 92' lang='lat' dir='ltr'><em>non</em></span> <span class='ocrx_word' id='word_1_397' title='bbox 294 2587 383 2615; x_wconf 89' lang='lat' dir='ltr'><em>solum</em></span> <span class='ocrx_word' id='word_1_398' title='bbox 406 2587 492 2615; x_wconf 88' lang='lat' dir='ltr'><em>voluit</em></span> <span class='ocrx_word' id='word_1_399' title='bbox 521 2586 683 2623; x_wconf 83' lang='lat' dir='ltr'><em>temporalia</em></span> <span class='ocrx_word' id='word_1_400' title='bbox 704 2594 835 2622; x_wconf 85' lang='lat' dir='ltr'><em>spernere</em></span> <span class='ocrx_word' id='word_1_401' title='bbox 856 2588 883 2614; x_wconf 91' lang='lat' dir='ltr'><em>et</em></span> <span class='ocrx_word' id='word_1_402' title='bbox 904 2594 968 2623; x_wconf 90' lang='lat' dir='ltr'><em>sup-</em></span> 
     </span>
     <span class='ocr_line' id='line_1_58' title="bbox 123 2633 969 2670; baseline -0.001 -8"><span class='ocrx_word' id='word_1_403' title='bbox 123 2633 245 2670; x_wconf 84' lang='lat' dir='ltr'><em>peditare</em></span> <span class='ocrx_word' id='word_1_404' title='bbox 267 2637 293 2662; x_wconf 90' lang='lat' dir='ltr'><em>et</em></span> <span class='ocrx_word' id='word_1_405' title='bbox 314 2641 346 2662; x_wconf 89' lang='lat' dir='ltr'><em>ea</em></span> <span class='ocrx_word' id='word_1_406' title='bbox 367 2634 394 2661; x_wconf 92' lang='lat' dir='ltr'><em>in</em></span> <span class='ocrx_word' id='word_1_407' title='bbox 416 2634 602 2669; x_wconf 79' lang='lat' dir='ltr'><em>eleemosynas</em></span> <span class='ocrx_word' id='word_1_408' title='bbox 624 2641 751 2669; x_wconf 76' lang='lat' dir='ltr'><em>erogare,</em></span> <span class='ocrx_word' id='word_1_409' title='bbox 773 2633 819 2661; x_wconf 86' lang='lat' dir='ltr'><em>sed</em></span> <span class='ocrx_word' id='word_1_410' title='bbox 841 2633 969 2662; x_wconf 86' lang='lat' dir='ltr'><em>omnibus</em></span> 
     </span>
    </p>
   </div>
   <div class='ocr_carea' id='block_1_11' title="bbox 994 294 1000 2670">
    <p class='ocr_par' dir='ltr' id='par_1_11' title="bbox 994 294 1000 2670">
     <span class='ocr_line' id='line_1_59' title="bbox 994 294 1000 2670; baseline 0 0"><span class='ocrx_word' id='word_1_411' title='bbox 994 294 1000 2670; x_wconf 95' lang='lat' dir='ltr'><em> </em></span> 
     </span>
    </p>
   </div>
   <div class='ocr_carea' id='block_1_12' title="bbox 1810 166 1865 195">
    <p class='ocr_par' dir='ltr' id='par_1_12' title="bbox 1810 166 1865 195">
     <span class='ocr_line' id='line_1_60' title="bbox 1810 166 1865 195; baseline 0.018 -1"><span class='ocrx_word' id='word_1_412' title='bbox 1810 166 1865 195; x_wconf 70' lang='lat'><em>475</em></span> 
     </span>
    </p>
   </div>
   <div class='ocr_carea' id='block_1_13' title="bbox 1020 242 1870 2670">
    <p class='ocr_par' dir='ltr' id='par_1_13' title="bbox 1020 242 1869 1589">
     <span class='ocr_line' id='line_1_61' title="bbox 1024 242 1867 281; baseline 0.002 -10"><span class='ocrx_word' id='word_1_413' title='bbox 1024 251 1074 280; x_wconf 84' lang='lat' dir='ltr'><em>pro</em></span> <span class='ocrx_word' id='word_1_414' title='bbox 1095 242 1204 271; x_wconf 85' lang='lat' dir='ltr'><em>Christo</em></span> <span class='ocrx_word' id='word_1_415' title='bbox 1234 243 1444 277; x_wconf 83' lang='lat' dir='ltr'><em>abrenuntiare,</em></span> <span class='ocrx_word' id='word_1_416' title='bbox 1465 246 1497 272; x_wconf 92' lang='lat' dir='ltr'><em>ut</em></span> <span class='ocrx_word' id='word_1_417' title='bbox 1527 247 1619 280; x_wconf 87' lang='lat' dir='ltr'><em>posset</em></span> <span class='ocrx_word' id='word_1_418' title='bbox 1648 251 1707 273; x_wconf 88' lang='lat' dir='ltr'><em>esse</em></span> <span class='ocrx_word' id='word_1_419' title='bbox 1728 244 1867 281; x_wconf 84' lang='lat' dir='ltr'><em>perfectus</em></span> 
     </span>
     <span class='ocr_line' id='line_1_62' title="bbox 1023 289 1867 325; baseline 0.002 -8"><span class='ocrx_word' id='word_1_420' title='bbox 1023 297 1087 318; x_wconf 88' lang='lat' dir='ltr'><em>cum</em></span> <span class='ocrx_word' id='word_1_421' title='bbox 1108 289 1225 318; x_wconf 89' lang='lat' dir='ltr'><em>Christo.</em></span> <span class='ocrx_word' id='word_1_422' title='bbox 1247 290 1317 318; x_wconf 86' lang='lat' dir='ltr'><em>Haec</em></span> <span class='ocrx_word' id='word_1_423' title='bbox 1337 290 1409 318; x_wconf 89' lang='lat' dir='ltr'><em>enim</em></span> <span class='ocrx_word' id='word_1_424' title='bbox 1431 293 1472 319; x_wconf 90' lang='lat' dir='ltr'><em>est</em></span> <span class='ocrx_word' id='word_1_425' title='bbox 1492 290 1617 319; x_wconf 89' lang='lat' dir='ltr'><em>doctrina</em></span> <span class='ocrx_word' id='word_1_426' title='bbox 1638 290 1748 325; x_wconf 88' lang='lat' dir='ltr'><em>Christi,</em></span> <span class='ocrx_word' id='word_1_427' title='bbox 1770 294 1801 319; x_wconf 85' lang='lat' dir='ltr'><em>ut</em></span> <span class='ocrx_word' id='word_1_428' title='bbox 1822 291 1867 319; x_wconf 86' lang='lat' dir='ltr'><em>ha-</em></span> 
     </span>
     <span class='ocr_line' id='line_1_63' title="bbox 1022 336 1868 375; baseline 0.002 -11"><span class='ocrx_word' id='word_1_429' title='bbox 1022 336 1110 364; x_wconf 87' lang='lat' dir='ltr'><em>bitum</em></span> <span class='ocrx_word' id='word_1_430' title='bbox 1132 340 1188 370; x_wconf 88' lang='lat' dir='ltr'><em>est,</em></span> <span class='ocrx_word' id='word_1_431' title='bbox 1210 336 1276 373; x_wconf 82' lang='lat' dir='ltr'><em>quia</em></span> <span class='ocrx_word' id='word_1_432' title='bbox 1295 336 1367 365; x_wconf 86' lang='lat' dir='ltr'><em>dixit</em></span> <span class='ocrx_word' id='word_1_433' title='bbox 1388 337 1415 365; x_wconf 92' lang='lat' dir='ltr'><em>in</em></span> <span class='ocrx_word' id='word_1_434' title='bbox 1438 337 1596 374; x_wconf 86' lang='lat' dir='ltr'><em>Evangelio:</em></span> <span class='ocrx_word' id='word_1_435' title='bbox 1620 337 1653 366; x_wconf 85' lang='lat' dir='ltr'><em>Si</em></span> <span class='ocrx_word' id='word_1_436' title='bbox 1672 338 1716 366; x_wconf 80' lang='lat' dir='ltr'><em>vis</em></span> <span class='ocrx_word' id='word_1_437' title='bbox 1730 346 1789 366; x_wconf 89' lang='lat' dir='ltr'><em>csse</em></span> <span class='ocrx_word' id='word_1_438' title='bbox 1800 346 1868 375; x_wconf 80' lang='lat' dir='ltr'><em>per-</em></span> 
     </span>
     <span class='ocr_line' id='line_1_64' title="bbox 1022 381 1867 422; baseline 0.004 -12"><span class='ocrx_word' id='word_1_439' title='bbox 1022 381 1131 419; x_wconf 83' lang='lat' dir='ltr'><em>fectus,</em></span> <span class='ocrx_word' id='word_1_440' title='bbox 1160 383 1249 417; x_wconf 82' lang='lat' dir='ltr'><em>vade,</em></span> <span class='ocrx_word' id='word_1_441' title='bbox 1276 383 1364 412; x_wconf 77' lang='lat' dir='ltr'><em>vende</em></span> <span class='ocrx_word' id='word_1_442' title='bbox 1394 384 1500 418; x_wconf 85' lang='lat' dir='ltr'><em>omnia,</em></span> <span class='ocrx_word' id='word_1_443' title='bbox 1532 392 1606 422; x_wconf 87' lang='lat' dir='ltr'><em>quae</em></span> <span class='ocrx_word' id='word_1_444' title='bbox 1636 383 1739 419; x_wconf 83' lang='lat' dir='ltr'><em>habes,</em></span> <span class='ocrx_word' id='word_1_445' title='bbox 1772 389 1797 414; x_wconf 88' lang='lat' dir='ltr'><em>et</em></span> <span class='ocrx_word' id='word_1_446' title='bbox 1827 385 1867 413; x_wconf 84' lang='lat' dir='ltr'><em>da</em></span> 
     </span>
     <span class='ocr_line' id='line_1_65' title="bbox 1020 429 1866 469; baseline 0.005 -12"><span class='ocrx_word' id='word_1_447' title='bbox 1020 429 1203 466; x_wconf 83' lang='lat' dir='ltr'><em>pauperibus</em></span> <span class='ocrx_word' id='word_1_448' title='bbox 1230 434 1257 458; x_wconf 88' lang='lat' dir='ltr'><em>et</em></span> <span class='ocrx_word' id='word_1_449' title='bbox 1281 430 1361 464; x_wconf 81' lang='lat' dir='ltr'><em>veni,</em></span> <span class='ocrx_word' id='word_1_450' title='bbox 1389 439 1505 469; x_wconf 80' lang='lat' dir='ltr'><em>sequere</em></span> <span class='ocrx_word' id='word_1_451' title='bbox 1529 440 1589 465; x_wconf 85' lang='lat' dir='ltr'><em>me,</em></span> <span class='ocrx_word' id='word_1_452' title='bbox 1621 439 1786 469; x_wconf 87' lang='lat' dir='ltr'><em>pauperem,</em></span> <span class='ocrx_word' id='word_1_453' title='bbox 1815 441 1866 461; x_wconf 90' lang='lat' dir='ltr'><em>nu-</em></span> 
     </span>
     <span class='ocr_line' id='line_1_66' title="bbox 1022 476 1867 517; baseline 0.006 -14"><span class='ocrx_word' id='word_1_454' title='bbox 1022 476 1074 504; x_wconf 90' lang='lat' dir='ltr'><em>dus</em></span> <span class='ocrx_word' id='word_1_455' title='bbox 1102 476 1218 504; x_wconf 86' lang='lat' dir='ltr'><em>nudum.</em></span> <span class='ocrx_word' id='word_1_456' title='bbox 1240 477 1309 505; x_wconf 88' lang='lat' dir='ltr'><em>Haec</em></span> <span class='ocrx_word' id='word_1_457' title='bbox 1330 480 1371 505; x_wconf 90' lang='lat' dir='ltr'><em>est</em></span> <span class='ocrx_word' id='word_1_458' title='bbox 1392 477 1473 506; x_wconf 87' lang='lat' dir='ltr'><em>etiam</em></span> <span class='ocrx_word' id='word_1_459' title='bbox 1496 478 1620 507; x_wconf 83' lang='lat' dir='ltr'><em>doctrina</em></span> <span class='ocrx_word' id='word_1_460' title='bbox 1641 479 1715 507; x_wconf 89' lang='lat' dir='ltr'><em>Pauli</em></span> <span class='ocrx_word' id='word_1_461' title='bbox 1728 479 1748 514; x_wconf 90' lang='lat'><em>⁵,</em></span> <span class='ocrx_word' id='word_1_462' title='bbox 1763 480 1811 517; x_wconf 86' lang='lat' dir='ltr'><em>qui</em></span> <span class='ocrx_word' id='word_1_463' title='bbox 1826 480 1867 508; x_wconf 92' lang='lat' dir='ltr'><em>di-</em></span> 
     </span>
     <span class='ocr_line' id='line_1_67' title="bbox 1022 522 1866 561; baseline 0.006 -11"><span class='ocrx_word' id='word_1_464' title='bbox 1022 522 1115 551; x_wconf 85' lang='lat' dir='ltr'><em>cebat:</em></span> <span class='ocrx_word' id='word_1_465' title='bbox 1138 523 1216 551; x_wconf 85' lang='lat' dir='ltr'><em>Haec</em></span> <span class='ocrx_word' id='word_1_466' title='bbox 1238 523 1338 551; x_wconf 86' lang='lat' dir='ltr'><em>omnia</em></span> <span class='ocrx_word' id='word_1_467' title='bbox 1358 524 1525 553; x_wconf 76' lang='lat' dir='ltr'><em>arbitratus</em></span> <span class='ocrx_word' id='word_1_468' title='bbox 1545 534 1611 553; x_wconf 87' lang='lat' dir='ltr'><em>sum</em></span> <span class='ocrx_word' id='word_1_469' title='bbox 1633 530 1665 554; x_wconf 83' lang='lat' dir='ltr'><em>ut</em></span> <span class='ocrx_word' id='word_1_470' title='bbox 1678 530 1819 561; x_wconf 75' lang='lat' dir='ltr'><em>stercora,</em></span> <span class='ocrx_word' id='word_1_471' title='bbox 1835 531 1866 555; x_wconf 92' lang='lat' dir='ltr'><em>ut</em></span> 
     </span>
     <span class='ocr_line' id='line_1_68' title="bbox 1025 568 1865 608; baseline 0.006 -11"><span class='ocrx_word' id='word_1_472' title='bbox 1025 568 1173 597; x_wconf 85' lang='lat' dir='ltr'><em>Christum</em></span> <span class='ocrx_word' id='word_1_473' title='bbox 1195 569 1393 606; x_wconf 83' lang='lat' dir='ltr'><em>lucrifaciam.</em></span> <span class='ocrx_word' id='word_1_474' title='bbox 1415 571 1446 599; x_wconf 87' lang='lat' dir='ltr'><em>Et</em></span> <span class='ocrx_word' id='word_1_475' title='bbox 1467 571 1526 600; x_wconf 90' lang='lat' dir='ltr'><em>ideo</em></span> <span class='ocrx_word' id='word_1_476' title='bbox 1548 572 1644 601; x_wconf 88' lang='lat' dir='ltr'><em>beatus</em></span> <span class='ocrx_word' id='word_1_477' title='bbox 1665 573 1803 608; x_wconf 86' lang='lat' dir='ltr'><em>Nicolaus,</em></span> <span class='ocrx_word' id='word_1_478' title='bbox 1818 574 1865 602; x_wconf 48' lang='lat' dir='ltr'><em>do*</em></span> 
     </span>
     <span class='ocr_line' id='line_1_69' title="bbox 1023 616 1866 653; baseline 0.007 -10"><span class='ocrx_word' id='word_1_479' title='bbox 1023 616 1111 643; x_wconf 86' lang='lat' dir='ltr'><em>ctrina</em></span> <span class='ocrx_word' id='word_1_480' title='bbox 1124 619 1151 644; x_wconf 87' lang='lat' dir='ltr'><em>et</em></span> <span class='ocrx_word' id='word_1_481' title='bbox 1166 617 1295 653; x_wconf 88' lang='lat' dir='ltr'><em>exemplo</em></span> <span class='ocrx_word' id='word_1_482' title='bbox 1310 617 1384 645; x_wconf 86' lang='lat' dir='ltr'><em>Pauli</em></span> <span class='ocrx_word' id='word_1_483' title='bbox 1407 617 1580 652; x_wconf 82' lang='lat' dir='ltr'><em>informatus,</em></span> <span class='ocrx_word' id='word_1_484' title='bbox 1597 619 1664 648; x_wconf 90' lang='lat' dir='ltr'><em>haec</em></span> <span class='ocrx_word' id='word_1_485' title='bbox 1678 620 1769 649; x_wconf 89' lang='lat' dir='ltr'><em>omnia</em></span> <span class='ocrx_word' id='word_1_486' title='bbox 1790 621 1866 649; x_wconf 90' lang='lat' dir='ltr'><em>velut</em></span> 
     </span>
     <span class='ocr_line' id='line_1_70' title="bbox 1022 663 1865 703; baseline 0.008 -14"><span class='ocrx_word' id='word_1_487' title='bbox 1022 665 1153 690; x_wconf 79' lang='lat' dir='ltr'><em>stercora</em></span> <span class='ocrx_word' id='word_1_488' title='bbox 1175 663 1297 699; x_wconf 84' lang='lat' dir='ltr'><em>proiecit.</em></span> <span class='ocrx_word' id='word_1_489' title='bbox 1321 679 1357 684; x_wconf 84' lang='lat'><em>-</em></span> <span class='ocrx_word' id='word_1_490' title='bbox 1379 664 1404 692; x_wconf 88' lang='lat' dir='ltr'><em>Si</em></span> <span class='ocrx_word' id='word_1_491' title='bbox 1426 665 1489 701; x_wconf 84' lang='lat' dir='ltr'><em>quis</em></span> <span class='ocrx_word' id='word_1_492' title='bbox 1513 668 1605 694; x_wconf 88' lang='lat' dir='ltr'><em>autem</em></span> <span class='ocrx_word' id='word_1_493' title='bbox 1631 675 1683 695; x_wconf 87' lang='lat' dir='ltr'><em>non</em></span> <span class='ocrx_word' id='word_1_494' title='bbox 1707 670 1786 703; x_wconf 86' lang='lat' dir='ltr'><em>putat</em></span> <span class='ocrx_word' id='word_1_495' title='bbox 1806 675 1865 696; x_wconf 88' lang='lat' dir='ltr'><em>esse</em></span> 
     </span>
     <span class='ocr_line' id='line_1_71' title="bbox 1022 709 1864 745; baseline 0.011 -10"><span class='ocrx_word' id='word_1_496' title='bbox 1022 712 1168 742; x_wconf 83' lang='lat' dir='ltr'><em>stercora,</em></span> <span class='ocrx_word' id='word_1_497' title='bbox 1191 709 1238 738; x_wconf 87' lang='lat' dir='ltr'><em>sed</em></span> <span class='ocrx_word' id='word_1_498' title='bbox 1260 710 1394 745; x_wconf 88' lang='lat' dir='ltr'><em>pretiosa,</em></span> <span class='ocrx_word' id='word_1_499' title='bbox 1415 711 1579 741; x_wconf 88' lang='lat' dir='ltr'><em>adversatur</em></span> <span class='ocrx_word' id='word_1_500' title='bbox 1601 721 1695 742; x_wconf 78' lang='lat' dir='ltr'><em>sacrae</em></span> <span class='ocrx_word' id='word_1_501' title='bbox 1716 714 1864 744; x_wconf 86' lang='lat' dir='ltr'><em>doctrinae.</em></span> 
     </span>
     <span class='ocr_line' id='line_1_72' title="bbox 1023 755 1867 792; baseline 0.011 -10"><span class='ocrx_word' id='word_1_502' title='bbox 1023 755 1098 783; x_wconf 90' lang='lat' dir='ltr'><em>Unde</em></span> <span class='ocrx_word' id='word_1_503' title='bbox 1118 756 1262 791; x_wconf 80' lang='lat' dir='ltr'><em>Apostolus</em></span> <span class='ocrx_word' id='word_1_504' title='bbox 1293 757 1398 792; x_wconf 89' lang='lat' dir='ltr'><em>primae</em></span> <span class='ocrx_word' id='word_1_505' title='bbox 1428 758 1461 785; x_wconf 90' lang='lat' dir='ltr'><em>ad</em></span> <span class='ocrx_word' id='word_1_506' title='bbox 1493 759 1665 788; x_wconf 86' lang='lat' dir='ltr'><em>Timotheum</em></span> <span class='ocrx_word' id='word_1_507' title='bbox 1695 762 1811 790; x_wconf 66' lang='lat' dir='ltr'><em>sextoss:</em></span> <span class='ocrx_word' id='word_1_508' title='bbox 1834 763 1867 791; x_wconf 87' lang='lat' dir='ltr'><em>Si</em></span> 
     </span>
     <span class='ocr_line' id='line_1_73' title="bbox 1023 801 1866 842; baseline 0.011 -14"><span class='ocrx_word' id='word_1_509' title='bbox 1023 801 1089 838; x_wconf 87' lang='lat' dir='ltr'><em>quis</em></span> <span class='ocrx_word' id='word_1_510' title='bbox 1110 801 1195 830; x_wconf 83' lang='lat' dir='ltr'><em>aliter</em></span> <span class='ocrx_word' id='word_1_511' title='bbox 1216 802 1307 836; x_wconf 86' lang='lat' dir='ltr'><em>docet,</em></span> <span class='ocrx_word' id='word_1_512' title='bbox 1329 807 1355 831; x_wconf 84' lang='lat' dir='ltr'><em>et</em></span> <span class='ocrx_word' id='word_1_513' title='bbox 1375 812 1433 832; x_wconf 81' lang='lat' dir='ltr'><em>non</em></span> <span class='ocrx_word' id='word_1_514' title='bbox 1448 805 1603 842; x_wconf 78' lang='lat' dir='ltr'><em>acquiescit</em></span> <span class='ocrx_word' id='word_1_515' title='bbox 1623 807 1706 835; x_wconf 77' lang='lat' dir='ltr'><em>sanis</em></span> <span class='ocrx_word' id='word_1_516' title='bbox 1726 809 1866 837; x_wconf 84' lang='lat' dir='ltr'><em>sermoni-</em></span> 
     </span>
     <span class='ocr_line' id='line_1_74' title="bbox 1024 847 1867 891; baseline 0.011 -16"><span class='ocrx_word' id='word_1_517' title='bbox 1024 847 1077 876; x_wconf 84' lang='lat' dir='ltr'><em>bus</em></span> <span class='ocrx_word' id='word_1_518' title='bbox 1100 849 1217 877; x_wconf 84' lang='lat' dir='ltr'><em>Domini</em></span> <span class='ocrx_word' id='word_1_519' title='bbox 1237 850 1331 877; x_wconf 80' lang='lat' dir='ltr'><em>nostri</em></span> <span class='ocrx_word' id='word_1_520' title='bbox 1352 850 1417 878; x_wconf 85' lang='lat' dir='ltr'><em>Iesu</em></span> <span class='ocrx_word' id='word_1_521' title='bbox 1440 850 1561 885; x_wconf 86' lang='lat' dir='ltr'><em>Christi,</em></span> <span class='ocrx_word' id='word_1_522' title='bbox 1583 856 1607 880; x_wconf 84' lang='lat' dir='ltr'><em>et</em></span> <span class='ocrx_word' id='word_1_523' title='bbox 1628 853 1654 881; x_wconf 84' lang='lat' dir='ltr'><em>ei</em></span> <span class='ocrx_word' id='word_1_524' title='bbox 1673 862 1747 891; x_wconf 85' lang='lat' dir='ltr'><em>quae</em></span> <span class='ocrx_word' id='word_1_525' title='bbox 1767 863 1867 883; x_wconf 87' lang='lat' dir='ltr'><em>secun-</em></span> 
     </span>
     <span class='ocr_line' id='line_1_75' title="bbox 1024 895 1867 935; baseline 0.009 -13"><span class='ocrx_word' id='word_1_526' title='bbox 1024 895 1094 923; x_wconf 81' lang='lat' dir='ltr'><em>dum</em></span> <span class='ocrx_word' id='word_1_527' title='bbox 1113 896 1247 932; x_wconf 80' lang='lat' dir='ltr'><em>pietatem</em></span> <span class='ocrx_word' id='word_1_528' title='bbox 1276 900 1315 924; x_wconf 90' lang='lat' dir='ltr'><em>est</em></span> <span class='ocrx_word' id='word_1_529' title='bbox 1346 897 1513 931; x_wconf 79' lang='lat' dir='ltr'><em>(loclrinae;</em></span> <span class='ocrx_word' id='word_1_530' title='bbox 1534 899 1677 935; x_wconf 82' lang='lat' dir='ltr'><em>superbus</em></span> <span class='ocrx_word' id='word_1_531' title='bbox 1709 905 1765 935; x_wconf 86' lang='lat' dir='ltr'><em>est,</em></span> <span class='ocrx_word' id='word_1_532' title='bbox 1793 901 1867 931; x_wconf 87' lang='lat' dir='ltr'><em>nihil</em></span> 
     </span>
     <span class='ocr_line' id='line_1_76' title="bbox 1023 942 1865 985; baseline 0.01 -16"><span class='ocrx_word' id='word_1_533' title='bbox 1023 942 1133 975; x_wconf 81' lang='lat' dir='ltr'><em>sciens,</em></span> <span class='ocrx_word' id='word_1_534' title='bbox 1155 942 1204 970; x_wconf 73' lang='lat' dir='ltr'><em>sed</em></span> <span class='ocrx_word' id='word_1_535' title='bbox 1226 942 1368 979; x_wconf 73' lang='lat' dir='ltr'><em>lanquens</em></span> <span class='ocrx_word' id='word_1_536' title='bbox 1389 943 1472 972; x_wconf 86' lang='lat' dir='ltr'><em>circa</em></span> <span class='ocrx_word' id='word_1_537' title='bbox 1493 946 1673 982; x_wconf 81' lang='lat' dir='ltr'><em>quaestiones</em></span> <span class='ocrx_word' id='word_1_538' title='bbox 1704 952 1728 975; x_wconf 85' lang='lat' dir='ltr'><em>et</em></span> <span class='ocrx_word' id='word_1_539' title='bbox 1746 956 1865 985; x_wconf 68' lang='lat' dir='ltr'><em>puynas</em></span> 
     </span>
     <span class='ocr_line' id='line_1_77' title="bbox 1024 988 1864 1030; baseline 0.008 -14"><span class='ocrx_word' id='word_1_540' title='bbox 1024 988 1196 1022; x_wconf 81' lang='lat' dir='ltr'><em>verborum,</em></span> <span class='ocrx_word' id='word_1_541' title='bbox 1218 989 1464 1024; x_wconf 71' lang='lat' dir='ltr'><em>existimantium,</em></span> <span class='ocrx_word' id='word_1_542' title='bbox 1480 995 1630 1029; x_wconf 86' lang='lat' dir='ltr'><em>quaestum</em></span> <span class='ocrx_word' id='word_1_543' title='bbox 1646 1001 1704 1021; x_wconf 86' lang='lat' dir='ltr'><em>esse</em></span> <span class='ocrx_word' id='word_1_544' title='bbox 1724 994 1864 1030; x_wconf 79' lang='lat' dir='ltr'><em>pietatem.</em></span> 
     </span>
     <span class='ocr_line' id='line_1_78' title="bbox 1026 1036 1867 1077; baseline 0.01 -15"><span class='ocrx_word' id='word_1_545' title='bbox 1026 1036 1076 1063; x_wconf 86' lang='lat' dir='ltr'><em>Est</em></span> <span class='ocrx_word' id='word_1_546' title='bbox 1096 1039 1235 1072; x_wconf 77' lang='lat' dir='ltr'><em>quaestus</em></span> <span class='ocrx_word' id='word_1_547' title='bbox 1256 1044 1384 1072; x_wconf 71' lang='lat' dir='ltr'><em>nzaqnus</em></span> <span class='ocrx_word' id='word_1_548' title='bbox 1395 1037 1491 1074; x_wconf 79' lang='lat' dir='ltr'><em>pietas</em></span> <span class='ocrx_word' id='word_1_549' title='bbox 1506 1046 1571 1066; x_wconf 81' lang='lat' dir='ltr'><em>eum</em></span> <span class='ocrx_word' id='word_1_550' title='bbox 1586 1039 1769 1077; x_wconf 81' lang='lat' dir='ltr'><em>sufficientia.</em></span> <span class='ocrx_word' id='word_1_551' title='bbox 1786 1041 1867 1070; x_wconf 90' lang='lat' dir='ltr'><em>Nihil</em></span> 
     </span>
     <span class='ocr_line' id='line_1_79' title="bbox 1025 1081 1867 1126; baseline 0.011 -18"><span class='ocrx_word' id='word_1_552' title='bbox 1025 1081 1180 1109; x_wconf 82' lang='lat' dir='ltr'><em>intulimus</em></span> <span class='ocrx_word' id='word_1_553' title='bbox 1200 1083 1232 1110; x_wconf 88' lang='lat' dir='ltr'><em>in</em></span> <span class='ocrx_word' id='word_1_554' title='bbox 1253 1081 1330 1111; x_wconf 88' lang='lat' dir='ltr'><em>hunc</em></span> <span class='ocrx_word' id='word_1_555' title='bbox 1351 1084 1514 1117; x_wconf 77' lang='lat' dir='ltr'><em>mundum,-</em></span> <span class='ocrx_word' id='word_1_556' title='bbox 1535 1084 1617 1114; x_wconf 72' lang='lat' dir='ltr'><em>haud</em></span> <span class='ocrx_word' id='word_1_557' title='bbox 1637 1086 1776 1122; x_wconf 81' lang='lat' dir='ltr'><em>dubium,</em></span> <span class='ocrx_word' id='word_1_558' title='bbox 1791 1089 1867 1126; x_wconf 78' lang='lat' dir='ltr'><em>quod</em></span> 
     </span>
     <span class='ocr_line' id='line_1_80' title="bbox 1024 1127 1869 1173; baseline 0.009 -18"><span class='ocrx_word' id='word_1_559' title='bbox 1024 1136 1074 1156; x_wconf 89' lang='lat' dir='ltr'><em>nec</em></span> <span class='ocrx_word' id='word_1_560' title='bbox 1096 1127 1217 1165; x_wconf 81' lang='lat' dir='ltr'><em>auferre</em></span> <span class='ocrx_word' id='word_1_561' title='bbox 1238 1130 1308 1167; x_wconf 76' lang='lat' dir='ltr'><em>quic]</em></span> <span class='ocrx_word' id='word_1_562' title='bbox 1328 1138 1495 1166; x_wconf 77' lang='lat' dir='ltr'><em>possumus.</em></span> <span class='ocrx_word' id='word_1_563' title='bbox 1519 1132 1579 1160; x_wconf 89' lang='lat' dir='ltr'><em>ldeo</em></span> <span class='ocrx_word' id='word_1_564' title='bbox 1598 1133 1691 1169; x_wconf 77' lang='lat' dir='ltr'><em>pietas</em></span> <span class='ocrx_word' id='word_1_565' title='bbox 1707 1134 1869 1173; x_wconf 69' lang='grc' dir='ltr'><strong>0111115111Ῐὶ-</strong></span> 
     </span>
     <span class='ocr_line' id='line_1_81' title="bbox 1025 1175 1865 1213; baseline 0.008 -10"><span class='ocrx_word' id='word_1_566' title='bbox 1025 1175 1130 1204; x_wconf 86' lang='lat' dir='ltr'><em>cientia</em></span> <span class='ocrx_word' id='word_1_567' title='bbox 1153 1184 1267 1213; x_wconf 84' lang='lat' dir='ltr'><em>magnae</em></span> <span class='ocrx_word' id='word_1_568' title='bbox 1282 1176 1391 1206; x_wconf 87' lang='lat' dir='ltr'><em>divitiae</em></span> <span class='ocrx_word' id='word_1_569' title='bbox 1413 1181 1478 1206; x_wconf 89' lang='lat' dir='ltr'><em>sunt</em></span> <span class='ocrx_word' id='word_1_570' title='bbox 1499 1179 1601 1207; x_wconf 89' lang='lat' dir='ltr'><em>homini</em></span> <span class='ocrx_word' id='word_1_571' title='bbox 1624 1181 1742 1209; x_wconf 86' lang='lat' dir='ltr'><em>mortali.</em></span> <span class='ocrx_word' id='word_1_572' title='bbox 1758 1198 1795 1201; x_wconf 90' lang='lat'>—</span> <span class='ocrx_word' id='word_1_573' title='bbox 1809 1182 1865 1211; x_wconf 92' lang='lat' dir='ltr'><em>Non</em></span> 
     </span>
     <span class='ocr_line' id='line_1_82' title="bbox 1025 1223 1867 1264; baseline 0.008 -14"><span class='ocrx_word' id='word_1_574' title='bbox 1025 1225 1149 1258; x_wconf 88' lang='lat' dir='ltr'><em>oportet,</em></span> <span class='ocrx_word' id='word_1_575' title='bbox 1171 1223 1245 1260; x_wconf 89' lang='lat' dir='ltr'><em>quod</em></span> <span class='ocrx_word' id='word_1_576' title='bbox 1267 1231 1296 1252; x_wconf 89' lang='lat' dir='ltr'><em>se</em></span> <span class='ocrx_word' id='word_1_577' title='bbox 1317 1227 1413 1252; x_wconf 86' lang='lat' dir='ltr'><em>oneret</em></span> <span class='ocrx_word' id='word_1_578' title='bbox 1428 1225 1567 1254; x_wconf 88' lang='lat' dir='ltr'><em>thesauris</em></span> <span class='ocrx_word' id='word_1_579' title='bbox 1581 1226 1640 1255; x_wconf 86' lang='lat' dir='ltr'><em>istis</em></span> <span class='ocrx_word' id='word_1_580' title='bbox 1654 1228 1867 1264; x_wconf 84' lang='lat' dir='ltr'><em>temporalibus;</em></span> 
     </span>
     <span class='ocr_line' id='line_1_83' title="bbox 1025 1269 1868 1308; baseline 0.008 -11"><span class='ocrx_word' id='word_1_581' title='bbox 1025 1269 1085 1297; x_wconf 92' lang='lat' dir='ltr'><em>ideo</em></span> <span class='ocrx_word' id='word_1_582' title='bbox 1107 1270 1256 1299; x_wconf 87' lang='lat' dir='ltr'><em>thesaurus</em></span> <span class='ocrx_word' id='word_1_583' title='bbox 1276 1270 1327 1299; x_wconf 88' lang='lat' dir='ltr'><em>iste</em></span> <span class='ocrx_word' id='word_1_584' title='bbox 1348 1271 1472 1300; x_wconf 82' lang='lat' dir='ltr'><em>exterior</em></span> <span class='ocrx_word' id='word_1_585' title='bbox 1494 1273 1694 1308; x_wconf 88' lang='lat' dir='ltr'><em>permutandus</em></span> <span class='ocrx_word' id='word_1_586' title='bbox 1714 1277 1755 1303; x_wconf 91' lang='lat' dir='ltr'><em>est</em></span> <span class='ocrx_word' id='word_1_587' title='bbox 1769 1275 1795 1303; x_wconf 89' lang='lat' dir='ltr'><em>in</em></span> <span class='ocrx_word' id='word_1_588' title='bbox 1813 1283 1868 1304; x_wconf 89' lang='lat' dir='ltr'><em>me-</em></span> 
     </span>
     <span class='ocr_line' id='line_1_84' title="bbox 1025 1316 1868 1356; baseline 0.007 -12"><span class='ocrx_word' id='word_1_589' title='bbox 1025 1316 1138 1351; x_wconf 87' lang='lat' dir='ltr'><em>liorem,</em></span> <span class='ocrx_word' id='word_1_590' title='bbox 1161 1320 1192 1345; x_wconf 86' lang='lat' dir='ltr'><em>ut</em></span> <span class='ocrx_word' id='word_1_591' title='bbox 1213 1317 1316 1346; x_wconf 90' lang='lat' dir='ltr'><em>dictum</em></span> <span class='ocrx_word' id='word_1_592' title='bbox 1339 1321 1388 1347; x_wconf 86' lang='lat' dir='ltr'><em>est.</em></span> <span class='ocrx_word' id='word_1_593' title='bbox 1412 1318 1443 1346; x_wconf 86' lang='lat' dir='ltr'><em>Et</em></span> <span class='ocrx_word' id='word_1_594' title='bbox 1465 1319 1528 1347; x_wconf 84' lang='lat' dir='ltr'><em>licet</em></span> <span class='ocrx_word' id='word_1_595' title='bbox 1549 1319 1575 1347; x_wconf 90' lang='lat' dir='ltr'><em>in</em></span> <span class='ocrx_word' id='word_1_596' title='bbox 1592 1327 1620 1348; x_wconf 91' lang='lat' dir='ltr'><em>se</em></span> <span class='ocrx_word' id='word_1_597' title='bbox 1635 1320 1731 1349; x_wconf 88' lang='lat' dir='ltr'><em>modici</em></span> <span class='ocrx_word' id='word_1_598' title='bbox 1755 1322 1868 1356; x_wconf 82' lang='lat' dir='ltr'><em>valoris,</em></span> 
     </span>
     <span class='ocr_line' id='line_1_85' title="bbox 1027 1364 1868 1403; baseline 0.007 -12"><span class='ocrx_word' id='word_1_599' title='bbox 1027 1364 1138 1392; x_wconf 76' lang='lat' dir='ltr'><em>maximi</em></span> <span class='ocrx_word' id='word_1_600' title='bbox 1162 1367 1251 1392; x_wconf 83' lang='lat' dir='ltr'><em>tamen</em></span> <span class='ocrx_word' id='word_1_601' title='bbox 1285 1365 1387 1393; x_wconf 85' lang='lat' dir='ltr'><em>valoris</em></span> <span class='ocrx_word' id='word_1_602' title='bbox 1418 1369 1459 1394; x_wconf 90' lang='lat' dir='ltr'><em>est</em></span> <span class='ocrx_word' id='word_1_603' title='bbox 1481 1366 1503 1394; x_wconf 89' lang='lat' dir='ltr'><em>ei</em></span> <span class='ocrx_word' id='word_1_604' title='bbox 1526 1366 1573 1403; x_wconf 86' lang='lat' dir='ltr'><em>qui</em></span> <span class='ocrx_word' id='word_1_605' title='bbox 1595 1366 1664 1396; x_wconf 89' lang='lat' dir='ltr'><em>bene</em></span> <span class='ocrx_word' id='word_1_606' title='bbox 1695 1368 1745 1396; x_wconf 90' lang='lat' dir='ltr'><em>scit</em></span> <span class='ocrx_word' id='word_1_607' title='bbox 1776 1376 1807 1397; x_wconf 91' lang='lat' dir='ltr'><em>eo</em></span> <span class='ocrx_word' id='word_1_608' title='bbox 1831 1369 1868 1397; x_wconf 86' lang='lat' dir='ltr'><em>uti</em></span> 
     </span>
     <span class='ocr_line' id='line_1_86' title="bbox 1025 1411 1868 1450; baseline 0.007 -11"><span class='ocrx_word' id='word_1_609' title='bbox 1025 1411 1176 1439; x_wconf 88' lang='lat' dir='ltr'><em>secundum</em></span> <span class='ocrx_word' id='word_1_610' title='bbox 1198 1411 1294 1440; x_wconf 88' lang='lat' dir='ltr'><em>Deum.</em></span> <span class='ocrx_word' id='word_1_611' title='bbox 1318 1412 1388 1441; x_wconf 87' lang='lat' dir='ltr'><em>Bene</em></span> <span class='ocrx_word' id='word_1_612' title='bbox 1410 1416 1500 1441; x_wconf 84' lang='lat' dir='ltr'><em>tamen</em></span> <span class='ocrx_word' id='word_1_613' title='bbox 1529 1414 1616 1443; x_wconf 89' lang='lat' dir='ltr'><em>uteris</em></span> <span class='ocrx_word' id='word_1_614' title='bbox 1647 1415 1698 1443; x_wconf 89' lang='lat' dir='ltr'><em>isto</em></span> <span class='ocrx_word' id='word_1_615' title='bbox 1720 1415 1868 1450; x_wconf 84' lang='lat' dir='ltr'><em>thesauro,</em></span> 
     </span>
     <span class='ocr_line' id='line_1_87' title="bbox 1025 1458 1868 1495; baseline 0.006 -9"><span class='ocrx_word' id='word_1_616' title='bbox 1025 1458 1046 1487; x_wconf 87' lang='lat' dir='ltr'><em>si</em></span> <span class='ocrx_word' id='word_1_617' title='bbox 1068 1458 1146 1487; x_wconf 90' lang='lat' dir='ltr'><em>illum</em></span> <span class='ocrx_word' id='word_1_618' title='bbox 1168 1459 1275 1495; x_wconf 85' lang='lat' dir='ltr'><em>spernis</em></span> <span class='ocrx_word' id='word_1_619' title='bbox 1296 1462 1322 1487; x_wconf 90' lang='lat' dir='ltr'><em>et</em></span> <span class='ocrx_word' id='word_1_620' title='bbox 1344 1460 1511 1493; x_wconf 87' lang='lat' dir='ltr'><em>contemnis;</em></span> <span class='ocrx_word' id='word_1_621' title='bbox 1533 1464 1560 1489; x_wconf 83' lang='lat' dir='ltr'><em>et</em></span> <span class='ocrx_word' id='word_1_622' title='bbox 1581 1461 1694 1495; x_wconf 88' lang='lat' dir='ltr'><em>melius,</em></span> <span class='ocrx_word' id='word_1_623' title='bbox 1717 1462 1737 1490; x_wconf 90' lang='lat' dir='ltr'><em>si</em></span> <span class='ocrx_word' id='word_1_624' title='bbox 1760 1470 1795 1491; x_wconf 87' lang='lat' dir='ltr'><em>ex</em></span> <span class='ocrx_word' id='word_1_625' title='bbox 1819 1463 1868 1491; x_wconf 89' lang='lat' dir='ltr'><em>mi-</em></span> 
     </span>
     <span class='ocr_line' id='line_1_88' title="bbox 1025 1505 1867 1546; baseline 0.006 -13"><span class='ocrx_word' id='word_1_626' title='bbox 1025 1505 1174 1534; x_wconf 86' lang='lat' dir='ltr'><em>sericordia</em></span> <span class='ocrx_word' id='word_1_627' title='bbox 1202 1509 1229 1534; x_wconf 86' lang='lat' dir='ltr'><em>et</em></span> <span class='ocrx_word' id='word_1_628' title='bbox 1257 1507 1445 1542; x_wconf 80' lang='lat' dir='ltr'><em>compassione</em></span> <span class='ocrx_word' id='word_1_629' title='bbox 1476 1508 1612 1543; x_wconf 83' lang='lat' dir='ltr'><em>proximis</em></span> <span class='ocrx_word' id='word_1_630' title='bbox 1633 1508 1710 1537; x_wconf 88' lang='lat' dir='ltr'><em>illum</em></span> <span class='ocrx_word' id='word_1_631' title='bbox 1743 1509 1867 1546; x_wconf 83' lang='lat' dir='ltr'><em>largiris;</em></span> 
     </span>
     <span class='ocr_line' id='line_1_89' title="bbox 1024 1553 1638 1589; baseline 0.005 -9"><span class='ocrx_word' id='word_1_632' title='bbox 1024 1553 1138 1589; x_wconf 87' lang='lat' dir='ltr'><em>optime,</em></span> <span class='ocrx_word' id='word_1_633' title='bbox 1160 1553 1181 1581; x_wconf 88' lang='lat' dir='ltr'><em>si</em></span> <span class='ocrx_word' id='word_1_634' title='bbox 1204 1561 1255 1589; x_wconf 91' lang='lat' dir='ltr'><em>pro</em></span> <span class='ocrx_word' id='word_1_635' title='bbox 1276 1553 1385 1582; x_wconf 89' lang='lat' dir='ltr'><em>Christo</em></span> <span class='ocrx_word' id='word_1_636' title='bbox 1406 1556 1494 1582; x_wconf 87' lang='lat' dir='ltr'><em>totum</em></span> <span class='ocrx_word' id='word_1_637' title='bbox 1517 1554 1638 1584; x_wconf 87' lang='lat' dir='ltr'><em>dimittis.</em></span> 
     </span>
    </p>

    <p class='ocr_par' dir='ltr' id='par_1_14' title="bbox 1024 1600 1870 2575">
     <span class='ocr_line' id='line_1_90' title="bbox 1103 1600 1869 1638; baseline 0.005 -10"><span class='ocrx_word' id='word_1_638' title='bbox 1103 1600 1246 1628; x_wconf 83' lang='lat' dir='ltr'><em>Secundus</em></span> <span class='ocrx_word' id='word_1_639' title='bbox 1274 1603 1315 1629; x_wconf 85' lang='lat' dir='ltr'><em>est</em></span> <span class='ocrx_word' id='word_1_640' title='bbox 1336 1601 1484 1629; x_wconf 86' lang='lat' dir='ltr'><em>thesaurus</em></span> <span class='ocrx_word' id='word_1_641' title='bbox 1511 1601 1753 1638; x_wconf 76' lang='lat' dir='ltr'><em>sanctificationis</em></span> <span class='ocrx_word' id='word_1_642' title='bbox 1780 1603 1869 1632; x_wconf 85' lang='lat' dir='ltr'><em>inter-</em></span> 
     </span>
     <span class='ocr_line' id='line_1_91' title="bbox 1024 1647 1867 1686; baseline 0.005 -12"><span class='ocrx_word' id='word_1_643' title='bbox 1024 1655 1097 1679; x_wconf 86' lang='lat' dir='ltr'><em>nae;</em></span> <span class='ocrx_word' id='word_1_644' title='bbox 1118 1650 1145 1675; x_wconf 89' lang='lat' dir='ltr'><em>et</em></span> <span class='ocrx_word' id='word_1_645' title='bbox 1167 1647 1217 1675; x_wconf 89' lang='lat' dir='ltr'><em>iste</em></span> <span class='ocrx_word' id='word_1_646' title='bbox 1239 1650 1280 1675; x_wconf 88' lang='lat' dir='ltr'><em>est</em></span> <span class='ocrx_word' id='word_1_647' title='bbox 1294 1647 1500 1675; x_wconf 78' lang='lat' dir='ltr'><em>custodiendus</em></span> <span class='ocrx_word' id='word_1_648' title='bbox 1514 1648 1667 1685; x_wconf 83' lang='lat' dir='ltr'><em>diligenter,</em></span> <span class='ocrx_word' id='word_1_649' title='bbox 1683 1649 1748 1686; x_wconf 88' lang='lat' dir='ltr'><em>quia</em></span> <span class='ocrx_word' id='word_1_650' title='bbox 1762 1653 1867 1678; x_wconf 68' lang='grc'><strong>0511111-</strong></span> 
     </span>
     <span class='ocr_line' id='line_1_92' title="bbox 1025 1693 1867 1731; baseline 0.006 -10"><span class='ocrx_word' id='word_1_651' title='bbox 1025 1693 1095 1721; x_wconf 87' lang='lat' dir='ltr'><em>loris</em></span> <span class='ocrx_word' id='word_1_652' title='bbox 1116 1694 1237 1731; x_wconf 45' lang='lat' dir='ltr'><em>mayn&amp;</em></span> <span class='ocrx_word' id='word_1_653' title='bbox 1258 1697 1285 1722; x_wconf 84' lang='lat' dir='ltr'><em>et</em></span> <span class='ocrx_word' id='word_1_654' title='bbox 1306 1702 1433 1731; x_wconf 70' lang='lat' dir='ltr'><em>maqnae</em></span> <span class='ocrx_word' id='word_1_655' title='bbox 1453 1695 1621 1723; x_wconf 78' lang='lat' dir='ltr'><em>securitatis</em></span> <span class='ocrx_word' id='word_1_656' title='bbox 1642 1699 1682 1724; x_wconf 87' lang='lat' dir='ltr'><em>est</em></span> <span class='ocrx_word' id='word_1_657' title='bbox 1703 1696 1806 1725; x_wconf 87' lang='lat' dir='ltr'><em>habere</em></span> <span class='ocrx_word' id='word_1_658' title='bbox 1826 1700 1867 1725; x_wconf 89' lang='lat' dir='ltr'><em>ta-</em></span> 
     </span>
     <span class='ocr_line' id='line_1_93' title="bbox 1024 1740 1866 1780; baseline 0.006 -13"><span class='ocrx_word' id='word_1_659' title='bbox 1024 1740 1076 1768; x_wconf 87' lang='lat' dir='ltr'><em>lem</em></span> <span class='ocrx_word' id='word_1_660' title='bbox 1099 1740 1278 1774; x_wconf 84' lang='lat' dir='ltr'><em>thesaurum;</em></span> <span class='ocrx_word' id='word_1_661' title='bbox 1300 1743 1328 1769; x_wconf 90' lang='lat' dir='ltr'><em>et</em></span> <span class='ocrx_word' id='word_1_662' title='bbox 1348 1740 1408 1769; x_wconf 90' lang='lat' dir='ltr'><em>ideo</em></span> <span class='ocrx_word' id='word_1_663' title='bbox 1430 1749 1493 1769; x_wconf 79' lang='lat' dir='ltr'><em>cum</em></span> <span class='ocrx_word' id='word_1_664' title='bbox 1516 1750 1625 1770; x_wconf 88' lang='lat' dir='ltr'><em>summa</em></span> <span class='ocrx_word' id='word_1_665' title='bbox 1646 1750 1713 1771; x_wconf 88' lang='lat' dir='ltr'><em>cura</em></span> <span class='ocrx_word' id='word_1_666' title='bbox 1727 1745 1768 1771; x_wconf 88' lang='lat' dir='ltr'><em>est</em></span> <span class='ocrx_word' id='word_1_667' title='bbox 1782 1751 1866 1780; x_wconf 87' lang='lat' dir='ltr'><em>quae—</em></span> 
     </span>
     <span class='ocr_line' id='line_1_94' title="bbox 1024 1787 1865 1824; baseline 0.004 -9"><span class='ocrx_word' id='word_1_668' title='bbox 1024 1787 1127 1815; x_wconf 87' lang='lat' dir='ltr'><em>rendus</em></span> <span class='ocrx_word' id='word_1_669' title='bbox 1149 1787 1183 1815; x_wconf 90' lang='lat' dir='ltr'><em>ab</em></span> <span class='ocrx_word' id='word_1_670' title='bbox 1204 1795 1235 1815; x_wconf 94' lang='lat' dir='ltr'><em>eo</em></span> <span class='ocrx_word' id='word_1_671' title='bbox 1257 1787 1303 1824; x_wconf 85' lang='lat' dir='ltr'><em>qui</em></span> <span class='ocrx_word' id='word_1_672' title='bbox 1326 1795 1380 1816; x_wconf 87' lang='lat' dir='ltr'><em>non</em></span> <span class='ocrx_word' id='word_1_673' title='bbox 1404 1788 1500 1822; x_wconf 88' lang='lat' dir='ltr'><em>habet,</em></span> <span class='ocrx_word' id='word_1_674' title='bbox 1516 1792 1555 1822; x_wconf 85' lang='lat' dir='ltr'><em>et,</em></span> <span class='ocrx_word' id='word_1_675' title='bbox 1571 1796 1633 1817; x_wconf 89' lang='lat' dir='ltr'><em>cum</em></span> <span class='ocrx_word' id='word_1_676' title='bbox 1655 1789 1786 1823; x_wconf 88' lang='lat' dir='ltr'><em>habetur,</em></span> <span class='ocrx_word' id='word_1_677' title='bbox 1802 1798 1865 1818; x_wconf 87' lang='lat' dir='ltr'><em>cum</em></span> 
     </span>
     <span class='ocr_line' id='line_1_95' title="bbox 1024 1834 1867 1873; baseline 0.002 -11"><span class='ocrx_word' id='word_1_678' title='bbox 1024 1842 1132 1862; x_wconf 89' lang='lat' dir='ltr'><em>summa</em></span> <span class='ocrx_word' id='word_1_679' title='bbox 1153 1834 1293 1871; x_wconf 84' lang='lat' dir='ltr'><em>diligentia</em></span> <span class='ocrx_word' id='word_1_680' title='bbox 1313 1838 1354 1863; x_wconf 83' lang='lat' dir='ltr'><em>est</em></span> <span class='ocrx_word' id='word_1_681' title='bbox 1376 1835 1536 1864; x_wconf 86' lang='lat' dir='ltr'><em>servandus.</em></span> <span class='ocrx_word' id='word_1_682' title='bbox 1560 1836 1585 1863; x_wconf 89' lang='lat' dir='ltr'><em>ln</em></span> <span class='ocrx_word' id='word_1_683' title='bbox 1615 1836 1694 1864; x_wconf 87' lang='lat' dir='ltr'><em>cuius</em></span> <span class='ocrx_word' id='word_1_684' title='bbox 1716 1836 1805 1873; x_wconf 81' lang='lat' dir='ltr'><em>figura</em></span> <span class='ocrx_word' id='word_1_685' title='bbox 1826 1836 1867 1864; x_wconf 91' lang='lat' dir='ltr'><em>di-</em></span> 
     </span>
     <span class='ocr_line' id='line_1_96' title="bbox 1024 1881 1866 1920; baseline 0.001 -10"><span class='ocrx_word' id='word_1_686' title='bbox 1024 1881 1097 1910; x_wconf 84' lang='lat' dir='ltr'><em>citur</em></span> <span class='ocrx_word' id='word_1_687' title='bbox 1118 1881 1146 1910; x_wconf 90' lang='lat' dir='ltr'><em>in</em></span> <span class='ocrx_word' id='word_1_688' title='bbox 1168 1882 1229 1910; x_wconf 89' lang='lat' dir='ltr'><em>libri</em></span> <span class='ocrx_word' id='word_1_689' title='bbox 1253 1882 1324 1910; x_wconf 88' lang='lat' dir='ltr'><em>tertii</em></span> <span class='ocrx_word' id='word_1_690' title='bbox 1358 1882 1460 1919; x_wconf 82' lang='lat' dir='ltr'><em>Regum</em></span> <span class='ocrx_word' id='word_1_691' title='bbox 1493 1882 1607 1919; x_wconf 90' lang='lat' dir='ltr'><em>septimo</em></span> <span class='ocrx_word' id='word_1_692' title='bbox 1623 1883 1646 1917; x_wconf 87' lang='lat'><em>⁷,</em></span> <span class='ocrx_word' id='word_1_693' title='bbox 1668 1883 1742 1920; x_wconf 88' lang='lat' dir='ltr'><em>quod</em></span> <span class='ocrx_word' id='word_1_694' title='bbox 1770 1883 1866 1912; x_wconf 84' lang='lat' dir='ltr'><em>intulit</em></span> 
     </span>
     <span class='ocr_line' id='line_1_97' title="bbox 1025 1928 1865 1966; baseline 0.002 -10"><span class='ocrx_word' id='word_1_695' title='bbox 1025 1928 1161 1957; x_wconf 84' lang='lat' dir='ltr'><em>Salomon</em></span> <span class='ocrx_word' id='word_1_696' title='bbox 1192 1937 1267 1966; x_wconf 86' lang='lat' dir='ltr'><em>quae</em></span> <span class='ocrx_word' id='word_1_697' title='bbox 1287 1928 1523 1965; x_wconf 74' lang='lat' dir='ltr'><em>sanctificaverat</em></span> <span class='ocrx_word' id='word_1_698' title='bbox 1545 1930 1656 1964; x_wconf 75' lang='lat' dir='ltr'><em>Dauid,</em></span> <span class='ocrx_word' id='word_1_699' title='bbox 1676 1933 1761 1966; x_wconf 79' lang='lat' dir='ltr'><em>pater</em></span> <span class='ocrx_word' id='word_1_700' title='bbox 1781 1939 1865 1964; x_wconf 85' lang='lat' dir='ltr'><em>suus,</em></span> 
     </span>
     <span class='ocr_line' id='line_1_98' title="bbox 1024 1976 1865 2014; baseline 0.001 -10"><span class='ocrx_word' id='word_1_701' title='bbox 1024 1979 1182 2013; x_wconf 60' lang='lat' dir='ltr'><em>amentum</em></span> <span class='ocrx_word' id='word_1_702' title='bbox 1202 1979 1227 2004; x_wconf 87' lang='lat' dir='ltr'><em>et</em></span> <span class='ocrx_word' id='word_1_703' title='bbox 1248 1984 1359 2004; x_wconf 86' lang='lat' dir='ltr'><em>aurum</em></span> <span class='ocrx_word' id='word_1_704' title='bbox 1381 1980 1405 2004; x_wconf 80' lang='lat' dir='ltr'><em>ct</em></span> <span class='ocrx_word' id='word_1_705' title='bbox 1426 1984 1517 2011; x_wconf 80' lang='lat' dir='ltr'><em>vasa,</em></span> <span class='ocrx_word' id='word_1_706' title='bbox 1538 1977 1721 2014; x_wconf 80' lang='lat' dir='ltr'><em>reposuitque</em></span> <span class='ocrx_word' id='word_1_707' title='bbox 1751 1978 1781 2005; x_wconf 87' lang='lat' dir='ltr'><em>in</em></span> <span class='ocrx_word' id='word_1_708' title='bbox 1811 1976 1865 2005; x_wconf 87' lang='lat' dir='ltr'><em>the-</em></span> 
     </span>
     <span class='ocr_line' id='line_1_99' title="bbox 1025 2023 1866 2060; baseline 0.001 -9"><span class='ocrx_word' id='word_1_709' title='bbox 1025 2023 1128 2051; x_wconf 87' lang='lat' dir='ltr'><em>sauris</em></span> <span class='ocrx_word' id='word_1_710' title='bbox 1149 2023 1253 2051; x_wconf 81' lang='lat' dir='ltr'><em>domus</em></span> <span class='ocrx_word' id='word_1_711' title='bbox 1286 2023 1418 2056; x_wconf 81' lang='lat' dir='ltr'><em>Domini,</em></span> <span class='ocrx_word' id='word_1_712' title='bbox 1440 2023 1467 2051; x_wconf 92' lang='lat' dir='ltr'><em>id</em></span> <span class='ocrx_word' id='word_1_713' title='bbox 1495 2026 1536 2052; x_wconf 88' lang='lat' dir='ltr'><em>est</em></span> <span class='ocrx_word' id='word_1_714' title='bbox 1557 2023 1627 2051; x_wconf 89' lang='lat' dir='ltr'><em>dona</em></span> <span class='ocrx_word' id='word_1_715' title='bbox 1657 2024 1808 2060; x_wconf 84' lang='lat' dir='ltr'><em>gratiarum</em></span> <span class='ocrx_word' id='word_1_716' title='bbox 1840 2027 1866 2052; x_wconf 85' lang='lat' dir='ltr'><em>et</em></span> 
     </span>
     <span class='ocr_line' id='line_1_100' title="bbox 1026 2070 1867 2106; baseline 0 -8"><span class='ocrx_word' id='word_1_717' title='bbox 1026 2070 1174 2104; x_wconf 87' lang='lat' dir='ltr'><em>virtutum,</em></span> <span class='ocrx_word' id='word_1_718' title='bbox 1197 2078 1267 2106; x_wconf 85' lang='lat' dir='ltr'><em>quae</em></span> <span class='ocrx_word' id='word_1_719' title='bbox 1299 2073 1423 2098; x_wconf 87' lang='lat' dir='ltr'><em>sanctum</em></span> <span class='ocrx_word' id='word_1_720' title='bbox 1446 2070 1550 2098; x_wconf 85' lang='lat' dir='ltr'><em>faciunt</em></span> <span class='ocrx_word' id='word_1_721' title='bbox 1580 2070 1716 2099; x_wconf 90' lang='lat' dir='ltr'><em>hominem</em></span> <span class='ocrx_word' id='word_1_722' title='bbox 1745 2073 1771 2099; x_wconf 87' lang='lat' dir='ltr'><em>et</em></span> <span class='ocrx_word' id='word_1_723' title='bbox 1803 2074 1867 2099; x_wconf 88' lang='lat' dir='ltr'><em>sunt</em></span> 
     </span>
     <span class='ocr_line' id='line_1_101' title="bbox 1024 2117 1866 2153; baseline 0 -8"><span class='ocrx_word' id='word_1_724' title='bbox 1024 2117 1202 2145; x_wconf 84' lang='lat' dir='ltr'><em>custodienda</em></span> <span class='ocrx_word' id='word_1_725' title='bbox 1224 2117 1250 2145; x_wconf 91' lang='lat' dir='ltr'><em>in</em></span> <span class='ocrx_word' id='word_1_726' title='bbox 1280 2117 1445 2145; x_wconf 79' lang='lat' dir='ltr'><em>conscientia</em></span> <span class='ocrx_word' id='word_1_727' title='bbox 1476 2120 1502 2145; x_wconf 86' lang='lat' dir='ltr'><em>et</em></span> <span class='ocrx_word' id='word_1_728' title='bbox 1533 2117 1614 2145; x_wconf 81' lang='lat' dir='ltr'><em>corde</em></span> <span class='ocrx_word' id='word_1_729' title='bbox 1646 2117 1767 2153; x_wconf 91' lang='lat' dir='ltr'><em>proprio.</em></span> <span class='ocrx_word' id='word_1_730' title='bbox 1789 2117 1866 2153; x_wconf 83' lang='lat' dir='ltr'><em>Quod</em></span> 
     </span>
     <span class='ocr_line' id='line_1_102' title="bbox 1026 2164 1867 2201; baseline 0 -9"><span class='ocrx_word' id='word_1_731' title='bbox 1026 2164 1084 2192; x_wconf 82' lang='lat' dir='ltr'><em>fieri</em></span> <span class='ocrx_word' id='word_1_732' title='bbox 1107 2164 1209 2192; x_wconf 72' lang='lat' dir='ltr'><em>debet8</em></span> <span class='ocrx_word' id='word_1_733' title='bbox 1231 2171 1294 2192; x_wconf 87' lang='lat' dir='ltr'><em>cum</em></span> <span class='ocrx_word' id='word_1_734' title='bbox 1316 2164 1438 2201; x_wconf 88' lang='lat' dir='ltr'><em>liquore,</em></span> <span class='ocrx_word' id='word_1_735' title='bbox 1461 2164 1532 2193; x_wconf 84' lang='lat' dir='ltr'><em>sicut</em></span> <span class='ocrx_word' id='word_1_736' title='bbox 1552 2164 1585 2192; x_wconf 88' lang='lat' dir='ltr'><em>de</em></span> <span class='ocrx_word' id='word_1_737' title='bbox 1606 2165 1725 2201; x_wconf 86' lang='lat' dir='ltr'><em>pretioso</em></span> <span class='ocrx_word' id='word_1_738' title='bbox 1746 2164 1867 2193; x_wconf 82' lang='lat' dir='ltr'><em>balsamo</em></span> 
     </span>
     <span class='ocr_line' id='line_1_103' title="bbox 1025 2209 1867 2247; baseline 0.001 -9"><span class='ocrx_word' id='word_1_739' title='bbox 1025 2214 1052 2238; x_wconf 88' lang='lat' dir='ltr'><em>et</em></span> <span class='ocrx_word' id='word_1_740' title='bbox 1073 2210 1247 2244; x_wconf 75' lang='lat' dir='ltr'><em>huiusmodi3</em></span> <span class='ocrx_word' id='word_1_741' title='bbox 1269 2214 1295 2239; x_wconf 91' lang='lat' dir='ltr'><em>et</em></span> <span class='ocrx_word' id='word_1_742' title='bbox 1317 2210 1367 2238; x_wconf 88' lang='lat' dir='ltr'><em>iste</em></span> <span class='ocrx_word' id='word_1_743' title='bbox 1388 2210 1524 2238; x_wconf 85' lang='lat' dir='ltr'><em>amittitur</em></span> <span class='ocrx_word' id='word_1_744' title='bbox 1546 2209 1700 2247; x_wconf 72' lang='lat' dir='ltr'><em>effusionc;</em></span> <span class='ocrx_word' id='word_1_745' title='bbox 1719 2211 1867 2239; x_wconf 82' lang='lat' dir='ltr'><em>thesaurus</em></span> 
     </span>
     <span class='ocr_line' id='line_1_104' title="bbox 1025 2257 1866 2291; baseline 0 -6"><span class='ocrx_word' id='word_1_746' title='bbox 1025 2261 1116 2286; x_wconf 86' lang='lat' dir='ltr'><em>autem</em></span> <span class='ocrx_word' id='word_1_747' title='bbox 1139 2257 1291 2291; x_wconf 85' lang='lat' dir='ltr'><em>siccorum,</em></span> <span class='ocrx_word' id='word_1_748' title='bbox 1314 2257 1440 2286; x_wconf 85' lang='lat' dir='ltr'><em>videlicet</em></span> <span class='ocrx_word' id='word_1_749' title='bbox 1461 2257 1532 2285; x_wconf 89' lang='lat' dir='ltr'><em>bladi</em></span> <span class='ocrx_word' id='word_1_750' title='bbox 1556 2258 1597 2285; x_wconf 88' lang='lat' dir='ltr'><em>vel</em></span> <span class='ocrx_word' id='word_1_751' title='bbox 1629 2258 1866 2291; x_wconf 84' lang='lat' dir='ltr'><em>vestimentorum,</em></span> 
     </span>
     <span class='ocr_line' id='line_1_105' title="bbox 1026 2304 1868 2341; baseline 0.001 -9"><span class='ocrx_word' id='word_1_752' title='bbox 1026 2305 1185 2340; x_wconf 88' lang='lat' dir='ltr'><em>(amittitur)</em></span> <span class='ocrx_word' id='word_1_753' title='bbox 1200 2304 1383 2341; x_wconf 83' lang='lat' dir='ltr'><em>subreptione</em></span> <span class='ocrx_word' id='word_1_754' title='bbox 1390 2314 1399 2337; x_wconf 89' lang='lat'><em>,·</em></span> <span class='ocrx_word' id='word_1_755' title='bbox 1416 2304 1604 2338; x_wconf 89' lang='lat' dir='ltr'><em>metallorum,</em></span> <span class='ocrx_word' id='word_1_756' title='bbox 1620 2305 1767 2341; x_wconf 68' lang='lat' dir='ltr'><em>aeruyine.</em></span> <span class='ocrx_word' id='word_1_757' title='bbox 1784 2304 1827 2333; x_wconf 85' lang='lat' dir='ltr'><em>Sic</em></span> <span class='ocrx_word' id='word_1_758' title='bbox 1841 2309 1868 2333; x_wconf 87' lang='lat' dir='ltr'><em>et</em></span> 
     </span>
     <span class='ocr_line' id='line_1_106' title="bbox 1026 2351 1867 2388; baseline -0.001 -8"><span class='ocrx_word' id='word_1_759' title='bbox 1026 2352 1175 2380; x_wconf 86' lang='lat' dir='ltr'><em>thesaurus</em></span> <span class='ocrx_word' id='word_1_760' title='bbox 1195 2351 1379 2388; x_wconf 86' lang='lat' dir='ltr'><em>spiritualium</em></span> <span class='ocrx_word' id='word_1_761' title='bbox 1402 2351 1538 2379; x_wconf 87' lang='lat' dir='ltr'><em>bonorum</em></span> <span class='ocrx_word' id='word_1_762' title='bbox 1561 2351 1697 2379; x_wconf 86' lang='lat' dir='ltr'><em>amittitur</em></span> <span class='ocrx_word' id='word_1_763' title='bbox 1724 2351 1867 2388; x_wconf 86' lang='lat' dir='ltr'><em>tripliciter</em></span> 
     </span>
     <span class='ocr_line' id='line_1_107' title="bbox 1026 2397 1869 2431; baseline -0.001 -5"><span class='ocrx_word' id='word_1_764' title='bbox 1026 2414 1062 2418; x_wconf 97' lang='lat'><strong>—</strong></span> <span class='ocrx_word' id='word_1_765' title='bbox 1077 2398 1214 2426; x_wconf 83' lang='lat' dir='ltr'><em>amittitur</em></span> <span class='ocrx_word' id='word_1_766' title='bbox 1235 2398 1306 2426; x_wconf 88' lang='lat' dir='ltr'><em>enim</em></span> <span class='ocrx_word' id='word_1_767' title='bbox 1329 2398 1478 2426; x_wconf 86' lang='lat' dir='ltr'><em>thesaurus</em></span> <span class='ocrx_word' id='word_1_768' title='bbox 1492 2398 1591 2426; x_wconf 81' lang='lat' dir='ltr'><em>mentis</em></span> <span class='ocrx_word' id='word_1_769' title='bbox 1606 2401 1731 2431; x_wconf 88' lang='lat' dir='ltr'><em>nostrae,</em></span> <span class='ocrx_word' id='word_1_770' title='bbox 1746 2398 1797 2426; x_wconf 91' lang='lat' dir='ltr'><em>nisi</em></span> <span class='ocrx_word' id='word_1_771' title='bbox 1812 2397 1869 2426; x_wconf 76' lang='lat' dir='ltr'><em>(lili-</em></span> 
     </span>
     <span class='ocr_line' id='line_1_108' title="bbox 1025 2443 1870 2482; baseline -0.001 -9"><span class='ocrx_word' id='word_1_772' title='bbox 1025 2449 1120 2482; x_wconf 78' lang='lat' dir='ltr'><em>genter</em></span> <span class='ocrx_word' id='word_1_773' title='bbox 1142 2445 1218 2473; x_wconf 91' lang='lat' dir='ltr'><em>illum</em></span> <span class='ocrx_word' id='word_1_774' title='bbox 1234 2444 1420 2473; x_wconf 82' lang='lat' dir='ltr'><em>custodiamus</em></span> <span class='ocrx_word' id='word_1_775' title='bbox 1434 2455 1487 2472; x_wconf 89' lang='lat'><em>—-:</em></span> <span class='ocrx_word' id='word_1_776' title='bbox 1507 2443 1666 2481; x_wconf 78' lang='lat' dir='ltr'><em>effunditur</em></span> <span class='ocrx_word' id='word_1_777' title='bbox 1681 2452 1729 2481; x_wconf 90' lang='lat' dir='ltr'><em>per</em></span> <span class='ocrx_word' id='word_1_778' title='bbox 1745 2444 1870 2481; x_wconf 86' lang='lat' dir='ltr'><em>volupta-</em></span> 
     </span>
     <span class='ocr_line' id='line_1_109' title="bbox 1026 2491 1868 2528; baseline -0.001 -8"><span class='ocrx_word' id='word_1_779' title='bbox 1026 2495 1080 2520; x_wconf 87' lang='lat' dir='ltr'><em>tem</em></span> <span class='ocrx_word' id='word_1_780' title='bbox 1102 2492 1240 2525; x_wconf 73' lang='lat' dir='ltr'><em>lasciviae,</em></span> <span class='ocrx_word' id='word_1_781' title='bbox 1262 2491 1429 2528; x_wconf 64' lang='lat' dir='ltr'><em>surripitur</em></span> <span class='ocrx_word' id='word_1_782' title='bbox 1448 2499 1497 2527; x_wconf 88' lang='lat' dir='ltr'><em>per</em></span> <span class='ocrx_word' id='word_1_783' title='bbox 1529 2491 1674 2519; x_wconf 81' lang='lat' dir='ltr'><em>vanitatem</em></span> <span class='ocrx_word' id='word_1_784' title='bbox 1707 2491 1868 2528; x_wconf 87' lang='lat' dir='ltr'><em>superbiae,</em></span> 
     </span>
     <span class='ocr_line' id='line_1_110' title="bbox 1026 2538 1586 2575; baseline -0.004 -8"><span class='ocrx_word' id='word_1_785' title='bbox 1026 2539 1208 2567; x_wconf 77' lang='lat' dir='ltr'><em>consumitur</em></span> <span class='ocrx_word' id='word_1_786' title='bbox 1230 2546 1278 2575; x_wconf 88' lang='lat' dir='ltr'><em>per</em></span> <span class='ocrx_word' id='word_1_787' title='bbox 1300 2538 1436 2574; x_wconf 73' lang='lat' dir='ltr'><em>pigritiam</em></span> <span class='ocrx_word' id='word_1_788' title='bbox 1459 2538 1586 2566; x_wconf 83' lang='lat' dir='ltr'><em>accidiae.</em></span> 
     </span>
    </p>

    <p class='ocr_par' dir='ltr' id='par_1_15' title="bbox 1024 2584 1869 2670">
     <span class='ocr_line' id='line_1_111' title="bbox 1106 2584 1869 2613; baseline 0.001 -1"><span class='ocrx_word' id='word_1_789' title='bbox 1106 2586 1135 2613; x_wconf 81' lang='lat' dir='ltr'><em>Et</em></span> <span class='ocrx_word' id='word_1_790' title='bbox 1163 2585 1222 2613; x_wconf 87' lang='lat' dir='ltr'><em>ideo</em></span> <span class='ocrx_word' id='word_1_791' title='bbox 1251 2584 1445 2613; x_wconf 84' lang='lat' dir='ltr'><em>custodiendus</em></span> <span class='ocrx_word' id='word_1_792' title='bbox 1476 2588 1517 2613; x_wconf 88' lang='lat' dir='ltr'><em>est</em></span> <span class='ocrx_word' id='word_1_793' title='bbox 1548 2584 1598 2613; x_wconf 80' lang='lat' dir='ltr'><em>iste</em></span> <span class='ocrx_word' id='word_1_794' title='bbox 1627 2585 1775 2613; x_wconf 83' lang='lat' dir='ltr'><em>thesaurus</em></span> <span class='ocrx_word' id='word_1_795' title='bbox 1803 2585 1869 2613; x_wconf 74' lang='lat' dir='ltr'><em>(lili-</em></span> 
     </span>
     <span class='ocr_line' id='line_1_112' title="bbox 1024 2631 1869 2670; baseline 0 -10"><span class='ocrx_word' id='word_1_796' title='bbox 1024 2636 1135 2670; x_wconf 72' lang='lat' dir='ltr'><em>9enter,</em></span> <span class='ocrx_word' id='word_1_797' title='bbox 1158 2634 1184 2660; x_wconf 81' lang='lat' dir='ltr'><em>et</em></span> <span class='ocrx_word' id='word_1_798' title='bbox 1205 2635 1351 2668; x_wconf 81' lang='lat' dir='ltr'><em>propterea</em></span> <span class='ocrx_word' id='word_1_799' title='bbox 1372 2631 1522 2659; x_wconf 80' lang='lat' dir='ltr'><em>cavendum</em></span> <span class='ocrx_word' id='word_1_800' title='bbox 1540 2631 1563 2665; x_wconf 85' lang='lat'><em>⁹,</em></span> <span class='ocrx_word' id='word_1_801' title='bbox 1587 2631 1675 2668; x_wconf 86' lang='lat' dir='ltr'><em>primo</em></span> <span class='ocrx_word' id='word_1_802' title='bbox 1696 2632 1813 2666; x_wconf 79' lang='lat' dir='ltr'><em>scilicet,</em></span> <span class='ocrx_word' id='word_1_803' title='bbox 1835 2640 1869 2661; x_wconf 86' lang='lat' dir='ltr'><em>ne</em></span> 
     </span>
    </p>
   </div>
   <div class='ocr_carea' id='block_1_14' title="bbox 743 2734 1258 2738">
    <p class='ocr_par' dir='ltr' id='par_1_16' title="bbox 743 2734 1258 2738">
     <span class='ocr_line' id='line_1_113' title="bbox 743 2734 1258 2738; baseline 0 0"><span class='ocrx_word' id='word_1_804' title='bbox 743 2734 1258 2738; x_wconf 95' lang='lat' dir='ltr'><em> </em></span> 
     </span>
    </p>
   </div>
   <div class='ocr_carea' id='block_1_15' title="bbox 187 2806 970 2912">
    <p class='ocr_par' dir='ltr' id='par_1_17' title="bbox 187 2806 970 2912">
     <span class='ocr_line' id='line_1_114' title="bbox 188 2806 335 2828; baseline 0.007 -1"><span class='ocrx_word' id='word_1_805' title='bbox 188 2806 194 2818; x_wconf 86' lang='lat'><em>¹</em></span> <span class='ocrx_word' id='word_1_806' title='bbox 213 2806 280 2828; x_wconf 79' lang='lat' dir='ltr'><em>Vers.</em></span> <span class='ocrx_word' id='word_1_807' title='bbox 299 2807 335 2828; x_wconf 73' lang='lat'><em>⁴8.</em></span> 
     </span>
     <span class='ocr_line' id='line_1_115' title="bbox 187 2844 970 2874; baseline 0 -7"><span class='ocrx_word' id='word_1_808' title='bbox 187 2844 196 2857; x_wconf 74' lang='lat'>2</span> <span class='ocrx_word' id='word_1_809' title='bbox 213 2845 269 2873; x_wconf 74' lang='lat' dir='ltr'><em>Cap.</em></span> <span class='ocrx_word' id='word_1_810' title='bbox 286 2845 311 2873; x_wconf 72' lang='lat'><em>5,</em></span> <span class='ocrx_word' id='word_1_811' title='bbox 333 2847 350 2866; x_wconf 91' lang='lat' dir='ltr'><em>l.</em></span> <span class='ocrx_word' id='word_1_812' title='bbox 368 2852 446 2874; x_wconf 82' lang='lat' dir='ltr'><em>seqq.;</em></span> <span class='ocrx_word' id='word_1_813' title='bbox 465 2848 593 2874; x_wconf 76' lang='lat' dir='ltr'><em>sequuntur</em></span> <span class='ocrx_word' id='word_1_814' title='bbox 607 2846 681 2867; x_wconf 72' lang='lat' dir='ltr'><em>Mami.</em></span> <span class='ocrx_word' id='word_1_815' title='bbox 694 2846 716 2872; x_wconf 84' lang='grc'><em>6,</em></span> <span class='ocrx_word' id='word_1_816' title='bbox 734 2846 772 2868; x_wconf 71' lang='lat'><em>20.</em></span> <span class='ocrx_word' id='word_1_817' title='bbox 788 2850 810 2868; x_wconf 81' lang='lat' dir='ltr'><em>et</em></span> <span class='ocrx_word' id='word_1_818' title='bbox 827 2846 864 2869; x_wconf 66' lang='lat'><em>⁶25.</em></span> <span class='ocrx_word' id='word_1_819' title='bbox 878 2846 913 2868; x_wconf 69' lang='lat'><em>42.</em></span> <span class='ocrx_word' id='word_1_820' title='bbox 933 2846 941 2867; x_wconf 76' lang='lat' dir='ltr'><em>l</em></span> <span class='ocrx_word' id='word_1_821' title='bbox 952 2846 970 2868; x_wconf 85' lang='lat' dir='ltr'><em>l.</em></span> 
     </span>
     <span class='ocr_line' id='line_1_116' title="bbox 188 2883 385 2912; baseline 0 -6"><span class='ocrx_word' id='word_1_822' title='bbox 188 2883 196 2896; x_wconf 75' lang='lat'>³</span> <span class='ocrx_word' id='word_1_823' title='bbox 214 2884 268 2912; x_wconf 79' lang='lat' dir='ltr'><em>Cap.</em></span> <span class='ocrx_word' id='word_1_824' title='bbox 292 2885 330 2911; x_wconf 85' lang='grc'><em>19,</em></span> <span class='ocrx_word' id='word_1_825' title='bbox 348 2885 385 2906; x_wconf 75' lang='grc'><em>21.</em></span> 
     </span>
    </p>
   </div>
   <div class='ocr_carea' id='block_1_16' title="bbox 131 2923 970 2988">
    <p class='ocr_par' dir='ltr' id='par_1_18' title="bbox 131 2923 970 2988">
     <span class='ocr_line' id='line_1_117' title="bbox 188 2923 970 2952; baseline -0.004 -6"><span class='ocrx_word' id='word_1_826' title='bbox 188 2923 197 2936; x_wconf 72' lang='lat'><em>⁴³</em></span> <span class='ocrx_word' id='word_1_827' title='bbox 215 2923 264 2946; x_wconf 82' lang='lat' dir='ltr'><em>lsai.</em></span> <span class='ocrx_word' id='word_1_828' title='bbox 282 2924 308 2950; x_wconf 76' lang='lat'><em>9,</em></span> <span class='ocrx_word' id='word_1_829' title='bbox 326 2924 346 2949; x_wconf 70' lang='lat'><em>6,</em></span> <span class='ocrx_word' id='word_1_830' title='bbox 369 2924 497 2945; x_wconf 79' lang='lat' dir='ltr'><em>secundum</em></span> <span class='ocrx_word' id='word_1_831' title='bbox 521 2923 683 2951; x_wconf 77' lang='lat' dir='ltr'><em>Septuaginla;</em></span> <span class='ocrx_word' id='word_1_832' title='bbox 701 2927 829 2952; x_wconf 82' lang='lat' dir='ltr'><em>sequuntur</em></span> <span class='ocrx_word' id='word_1_833' title='bbox 852 2924 928 2946; x_wconf 62' lang='lat' dir='ltr'><em>tinuit.</em></span> <span class='ocrx_word' id='word_1_834' title='bbox 949 2924 970 2950; x_wconf 68' lang='lat'><em>6,</em></span> 
     </span>
     <span class='ocr_line' id='line_1_118' title="bbox 131 2962 492 2988; baseline 0 -4"><span class='ocrx_word' id='word_1_835' title='bbox 131 2963 163 2984; x_wconf 77' lang='lat'><em>19.</em></span> <span class='ocrx_word' id='word_1_836' title='bbox 180 2966 202 2984; x_wconf 81' lang='lat' dir='ltr'><em>et</em></span> <span class='ocrx_word' id='word_1_837' title='bbox 219 2962 311 2984; x_wconf 76' lang='grc'><strong>1111011115</strong></span> <span class='ocrx_word' id='word_1_838' title='bbox 330 2963 382 2984; x_wconf 85' lang='lat' dir='ltr'><em>Luc.</em></span> <span class='ocrx_word' id='word_1_839' title='bbox 405 2962 438 2988; x_wconf 75' lang='lat' dir='ltr'><em>it,</em></span> <span class='ocrx_word' id='word_1_840' title='bbox 456 2962 492 2984; x_wconf 82' lang='lat'><em>33.</em></span> 
     </span>
    </p>
   </div>
   <div class='ocr_carea' id='block_1_17' title="bbox 1027 2805 1870 2989">
    <p class='ocr_par' dir='ltr' id='par_1_19' title="bbox 1090 2805 1253 2831">
     <span class='ocr_line' id='line_1_119' title="bbox 1090 2805 1253 2831; baseline -0.006 -4"><span class='ocrx_word' id='word_1_841' title='bbox 1090 2805 1099 2817; x_wconf 64' lang='lat'>5</span> <span class='ocrx_word' id='word_1_842' title='bbox 1117 2806 1172 2827; x_wconf 74' lang='lat' dir='ltr'><em>Phil.</em></span> <span class='ocrx_word' id='word_1_843' title='bbox 1190 2806 1214 2831; x_wconf 83' lang='grc'><em>3,</em></span> <span class='ocrx_word' id='word_1_844' title='bbox 1233 2807 1253 2826; x_wconf 70' lang='lat' dir='ltr'><em>S.</em></span> 
     </span>
    </p>

    <p class='ocr_par' dir='ltr' id='par_1_20' title="bbox 1090 2842 1870 2872">
     <span class='ocr_line' id='line_1_120' title="bbox 1090 2842 1870 2872; baseline -0.001 -6"><span class='ocrx_word' id='word_1_845' title='bbox 1090 2844 1098 2857; x_wconf 70' lang='lat' dir='ltr'>o</span> <span class='ocrx_word' id='word_1_846' title='bbox 1117 2845 1180 2866; x_wconf 53' lang='lat' dir='ltr'><em>vers.</em></span> <span class='ocrx_word' id='word_1_847' title='bbox 1200 2845 1221 2865; x_wconf 70' lang='grc'><em>3.</em></span> <span class='ocrx_word' id='word_1_848' title='bbox 1239 2850 1303 2872; x_wconf 74' lang='lat' dir='ltr'><em>seqq.</em></span> <span class='ocrx_word' id='word_1_849' title='bbox 1725 2842 1732 2855; x_wconf 93' lang='lat'>⁷</span> <span class='ocrx_word' id='word_1_850' title='bbox 1751 2843 1815 2865; x_wconf 73' lang='lat' dir='ltr'><em>Vers.</em></span> <span class='ocrx_word' id='word_1_851' title='bbox 1833 2843 1870 2865; x_wconf 77' lang='grc'><em>51.</em></span> 
     </span>
    </p>

    <p class='ocr_par' dir='ltr' id='par_1_21' title="bbox 1027 2882 1870 2945">
     <span class='ocr_line' id='line_1_121' title="bbox 1089 2882 1870 2911; baseline -0.001 -6"><span class='ocrx_word' id='word_1_852' title='bbox 1089 2882 1097 2895; x_wconf 67' lang='lat'><strong>³</strong></span> <span class='ocrx_word' id='word_1_853' title='bbox 1116 2884 1189 2905; x_wconf 84' lang='lat' dir='ltr'><em>Locus</em></span> <span class='ocrx_word' id='word_1_854' title='bbox 1207 2883 1227 2904; x_wconf 88' lang='lat' dir='ltr'><em>in</em></span> <span class='ocrx_word' id='word_1_855' title='bbox 1246 2883 1349 2910; x_wconf 75' lang='lat' dir='ltr'><em>originali</em></span> <span class='ocrx_word' id='word_1_856' title='bbox 1362 2886 1485 2910; x_wconf 79' lang='lat' dir='ltr'><em>corruptus</em></span> <span class='ocrx_word' id='word_1_857' title='bbox 1493 2885 1539 2909; x_wconf 80' lang='lat' dir='ltr'><em>est,</em></span> <span class='ocrx_word' id='word_1_858' title='bbox 1557 2888 1638 2911; x_wconf 75' lang='lat' dir='ltr'><em>quem,</em></span> <span class='ocrx_word' id='word_1_859' title='bbox 1656 2885 1724 2909; x_wconf 79' lang='lat' dir='ltr'><em>prout</em></span> <span class='ocrx_word' id='word_1_860' title='bbox 1736 2882 1809 2909; x_wconf 71' lang='lat' dir='ltr'><em>licuit,</em></span> <span class='ocrx_word' id='word_1_861' title='bbox 1821 2888 1870 2904; x_wconf 70' lang='lat' dir='ltr'><em>ror-</em></span> 
     </span>
     <span class='ocr_line' id='line_1_122' title="bbox 1027 2923 1134 2945; baseline -0.009 0"><span class='ocrx_word' id='word_1_862' title='bbox 1027 2923 1134 2945; x_wconf 76' lang='lat' dir='ltr'><em>reximus.</em></span> 
     </span>
    </p>

    <p class='ocr_par' dir='ltr' id='par_1_22' title="bbox 1089 2960 1437 2989">
     <span class='ocr_line' id='line_1_123' title="bbox 1089 2960 1437 2989; baseline 0 -6"><span class='ocrx_word' id='word_1_863' title='bbox 1089 2960 1099 2973; x_wconf 82' lang='lat'>⁹</span> <span class='ocrx_word' id='word_1_864' title='bbox 1116 2961 1281 2989; x_wconf 66' lang='lat' dir='ltr'><em>Supplcrimus</em></span> <span class='ocrx_word' id='word_1_865' title='bbox 1298 2961 1437 2984; x_wconf 69' lang='lat' dir='ltr'><em>cm-emlmn.</em></span> 
     </span>
    </p>
   </div>
   <div class='ocr_carea' id='block_1_18' title="bbox 1881 673 1997 693">
    <p class='ocr_par' dir='ltr' id='par_1_23' title="bbox 1881 673 1997 693">
     <span class='ocr_line' id='line_1_124' title="bbox 1881 673 1997 693; baseline 0 -1"><span class='ocrx_word' id='word_1_866' title='bbox 1881 673 1989 693; x_wconf 74' lang='lat' dir='ltr'><em>Admonitio</em></span> <span class='ocrx_word' id='word_1_867' title='bbox 1992 686 1997 692; x_wconf 89' lang='lat'><strong>.</strong></span> 
     </span>
    </p>
   </div>
   <div class='ocr_carea' id='block_1_19' title="bbox 1885 1186 1990 1205">
    <p class='ocr_par' dir='ltr' id='par_1_24' title="bbox 1885 1186 1990 1205">
     <span class='ocr_line' id='line_1_125' title="bbox 1885 1186 1990 1205; baseline 0 0"><span class='ocrx_word' id='word_1_868' title='bbox 1885 1186 1990 1205; x_wconf 81' lang='lat' dir='ltr'><em>Conclusio.</em></span> 
     </span>
    </p>
   </div>
   <div class='ocr_carea' id='block_1_20' title="bbox 1892 1608 1994 1674">
    <p class='ocr_par' dir='ltr' id='par_1_25' title="bbox 1892 1608 1994 1674">
     <span class='ocr_line' id='line_1_126' title="bbox 1895 1608 1991 1627; baseline 0 0"><span class='ocrx_word' id='word_1_869' title='bbox 1895 1608 1991 1627; x_wconf 82' lang='lat' dir='ltr'><em>Secundus</em></span> 
     </span>
     <span class='ocr_line' id='line_1_127' title="bbox 1892 1634 1994 1651; baseline 0 -1"><span class='ocrx_word' id='word_1_870' title='bbox 1892 1634 1921 1651; x_wconf 83' lang='lat' dir='ltr'><em>est</em></span> <span class='ocrx_word' id='word_1_871' title='bbox 1932 1634 1994 1651; x_wconf 75' lang='lat' dir='ltr'><em>custo-</em></span> 
     </span>
     <span class='ocr_line' id='line_1_128' title="bbox 1900 1655 1985 1674; baseline -0.012 0"><span class='ocrx_word' id='word_1_872' title='bbox 1900 1655 1985 1674; x_wconf 82' lang='lat' dir='ltr'><em>diendus.</em></span> 
     </span>
    </p>
   </div>
   <div class='ocr_carea' id='block_1_21' title="bbox 1883 2356 2004 2422">
    <p class='ocr_par' dir='ltr' id='par_1_26' title="bbox 1883 2356 2004 2422">
     <span class='ocr_line' id='line_1_129' title="bbox 1885 2356 2001 2375; baseline 0 0"><span class='ocrx_word' id='word_1_873' title='bbox 1885 2356 1920 2375; x_wconf 80' lang='lat' dir='ltr'><em>iste</em></span> <span class='ocrx_word' id='word_1_874' title='bbox 1933 2356 2001 2375; x_wconf 78' lang='lat' dir='ltr'><em>amitti-</em></span> 
     </span>
     <span class='ocr_line' id='line_1_130' title="bbox 1883 2380 2004 2422; baseline 0.008 -24"><span class='ocrx_word' id='word_1_875' title='bbox 1883 2382 1913 2399; x_wconf 85' lang='lat' dir='ltr'><em>tur</em></span> <span class='ocrx_word' id='word_1_876' title='bbox 1926 2380 2004 2422; x_wconf 48' lang='lat' dir='ltr'><em>{gil-plici-</em></span> 
     </span>
    </p>
   </div>
   <div class='ocr_carea' id='block_1_22' title="bbox 1886 2568 2003 2657">
    <p class='ocr_par' dir='ltr' id='par_1_27' title="bbox 1886 2568 2003 2657">
     <span class='ocr_line' id='line_1_131' title="bbox 1893 2568 1995 2587; baseline 0 -1"><span class='ocrx_word' id='word_1_877' title='bbox 1893 2568 1954 2586; x_wconf 77' lang='lat' dir='ltr'><em>Primo</em></span> <span class='ocrx_word' id='word_1_878' title='bbox 1968 2570 1995 2587; x_wconf 81' lang='lat' dir='ltr'><em>est</em></span> 
     </span>
     <span class='ocr_line' id='line_1_132' title="bbox 1891 2591 1997 2610; baseline 0 0"><span class='ocrx_word' id='word_1_879' title='bbox 1891 2591 1997 2610; x_wconf 77' lang='lat' dir='ltr'><em>custodien-</em></span> 
     </span>
     <span class='ocr_line' id='line_1_133' title="bbox 1886 2615 2003 2637; baseline 0 -4"><span class='ocrx_word' id='word_1_880' title='bbox 1886 2615 1926 2637; x_wconf 81' lang='lat' dir='ltr'><em>dus,</em></span> <span class='ocrx_word' id='word_1_881' title='bbox 1941 2620 1963 2633; x_wconf 77' lang='lat' dir='ltr'><em>na</em></span> <span class='ocrx_word' id='word_1_882' title='bbox 1977 2615 2003 2634; x_wconf 81' lang='lat' dir='ltr'><em>es-</em></span> 
     </span>
     <span class='ocr_line' id='line_1_134' title="bbox 1896 2638 1990 2657; baseline -0.011 0"><span class='ocrx_word' id='word_1_883' title='bbox 1896 2638 1990 2657; x_wconf 78' lang='lat' dir='ltr'><em>fundatur.</em></span> 
     </span>
    </p>
   </div>
  </div>
 </body>
</html>
