<?xml version="1.0" encoding="UTF-8"?>
<!DOCTYPE html PUBLIC "-//W3C//DTD XHTML 1.0 Transitional//EN"
    "http://www.w3.org/TR/xhtml1/DTD/xhtml1-transitional.dtd">
<html xmlns="http://www.w3.org/1999/xhtml" xml:lang="en" lang="en">
 <head>
  <title>
</title>
<meta http-equiv="Content-Type" content="text/html;charset=utf-8" />
  <meta name='ocr-system' content='tesseract 3.04.00' />
  <meta name='ocr-capabilities' content='ocr_page ocr_carea ocr_par ocr_line ocrx_word'/>
</head>
<body>
  <div class='ocr_page' id='page_1' title='image "./doctorisseraphic09bona/doctorisseraphic09bona_0497.png"; bbox 0 0 2243 3348; ppageno 0'>
   <div class='ocr_carea' id='block_1_1' title="bbox 0 374 104 1470">
    <p class='ocr_par' dir='ltr' id='par_1_1' title="bbox 0 374 104 1470">
     <span class='ocr_line' id='line_1_1' title="bbox 0 374 104 1470; baseline 0 0"><span class='ocrx_word' id='word_1_1' title='bbox 0 374 104 1470; x_wconf 95' lang='lat' dir='ltr'><em> </em></span> 
     </span>
    </p>
   </div>
   <div class='ocr_carea' id='block_1_2' title="bbox 6 1619 91 1660">
    <p class='ocr_par' dir='ltr' id='par_1_2' title="bbox 6 1619 91 1660">
     <span class='ocr_line' id='line_1_2' title="bbox 8 1619 91 1640; baseline 0 -3"><span class='ocrx_word' id='word_1_2' title='bbox 8 1619 50 1640; x_wconf 61' lang='lat' dir='ltr'><em>‘³³m,</em></span> <span class='ocrx_word' id='word_1_3' title='bbox 63 1622 91 1637; x_wconf 76' lang='lat' dir='ltr'><em>se-</em></span> 
     </span>
     <span class='ocr_line' id='line_1_3' title="bbox 6 1638 78 1660; baseline 0 0"><span class='ocrx_word' id='word_1_4' title='bbox 6 1638 78 1660; x_wconf 47' lang='lat' dir='ltr'><em>tsstunda.</em></span> 
     </span>
    </p>
   </div>
   <div class='ocr_carea' id='block_1_3' title="bbox 0 2327 21 3247">
    <p class='ocr_par' dir='ltr' id='par_1_3' title="bbox 0 2327 21 3247">
     <span class='ocr_line' id='line_1_4' title="bbox 0 2327 21 3247; baseline 0 0"><span class='ocrx_word' id='word_1_5' title='bbox 0 2327 21 3247; x_wconf 95' lang='lat' dir='ltr'><em> </em></span> 
     </span>
    </p>
   </div>
   <div class='ocr_carea' id='block_1_4' title="bbox 14 2810 18 3338">
    <p class='ocr_par' dir='ltr' id='par_1_4' title="bbox 14 2810 18 3338">
     <span class='ocr_line' id='line_1_5' title="bbox 14 2810 18 3338; baseline 0 0"><span class='ocrx_word' id='word_1_6' title='bbox 14 2810 18 3338; x_wconf 95' lang='lat' dir='ltr'><em> </em></span> 
     </span>
    </p>
   </div>
   <div class='ocr_carea' id='block_1_5' title="bbox 644 181 1860 217">
    <p class='ocr_par' dir='ltr' id='par_1_5' title="bbox 644 181 1860 217">
     <span class='ocr_line' id='line_1_6' title="bbox 644 181 1860 217; baseline 0.007 -8"><span class='ocrx_word' id='word_1_7' title='bbox 644 181 686 209; x_wconf 89' lang='lat' dir='ltr'><em>DE</em></span> <span class='ocrx_word' id='word_1_8' title='bbox 708 181 833 210; x_wconf 73' lang='lat' dir='ltr'>SANCTO</span> <span class='ocrx_word' id='word_1_9' title='bbox 855 182 983 211; x_wconf 77' lang='lat' dir='ltr'><strong>ANDREA</strong></span> <span class='ocrx_word' id='word_1_10' title='bbox 1006 183 1184 213; x_wconf 78' lang='lat' dir='ltr'>APOSTOLO.</span> <span class='ocrx_word' id='word_1_11' title='bbox 1207 185 1316 213; x_wconf 85' lang='lat' dir='ltr'>SERMO</span> <span class='ocrx_word' id='word_1_12' title='bbox 1337 186 1354 214; x_wconf 90' lang='lat'><em>1.</em></span> <span class='ocrx_word' id='word_1_13' title='bbox 1804 189 1860 217; x_wconf 73' lang='lat'><em>469</em></span> 
     </span>
    </p>
   </div>
   <div class='ocr_carea' id='block_1_6' title="bbox 82 256 966 2726">
    <p class='ocr_par' dir='ltr' id='par_1_6' title="bbox 82 256 964 1556">
     <span class='ocr_line' id='line_1_7' title="bbox 121 256 964 295; baseline 0.006 -11"><span class='ocrx_word' id='word_1_14' title='bbox 121 256 363 293; x_wconf 72' lang='lat' dir='ltr'><em>complexandum</em></span> <span class='ocrx_word' id='word_1_15' title='bbox 384 261 510 286; x_wconf 83' lang='lat' dir='ltr'><em>aeterna.</em></span> <span class='ocrx_word' id='word_1_16' title='bbox 533 259 697 295; x_wconf 62' lang='grc' dir='ltr'><em>111103101113ι</em></span> <span class='ocrx_word' id='word_1_17' title='bbox 721 260 772 288; x_wconf 90' lang='lat' dir='ltr'><em>hoc</em></span> <span class='ocrx_word' id='word_1_18' title='bbox 795 260 901 289; x_wconf 91' lang='lat' dir='ltr'><em>videtur</em></span> <span class='ocrx_word' id='word_1_19' title='bbox 924 260 964 289; x_wconf 90' lang='lat' dir='ltr'><em>in-</em></span> 
     </span>
     <span class='ocr_line' id='line_1_8' title="bbox 121 303 962 342; baseline 0.006 -11"><span class='ocrx_word' id='word_1_20' title='bbox 121 310 223 336; x_wconf 87' lang='lat' dir='ltr'><em>nuere,</em></span> <span class='ocrx_word' id='word_1_21' title='bbox 245 310 308 331; x_wconf 88' lang='lat' dir='ltr'><em>cum</em></span> <span class='ocrx_word' id='word_1_22' title='bbox 330 303 411 332; x_wconf 85' lang='lat' dir='ltr'><em>dicit:</em></span> <span class='ocrx_word' id='word_1_23' title='bbox 439 304 473 332; x_wconf 85' lang='lat' dir='ltr'><em>Ut</em></span> <span class='ocrx_word' id='word_1_24' title='bbox 492 305 610 341; x_wconf 84' lang='lat' dir='ltr'><em>possitis</em></span> <span class='ocrx_word' id='word_1_25' title='bbox 634 305 869 342; x_wconf 72' lang='lat' dir='ltr'><em>comprehendere</em></span> <span class='ocrx_word' id='word_1_26' title='bbox 897 315 962 335; x_wconf 92' lang='lat' dir='ltr'><em>cum</em></span> 
     </span>
     <span class='ocr_line' id='line_1_9' title="bbox 121 349 963 390; baseline 0.007 -13"><span class='ocrx_word' id='word_1_27' title='bbox 121 349 255 377; x_wconf 86' lang='lat' dir='ltr'><em>omnibus</em></span> <span class='ocrx_word' id='word_1_28' title='bbox 276 349 405 383; x_wconf 84' lang='lat' dir='ltr'><em>Sanctis,</em></span> <span class='ocrx_word' id='word_1_29' title='bbox 427 359 501 388; x_wconf 83' lang='lat' dir='ltr'><em>quae</em></span> <span class='ocrx_word' id='word_1_30' title='bbox 521 351 560 379; x_wconf 84' lang='lat' dir='ltr'><em>sit</em></span> <span class='ocrx_word' id='word_1_31' title='bbox 581 351 703 380; x_wconf 75' lang='lat' dir='ltr'><em>latitudo</em></span> <span class='ocrx_word' id='word_1_32' title='bbox 724 356 750 381; x_wconf 85' lang='lat' dir='ltr'><em>et</em></span> <span class='ocrx_word' id='word_1_33' title='bbox 771 353 919 390; x_wconf 85' lang='lat' dir='ltr'><em>lonqitudo</em></span> <span class='ocrx_word' id='word_1_34' title='bbox 940 357 963 382; x_wconf 92' lang='lat' dir='ltr'><em>et</em></span> 
     </span>
     <span class='ocr_line' id='line_1_10' title="bbox 120 396 963 437; baseline 0.008 -14"><span class='ocrx_word' id='word_1_35' title='bbox 120 396 286 424; x_wconf 82' lang='lat' dir='ltr'><em>sublimitas</em></span> <span class='ocrx_word' id='word_1_36' title='bbox 313 400 339 425; x_wconf 84' lang='lat' dir='ltr'><em>et</em></span> <span class='ocrx_word' id='word_1_37' title='bbox 365 396 566 433; x_wconf 83' lang='lat' dir='ltr'><em>profundum,</em></span> <span class='ocrx_word' id='word_1_38' title='bbox 588 399 663 427; x_wconf 85' lang='lat' dir='ltr'><em>scire</em></span> <span class='ocrx_word' id='word_1_39' title='bbox 688 399 775 428; x_wconf 86' lang='lat' dir='ltr'><em>etiam</em></span> <span class='ocrx_word' id='word_1_40' title='bbox 806 401 963 437; x_wconf 83' lang='lat' dir='ltr'><em>superemi-</em></span> 
     </span>
     <span class='ocr_line' id='line_1_11' title="bbox 121 443 963 484; baseline 0.006 -13"><span class='ocrx_word' id='word_1_41' title='bbox 121 447 233 471; x_wconf 88' lang='lat' dir='ltr'><em>nentem</em></span> <span class='ocrx_word' id='word_1_42' title='bbox 260 443 397 471; x_wconf 71' lang='lat' dir='ltr'><em>scientiae</em></span> <span class='ocrx_word' id='word_1_43' title='bbox 428 444 582 472; x_wconf 86' lang='lat' dir='ltr'><em>caritatem</em></span> <span class='ocrx_word' id='word_1_44' title='bbox 615 444 724 474; x_wconf 78' lang='lat' dir='ltr'><em>Christi</em></span> <span class='ocrx_word' id='word_1_45' title='bbox 744 449 794 475; x_wconf 85' lang='lat' dir='ltr'><em>etc.</em></span> <span class='ocrx_word' id='word_1_46' title='bbox 821 447 847 475; x_wconf 87' lang='lat' dir='ltr'><em>Si</em></span> <span class='ocrx_word' id='word_1_47' title='bbox 879 447 963 484; x_wconf 87' lang='lat' dir='ltr'><em>igitur</em></span> 
     </span>
     <span class='ocr_line' id='line_1_12' title="bbox 121 489 963 529; baseline 0.006 -12"><span class='ocrx_word' id='word_1_48' title='bbox 121 489 188 518; x_wconf 85' lang='lat' dir='ltr'><em>haec</em></span> <span class='ocrx_word' id='word_1_49' title='bbox 209 492 251 518; x_wconf 85' lang='lat' dir='ltr'><em>est</em></span> <span class='ocrx_word' id='word_1_50' title='bbox 271 497 337 518; x_wconf 87' lang='lat' dir='ltr'><em>vera</em></span> <span class='ocrx_word' id='word_1_51' title='bbox 364 489 486 518; x_wconf 86' lang='lat' dir='ltr'><em>definitio</em></span> <span class='ocrx_word' id='word_1_52' title='bbox 508 490 671 526; x_wconf 79' lang='lat' dir='ltr'><em>sapientiae,</em></span> <span class='ocrx_word' id='word_1_53' title='bbox 691 495 717 520; x_wconf 89' lang='lat' dir='ltr'><em>et</em></span> <span class='ocrx_word' id='word_1_54' title='bbox 747 492 850 529; x_wconf 83' lang='lat' dir='ltr'><em>lignum</em></span> <span class='ocrx_word' id='word_1_55' title='bbox 873 493 963 522; x_wconf 83' lang='lat' dir='ltr'><em>crucis</em></span> 
     </span>
     <span class='ocr_line' id='line_1_13' title="bbox 121 536 963 575; baseline 0.007 -12"><span class='ocrx_word' id='word_1_56' title='bbox 121 539 162 564; x_wconf 87' lang='lat' dir='ltr'><em>est</em></span> <span class='ocrx_word' id='word_1_57' title='bbox 184 536 304 572; x_wconf 85' lang='lat' dir='ltr'><em>lignum,</em></span> <span class='ocrx_word' id='word_1_58' title='bbox 327 543 376 572; x_wconf 89' lang='lat' dir='ltr'><em>per</em></span> <span class='ocrx_word' id='word_1_59' title='bbox 398 536 471 573; x_wconf 86' lang='lat' dir='ltr'><em>quod</em></span> <span class='ocrx_word' id='word_1_60' title='bbox 493 536 657 565; x_wconf 82' lang='lat' dir='ltr'>deducimur</span> <span class='ocrx_word' id='word_1_61' title='bbox 678 538 711 566; x_wconf 89' lang='lat' dir='ltr'><em>ad</em></span> <span class='ocrx_word' id='word_1_62' title='bbox 730 540 963 575; x_wconf 87' lang='lat' dir='ltr'><em>comprehenden-</em></span> 
     </span>
     <span class='ocr_line' id='line_1_14' title="bbox 120 582 962 622; baseline 0.006 -12"><span class='ocrx_word' id='word_1_63' title='bbox 120 582 186 611; x_wconf 90' lang='lat' dir='ltr'><em>dum</em></span> <span class='ocrx_word' id='word_1_64' title='bbox 208 582 277 616; x_wconf 72' lang='lat' dir='ltr'><em>alta,</em></span> <span class='ocrx_word' id='word_1_65' title='bbox 299 583 331 611; x_wconf 83' lang='lat' dir='ltr'><em>ad</em></span> <span class='ocrx_word' id='word_1_66' title='bbox 354 583 553 619; x_wconf 87' lang='lat' dir='ltr'><em>speculandum</em></span> <span class='ocrx_word' id='word_1_67' title='bbox 574 591 675 612; x_wconf 89' lang='lat' dir='ltr'><em>arcana</em></span> <span class='ocrx_word' id='word_1_68' title='bbox 689 587 756 618; x_wconf 87' lang='lat' dir='ltr'><em>etc.;</em></span> <span class='ocrx_word' id='word_1_69' title='bbox 779 585 882 622; x_wconf 88' lang='lat' dir='ltr'><em>lignum</em></span> <span class='ocrx_word' id='word_1_70' title='bbox 900 594 962 615; x_wconf 87' lang='lat' dir='ltr'><em>cru-</em></span> 
     </span>
     <span class='ocr_line' id='line_1_15' title="bbox 120 629 962 666; baseline 0.005 -9"><span class='ocrx_word' id='word_1_71' title='bbox 120 629 159 658; x_wconf 88' lang='lat' dir='ltr'><em>cis</em></span> <span class='ocrx_word' id='word_1_72' title='bbox 180 633 221 658; x_wconf 90' lang='lat' dir='ltr'><em>est</em></span> <span class='ocrx_word' id='word_1_73' title='bbox 243 629 346 666; x_wconf 85' lang='lat' dir='ltr'><em>lignum</em></span> <span class='ocrx_word' id='word_1_74' title='bbox 368 630 532 666; x_wconf 68' lang='lat' dir='ltr'><em>sapiendae,</em></span> <span class='ocrx_word' id='word_1_75' title='bbox 554 633 581 659; x_wconf 91' lang='lat' dir='ltr'><em>et</em></span> <span class='ocrx_word' id='word_1_76' title='bbox 601 630 662 659; x_wconf 91' lang='lat' dir='ltr'><em>ideo</em></span> <span class='ocrx_word' id='word_1_77' title='bbox 687 639 794 660; x_wconf 89' lang='lat' dir='ltr'><em>summe</em></span> <span class='ocrx_word' id='word_1_78' title='bbox 815 633 962 662; x_wconf 85' lang='lat' dir='ltr'><em>amandum</em></span> 
     </span>
     <span class='ocr_line' id='line_1_16' title="bbox 120 675 963 715; baseline 0.006 -13"><span class='ocrx_word' id='word_1_79' title='bbox 120 677 169 703; x_wconf 87' lang='lat' dir='ltr'><em>est.</em></span> <span class='ocrx_word' id='word_1_80' title='bbox 186 675 217 703; x_wconf 91' lang='lat' dir='ltr'><em>Et</em></span> <span class='ocrx_word' id='word_1_81' title='bbox 239 675 290 704; x_wconf 87' lang='lat' dir='ltr'><em>hoc</em></span> <span class='ocrx_word' id='word_1_82' title='bbox 312 675 430 704; x_wconf 82' lang='lat' dir='ltr'><em>liabetur</em></span> <span class='ocrx_word' id='word_1_83' title='bbox 452 676 478 704; x_wconf 90' lang='lat' dir='ltr'><em>in</em></span> <span class='ocrx_word' id='word_1_84' title='bbox 501 676 675 713; x_wconf 80' lang='lat' dir='ltr'>Apocalypsi:</span> <span class='ocrx_word' id='word_1_85' title='bbox 693 677 784 711; x_wconf 85' lang='lat' dir='ltr'><em>Beati,</em></span> <span class='ocrx_word' id='word_1_86' title='bbox 799 679 851 715; x_wconf 88' lang='lat' dir='ltr'><em>qui</em></span> <span class='ocrx_word' id='word_1_87' title='bbox 864 678 963 707; x_wconf 81' lang='lat' dir='ltr'><em>lauant</em></span> 
     </span>
     <span class='ocr_line' id='line_1_17' title="bbox 120 720 962 761; baseline 0.005 -12"><span class='ocrx_word' id='word_1_88' title='bbox 120 720 209 749; x_wconf 82' lang='lat' dir='ltr'><em>stolas</em></span> <span class='ocrx_word' id='word_1_89' title='bbox 230 729 304 750; x_wconf 86' lang='lat' dir='ltr'><em>suas</em></span> <span class='ocrx_word' id='word_1_90' title='bbox 325 722 356 750; x_wconf 87' lang='lat' dir='ltr'><em>in</em></span> <span class='ocrx_word' id='word_1_91' title='bbox 376 722 521 759; x_wconf 90' lang='lat' dir='ltr'><em>sanquine</em></span> <span class='ocrx_word' id='word_1_92' title='bbox 542 723 637 760; x_wconf 80' lang='lat' dir='ltr'><em>Aqni,</em></span> <span class='ocrx_word' id='word_1_93' title='bbox 660 727 692 751; x_wconf 85' lang='lat' dir='ltr'><em>ut</em></span> <span class='ocrx_word' id='word_1_94' title='bbox 722 724 759 751; x_wconf 90' lang='lat' dir='ltr'><em>sit</em></span> <span class='ocrx_word' id='word_1_95' title='bbox 778 728 902 761; x_wconf 81' lang='lat' dir='ltr'><em>potestas</em></span> <span class='ocrx_word' id='word_1_96' title='bbox 922 734 962 753; x_wconf 87' lang='lat' dir='ltr'><em>eo-</em></span> 
     </span>
     <span class='ocr_line' id='line_1_18' title="bbox 120 768 962 807; baseline 0.004 -11"><span class='ocrx_word' id='word_1_97' title='bbox 120 776 188 796; x_wconf 86' lang='lat' dir='ltr'><em>rum</em></span> <span class='ocrx_word' id='word_1_98' title='bbox 210 768 241 796; x_wconf 88' lang='lat' dir='ltr'><em>in</em></span> <span class='ocrx_word' id='word_1_99' title='bbox 263 768 340 806; x_wconf 89' lang='lat' dir='ltr'><em>liqno</em></span> <span class='ocrx_word' id='word_1_100' title='bbox 366 769 459 803; x_wconf 85' lang='lat' dir='ltr'><em>vitae,</em></span> <span class='ocrx_word' id='word_1_101' title='bbox 481 773 506 797; x_wconf 80' lang='lat' dir='ltr'><em>et</em></span> <span class='ocrx_word' id='word_1_102' title='bbox 537 769 576 798; x_wconf 85' lang='lat' dir='ltr'><em>sic</em></span> <span class='ocrx_word' id='word_1_103' title='bbox 598 778 652 806; x_wconf 82' lang='lat' dir='ltr'><em>per</em></span> <span class='ocrx_word' id='word_1_104' title='bbox 670 774 774 807; x_wconf 82' lang='lat' dir='ltr'><em>portus</em></span> <span class='ocrx_word' id='word_1_105' title='bbox 804 771 911 799; x_wconf 87' lang='lat' dir='ltr'><em>intrent</em></span> <span class='ocrx_word' id='word_1_106' title='bbox 932 772 962 799; x_wconf 90' lang='lat' dir='ltr'><em>in</em></span> 
     </span>
     <span class='ocr_line' id='line_1_19' title="bbox 120 815 962 855; baseline 0.002 -12"><span class='ocrx_word' id='word_1_107' title='bbox 120 815 273 844; x_wconf 77' lang='lat' dir='ltr'><em>civitatem.</em></span> <span class='ocrx_word' id='word_1_108' title='bbox 295 832 334 836; x_wconf 90' lang='lat'>—</span> <span class='ocrx_word' id='word_1_109' title='bbox 355 816 413 844; x_wconf 90' lang='lat' dir='ltr'><em>Non</em></span> <span class='ocrx_word' id='word_1_110' title='bbox 437 816 518 845; x_wconf 82' lang='lat' dir='ltr'><em>babet</em></span> <span class='ocrx_word' id='word_1_111' title='bbox 539 816 639 853; x_wconf 87' lang='lat' dir='ltr'><em>aliquis</em></span> <span class='ocrx_word' id='word_1_112' title='bbox 657 820 823 853; x_wconf 88' lang='lat' dir='ltr'><em>potestatem</em></span> <span class='ocrx_word' id='word_1_113' title='bbox 839 818 869 845; x_wconf 88' lang='lat' dir='ltr'><em>in</em></span> <span class='ocrx_word' id='word_1_114' title='bbox 885 818 962 855; x_wconf 76' lang='lat' dir='ltr'><em>liquo</em></span> 
     </span>
     <span class='ocr_line' id='line_1_20' title="bbox 119 861 962 901; baseline 0.004 -11"><span class='ocrx_word' id='word_1_115' title='bbox 119 861 195 890; x_wconf 86' lang='lat' dir='ltr'><em>vitae</em></span> <span class='ocrx_word' id='word_1_116' title='bbox 216 862 266 891; x_wconf 88' lang='lat' dir='ltr'><em>nisi</em></span> <span class='ocrx_word' id='word_1_117' title='bbox 290 871 338 899; x_wconf 88' lang='lat' dir='ltr'><em>per</em></span> <span class='ocrx_word' id='word_1_118' title='bbox 360 863 531 900; x_wconf 80' lang='lat' dir='ltr'><em>sapientiam,</em></span> <span class='ocrx_word' id='word_1_119' title='bbox 552 871 602 892; x_wconf 89' lang='lat' dir='ltr'><em>nec</em></span> <span class='ocrx_word' id='word_1_120' title='bbox 624 864 706 892; x_wconf 86' lang='lat' dir='ltr'><em>habet</em></span> <span class='ocrx_word' id='word_1_121' title='bbox 727 864 896 901; x_wconf 76' lang='lat' dir='ltr'><em>sapientiam,</em></span> <span class='ocrx_word' id='word_1_122' title='bbox 912 865 962 893; x_wconf 89' lang='lat' dir='ltr'><em>nisi</em></span> 
     </span>
     <span class='ocr_line' id='line_1_21' title="bbox 120 908 963 948; baseline 0.004 -11"><span class='ocrx_word' id='word_1_123' title='bbox 120 908 192 937; x_wconf 84' lang='lat' dir='ltr'><em>lavet</em></span> <span class='ocrx_word' id='word_1_124' title='bbox 213 909 318 938; x_wconf 87' lang='lat' dir='ltr'><em>stolam</em></span> <span class='ocrx_word' id='word_1_125' title='bbox 338 918 427 938; x_wconf 80' lang='lat' dir='ltr'><em>suam</em></span> <span class='ocrx_word' id='word_1_126' title='bbox 448 910 479 938; x_wconf 88' lang='lat' dir='ltr'><em>in</em></span> <span class='ocrx_word' id='word_1_127' title='bbox 509 910 655 947; x_wconf 86' lang='lat' dir='ltr'><em>sanquine</em></span> <span class='ocrx_word' id='word_1_128' title='bbox 686 911 780 948; x_wconf 87' lang='lat' dir='ltr'><em>Aqni,</em></span> <span class='ocrx_word' id='word_1_129' title='bbox 803 919 852 939; x_wconf 92' lang='lat' dir='ltr'><em>nec</em></span> <span class='ocrx_word' id='word_1_130' title='bbox 874 914 963 947; x_wconf 90' lang='lat' dir='ltr'><em>potest</em></span> 
     </span>
     <span class='ocr_line' id='line_1_22' title="bbox 120 955 962 994; baseline 0.004 -11"><span class='ocrx_word' id='word_1_131' title='bbox 120 955 222 984; x_wconf 77' lang='lat' dir='ltr'><em>lauare</em></span> <span class='ocrx_word' id='word_1_132' title='bbox 249 956 353 984; x_wconf 87' lang='lat' dir='ltr'><em>stolam</em></span> <span class='ocrx_word' id='word_1_133' title='bbox 378 965 464 985; x_wconf 86' lang='lat' dir='ltr'><em>suam</em></span> <span class='ocrx_word' id='word_1_134' title='bbox 494 957 525 985; x_wconf 87' lang='lat' dir='ltr'><em>in</em></span> <span class='ocrx_word' id='word_1_135' title='bbox 545 957 691 994; x_wconf 86' lang='lat' dir='ltr'><em>sanquine</em></span> <span class='ocrx_word' id='word_1_136' title='bbox 712 958 806 994; x_wconf 77' lang='lat' dir='ltr'><em>Aqni,</em></span> <span class='ocrx_word' id='word_1_137' title='bbox 828 958 878 986; x_wconf 83' lang='lat' dir='ltr'><em>nisi</em></span> <span class='ocrx_word' id='word_1_138' title='bbox 901 966 962 986; x_wconf 90' lang='lat' dir='ltr'><em>san-</em></span> 
     </span>
     <span class='ocr_line' id='line_1_23' title="bbox 120 1002 963 1040; baseline 0.002 -9"><span class='ocrx_word' id='word_1_139' title='bbox 120 1002 182 1039; x_wconf 84' lang='lat' dir='ltr'><em>guis</em></span> <span class='ocrx_word' id='word_1_140' title='bbox 203 1002 272 1031; x_wconf 87' lang='lat' dir='ltr'><em>fluat</em></span> <span class='ocrx_word' id='word_1_141' title='bbox 293 1003 326 1031; x_wconf 86' lang='lat' dir='ltr'><em>de</em></span> <span class='ocrx_word' id='word_1_142' title='bbox 347 1011 446 1038; x_wconf 88' lang='lat' dir='ltr'><em>cruce,</em></span> <span class='ocrx_word' id='word_1_143' title='bbox 468 1004 533 1040; x_wconf 86' lang='lat' dir='ltr'><em>quia</em></span> <span class='ocrx_word' id='word_1_144' title='bbox 554 1004 664 1033; x_wconf 77' lang='lat' dir='ltr'><em>aliunde</em></span> <span class='ocrx_word' id='word_1_145' title='bbox 684 1012 738 1032; x_wconf 92' lang='lat' dir='ltr'><em>non</em></span> <span class='ocrx_word' id='word_1_146' title='bbox 761 1004 831 1032; x_wconf 86' lang='lat' dir='ltr'><em>fluit.</em></span> <span class='ocrx_word' id='word_1_147' title='bbox 847 1004 963 1033; x_wconf 85' lang='lat' dir='ltr'><em>Ordina-</em></span> 
     </span>
     <span class='ocr_line' id='line_1_24' title="bbox 120 1049 963 1087; baseline 0.004 -10"><span class='ocrx_word' id='word_1_148' title='bbox 120 1052 178 1078; x_wconf 89' lang='lat' dir='ltr'><em>tum</em></span> <span class='ocrx_word' id='word_1_149' title='bbox 210 1049 262 1078; x_wconf 87' lang='lat' dir='ltr'><em>fuit</em></span> <span class='ocrx_word' id='word_1_150' title='bbox 293 1050 460 1087; x_wconf 86' lang='lat' dir='ltr'><em>antiquitus,</em></span> <span class='ocrx_word' id='word_1_151' title='bbox 493 1050 567 1087; x_wconf 88' lang='lat' dir='ltr'><em>quod</em></span> <span class='ocrx_word' id='word_1_152' title='bbox 598 1050 721 1087; x_wconf 77' lang='lat' dir='ltr'><em>pontifex</em></span> <span class='ocrx_word' id='word_1_153' title='bbox 752 1059 805 1079; x_wconf 89' lang='lat' dir='ltr'><em>non</em></span> <span class='ocrx_word' id='word_1_154' title='bbox 844 1052 963 1080; x_wconf 73' lang='lat' dir='ltr'><em>intrabat</em></span> 
     </span>
     <span class='ocr_line' id='line_1_25' title="bbox 120 1097 961 1135; baseline 0.001 -10"><span class='ocrx_word' id='word_1_155' title='bbox 120 1100 214 1125; x_wconf 90' lang='lat' dir='ltr'><em>sancta</em></span> <span class='ocrx_word' id='word_1_156' title='bbox 228 1100 398 1131; x_wconf 83' lang='lat' dir='ltr'><em>sanctorum,</em></span> <span class='ocrx_word' id='word_1_157' title='bbox 413 1097 463 1126; x_wconf 90' lang='lat' dir='ltr'><em>nisi</em></span> <span class='ocrx_word' id='word_1_158' title='bbox 480 1097 651 1134; x_wconf 77' lang='lat' dir='ltr'><em>aspersisset</em></span> <span class='ocrx_word' id='word_1_159' title='bbox 667 1098 768 1134; x_wconf 80' lang='lat' dir='ltr'><em>septies</em></span> <span class='ocrx_word' id='word_1_160' title='bbox 789 1098 961 1135; x_wconf 76' lang='lat' dir='ltr'><em>sanquinem</em></span> 
     </span>
     <span class='ocr_line' id='line_1_26' title="bbox 82 1143 962 1181; baseline 0.002 -10"><span class='ocrx_word' id='word_1_161' title='bbox 82 1149 86 1153; x_wconf 88' lang='lat'><em>·</em></span> <span class='ocrx_word' id='word_1_162' title='bbox 120 1147 222 1172; x_wconf 84' lang='lat' dir='ltr'><em>eontra</em></span> <span class='ocrx_word' id='word_1_163' title='bbox 237 1143 331 1172; x_wconf 82' lang='lat' dir='ltr'><em>velum</em></span> <span class='ocrx_word' id='word_1_164' title='bbox 343 1144 362 1172; x_wconf 83' lang='lat'><em>2.</em></span> <span class='ocrx_word' id='word_1_165' title='bbox 379 1161 417 1165; x_wconf 93' lang='lat'>—</span> <span class='ocrx_word' id='word_1_166' title='bbox 431 1144 501 1181; x_wconf 83' lang='lat' dir='ltr'><em>Quid</em></span> <span class='ocrx_word' id='word_1_167' title='bbox 516 1144 650 1181; x_wconf 86' lang='lat' dir='ltr'><em>significat</em></span> <span class='ocrx_word' id='word_1_168' title='bbox 665 1144 806 1181; x_wconf 87' lang='lat' dir='ltr'><em>ingressus</em></span> <span class='ocrx_word' id='word_1_169' title='bbox 826 1145 962 1181; x_wconf 83' lang='lat' dir='ltr'><em>pontificis</em></span> 
     </span>
     <span class='ocr_line' id='line_1_27' title="bbox 119 1190 963 1221; baseline 0.001 -2"><span class='ocrx_word' id='word_1_170' title='bbox 119 1190 153 1219; x_wconf 89' lang='lat' dir='ltr'><em>ad</em></span> <span class='ocrx_word' id='word_1_171' title='bbox 175 1193 268 1219; x_wconf 86' lang='lat' dir='ltr'><em>sancta</em></span> <span class='ocrx_word' id='word_1_172' title='bbox 288 1194 446 1219; x_wconf 86' lang='lat' dir='ltr'><em>sanctorum</em></span> <span class='ocrx_word' id='word_1_173' title='bbox 468 1191 501 1219; x_wconf 91' lang='lat' dir='ltr'><em>ad</em></span> <span class='ocrx_word' id='word_1_174' title='bbox 523 1191 670 1220; x_wconf 87' lang='lat' dir='ltr'><em>videndum</em></span> <span class='ocrx_word' id='word_1_175' title='bbox 696 1199 788 1220; x_wconf 86' lang='lat' dir='ltr'><em>arcam</em></span> <span class='ocrx_word' id='word_1_176' title='bbox 817 1192 867 1220; x_wconf 89' lang='lat' dir='ltr'><em>nisi</em></span> <span class='ocrx_word' id='word_1_177' title='bbox 900 1200 963 1221; x_wconf 86' lang='lat' dir='ltr'><em>con-</em></span> 
     </span>
     <span class='ocr_line' id='line_1_28' title="bbox 120 1237 962 1275; baseline 0.002 -10"><span class='ocrx_word' id='word_1_178' title='bbox 120 1237 323 1273; x_wconf 87' lang='lat' dir='ltr'><em>templationem</em></span> <span class='ocrx_word' id='word_1_179' title='bbox 340 1237 451 1266; x_wconf 90' lang='lat' dir='ltr'><em>illorum</em></span> <span class='ocrx_word' id='word_1_180' title='bbox 467 1237 602 1266; x_wconf 90' lang='lat' dir='ltr'><em>bonorum</em></span> <span class='ocrx_word' id='word_1_181' title='bbox 617 1240 816 1266; x_wconf 79' lang='lat' dir='ltr'><em>aeternorum?</em></span> <span class='ocrx_word' id='word_1_182' title='bbox 831 1238 864 1267; x_wconf 87' lang='lat' dir='ltr'><em>ad</em></span> <span class='ocrx_word' id='word_1_183' title='bbox 880 1247 962 1275; x_wconf 88' lang='lat' dir='ltr'><em>quam</em></span> 
     </span>
     <span class='ocr_line' id='line_1_29' title="bbox 119 1284 963 1321; baseline 0.002 -9"><span class='ocrx_word' id='word_1_184' title='bbox 119 1292 174 1312; x_wconf 93' lang='lat' dir='ltr'><em>non</em></span> <span class='ocrx_word' id='word_1_185' title='bbox 195 1287 284 1321; x_wconf 88' lang='lat' dir='ltr'><em>potest</em></span> <span class='ocrx_word' id='word_1_186' title='bbox 306 1285 387 1313; x_wconf 89' lang='grc'><strong>1101110</strong></span> <span class='ocrx_word' id='word_1_187' title='bbox 408 1285 515 1319; x_wconf 87' lang='lat' dir='ltr'><em>venire,</em></span> <span class='ocrx_word' id='word_1_188' title='bbox 531 1285 582 1313; x_wconf 90' lang='lat' dir='ltr'><em>nisi</em></span> <span class='ocrx_word' id='word_1_189' title='bbox 605 1284 679 1313; x_wconf 84' lang='lat' dir='ltr'><em>lavet</em></span> <span class='ocrx_word' id='word_1_190' title='bbox 699 1285 803 1313; x_wconf 86' lang='lat' dir='ltr'><em>stolam.</em></span> <span class='ocrx_word' id='word_1_191' title='bbox 823 1294 909 1314; x_wconf 83' lang='lat' dir='ltr'><em>suam</em></span> <span class='ocrx_word' id='word_1_192' title='bbox 932 1286 963 1314; x_wconf 88' lang='lat' dir='ltr'><em>in</em></span> 
     </span>
     <span class='ocr_line' id='line_1_30' title="bbox 120 1331 961 1368; baseline 0.004 -10"><span class='ocrx_word' id='word_1_193' title='bbox 120 1331 264 1368; x_wconf 79' lang='lat' dir='ltr'><em>sanquine</em></span> <span class='ocrx_word' id='word_1_194' title='bbox 286 1331 366 1368; x_wconf 87' lang='lat' dir='ltr'><em>Aqni</em></span> <span class='ocrx_word' id='word_1_195' title='bbox 386 1339 434 1368; x_wconf 88' lang='lat' dir='ltr'><em>per</em></span> <span class='ocrx_word' id='word_1_196' title='bbox 457 1339 550 1360; x_wconf 89' lang='lat' dir='ltr'><em>veram</em></span> <span class='ocrx_word' id='word_1_197' title='bbox 584 1331 663 1360; x_wconf 87' lang='lat' dir='ltr'><em>fidem</em></span> <span class='ocrx_word' id='word_1_198' title='bbox 696 1334 723 1360; x_wconf 85' lang='lat' dir='ltr'><em>et</em></span> <span class='ocrx_word' id='word_1_199' title='bbox 747 1334 961 1368; x_wconf 80' lang='lat' dir='ltr'><em>compassionem</em></span> 
     </span>
     <span class='ocr_line' id='line_1_31' title="bbox 120 1378 964 1415; baseline 0.001 -9"><span class='ocrx_word' id='word_1_200' title='bbox 120 1380 147 1406; x_wconf 88' lang='lat' dir='ltr'><em>et</em></span> <span class='ocrx_word' id='word_1_201' title='bbox 167 1378 340 1415; x_wconf 83' lang='lat' dir='ltr'><em>frequentem</em></span> <span class='ocrx_word' id='word_1_202' title='bbox 362 1378 513 1407; x_wconf 83' lang='lat' dir='ltr'><em>dominicae</em></span> <span class='ocrx_word' id='word_1_203' title='bbox 534 1378 667 1415; x_wconf 84' lang='lat' dir='ltr'><em>passionis</em></span> <span class='ocrx_word' id='word_1_204' title='bbox 689 1379 867 1413; x_wconf 86' lang='lat' dir='ltr'><em>memoriam,</em></span> <span class='ocrx_word' id='word_1_205' title='bbox 893 1379 964 1407; x_wconf 88' lang='lat' dir='ltr'><em>sicut</em></span> 
     </span>
     <span class='ocr_line' id='line_1_32' title="bbox 119 1424 963 1462; baseline 0.001 -9"><span class='ocrx_word' id='word_1_206' title='bbox 119 1424 235 1453; x_wconf 81' lang='lat' dir='ltr'><em>faciebat</em></span> <span class='ocrx_word' id='word_1_207' title='bbox 256 1425 412 1461; x_wconf 71' lang='lat' dir='ltr'><em>Apostolus,</em></span> <span class='ocrx_word' id='word_1_208' title='bbox 434 1425 482 1462; x_wconf 87' lang='lat' dir='ltr'><em>qui</em></span> <span class='ocrx_word' id='word_1_209' title='bbox 503 1425 625 1454; x_wconf 89' lang='lat' dir='ltr'><em>dicebat:</em></span> <span class='ocrx_word' id='word_1_210' title='bbox 641 1424 706 1453; x_wconf 88' lang='lat' dir='ltr'><em>Non</em></span> <span class='ocrx_word' id='word_1_211' title='bbox 720 1426 795 1453; x_wconf 88' lang='lat' dir='ltr'><em>enim</em></span> <span class='ocrx_word' id='word_1_212' title='bbox 817 1425 963 1460; x_wconf 76' lang='lat' dir='ltr'><em>iudicavi,</em></span> 
     </span>
     <span class='ocr_line' id='line_1_33' title="bbox 119 1471 962 1509; baseline 0 -9"><span class='ocrx_word' id='word_1_213' title='bbox 119 1480 164 1500; x_wconf 89' lang='lat' dir='ltr'><em>me</em></span> <span class='ocrx_word' id='word_1_214' title='bbox 183 1472 259 1500; x_wconf 89' lang='lat' dir='ltr'><em>scire</em></span> <span class='ocrx_word' id='word_1_215' title='bbox 287 1472 400 1509; x_wconf 82' lang='lat' dir='ltr'><em>aliquid</em></span> <span class='ocrx_word' id='word_1_216' title='bbox 421 1472 495 1500; x_wconf 88' lang='lat' dir='ltr'><em>inter</em></span> <span class='ocrx_word' id='word_1_217' title='bbox 523 1480 573 1500; x_wconf 83' lang='lat' dir='ltr'><em>vos</em></span> <span class='ocrx_word' id='word_1_218' title='bbox 599 1472 659 1501; x_wconf 86' lang='lat' dir='ltr'><em>nisi</em></span> <span class='ocrx_word' id='word_1_219' title='bbox 681 1472 775 1500; x_wconf 80' lang='lat' dir='ltr'><em>Iesum</em></span> <span class='ocrx_word' id='word_1_220' title='bbox 798 1471 962 1507; x_wconf 76' lang='lat' dir='ltr'><em>Christum,</em></span> 
     </span>
     <span class='ocr_line' id='line_1_34' title="bbox 119 1517 449 1556; baseline 0.003 -10"><span class='ocrx_word' id='word_1_221' title='bbox 119 1522 144 1547; x_wconf 92' lang='lat' dir='ltr'><em>et</em></span> <span class='ocrx_word' id='word_1_222' title='bbox 165 1517 242 1547; x_wconf 79' lang='lat' dir='ltr'><em>hunc</em></span> <span class='ocrx_word' id='word_1_223' title='bbox 263 1519 449 1556; x_wconf 71' lang='lat' dir='ltr'><em>crucifixum.</em></span> 
     </span>
    </p>

    <p class='ocr_par' dir='ltr' id='par_1_7' title="bbox 117 1566 966 2726">
     <span class='ocr_line' id='line_1_35' title="bbox 199 1566 964 1603; baseline 0.001 -9"><span class='ocrx_word' id='word_1_224' title='bbox 199 1566 280 1600; x_wconf 81' lang='lat' dir='ltr'><em>item,</em></span> <span class='ocrx_word' id='word_1_225' title='bbox 302 1566 423 1595; x_wconf 87' lang='lat' dir='ltr'><em>secundo</em></span> <span class='ocrx_word' id='word_1_226' title='bbox 451 1566 582 1603; x_wconf 82' lang='lat' dir='ltr'><em>sapientia</em></span> <span class='ocrx_word' id='word_1_227' title='bbox 610 1569 652 1595; x_wconf 92' lang='lat' dir='ltr'><em>est</em></span> <span class='ocrx_word' id='word_1_228' title='bbox 679 1566 865 1595; x_wconf 88' lang='lat' dir='ltr'><em>nobilissimus</em></span> <span class='ocrx_word' id='word_1_229' title='bbox 887 1567 964 1595; x_wconf 87' lang='lat' dir='ltr'><em>habi-</em></span> 
     </span>
     <span class='ocr_line' id='line_1_36' title="bbox 120 1613 964 1650; baseline 0 -9"><span class='ocrx_word' id='word_1_230' title='bbox 120 1615 165 1641; x_wconf 91' lang='lat' dir='ltr'><em>tus</em></span> <span class='ocrx_word' id='word_1_231' title='bbox 193 1613 304 1647; x_wconf 90' lang='lat' dir='ltr'><em>mentis,</em></span> <span class='ocrx_word' id='word_1_232' title='bbox 330 1621 386 1650; x_wconf 86' lang='lat' dir='ltr'><em>quo</em></span> <span class='ocrx_word' id='word_1_233' title='bbox 414 1613 593 1642; x_wconf 78' lang='lat' dir='ltr'><em>sublevamur</em></span> <span class='ocrx_word' id='word_1_234' title='bbox 620 1613 654 1641; x_wconf 88' lang='lat' dir='ltr'><em>ad</em></span> <span class='ocrx_word' id='word_1_235' title='bbox 681 1613 892 1650; x_wconf 74' lang='lat' dir='ltr'><em>speculandum</em></span> <span class='ocrx_word' id='word_1_236' title='bbox 913 1622 964 1642; x_wconf 91' lang='lat' dir='ltr'><em>ar-</em></span> 
     </span>
     <span class='ocr_line' id='line_1_37' title="bbox 120 1660 965 1697; baseline 0.001 -9"><span class='ocrx_word' id='word_1_237' title='bbox 120 1667 205 1688; x_wconf 84' lang='lat' dir='ltr'><em>cana.</em></span> <span class='ocrx_word' id='word_1_238' title='bbox 227 1660 335 1688; x_wconf 77' lang='lat' dir='ltr'><em>Dicitur</em></span> <span class='ocrx_word' id='word_1_239' title='bbox 357 1660 383 1688; x_wconf 90' lang='lat' dir='ltr'><em>in</em></span> <span class='ocrx_word' id='word_1_240' title='bbox 405 1660 501 1688; x_wconf 87' lang='lat' dir='ltr'><em>Genesi</em></span> <span class='ocrx_word' id='word_1_241' title='bbox 514 1660 534 1694; x_wconf 68' lang='lat'><em>³,</em></span> <span class='ocrx_word' id='word_1_242' title='bbox 555 1660 627 1697; x_wconf 86' lang='lat' dir='ltr'><em>quod</em></span> <span class='ocrx_word' id='word_1_243' title='bbox 652 1660 794 1688; x_wconf 83' lang='lat' dir='ltr'><em>Dominus</em></span> <span class='ocrx_word' id='word_1_244' title='bbox 815 1660 965 1689; x_wconf 82' lang='lat' dir='ltr'><em>collocavit</em></span> 
     </span>
     <span class='ocr_line' id='line_1_38' title="bbox 120 1706 964 1745; baseline 0.001 -10"><span class='ocrx_word' id='word_1_245' title='bbox 120 1710 186 1735; x_wconf 86' lang='lat' dir='ltr'><em>ante</em></span> <span class='ocrx_word' id='word_1_246' title='bbox 204 1707 385 1744; x_wconf 77' lang='lat' dir='ltr'><em>paradisum</em></span> <span class='ocrx_word' id='word_1_247' title='bbox 406 1706 447 1735; x_wconf 83' lang='lat' dir='ltr'><em>acl</em></span> <span class='ocrx_word' id='word_1_248' title='bbox 467 1707 686 1735; x_wconf 78' lang='lat' dir='ltr'><em>custodiendam</em></span> <span class='ocrx_word' id='word_1_249' title='bbox 701 1707 781 1735; x_wconf 87' lang='lat' dir='ltr'><em>viam</em></span> <span class='ocrx_word' id='word_1_250' title='bbox 796 1707 870 1745; x_wconf 81' lang='lat' dir='ltr'><em>liqni</em></span> <span class='ocrx_word' id='word_1_251' title='bbox 887 1708 964 1736; x_wconf 85' lang='lat' dir='ltr'><em>vitae</em></span> 
     </span>
     <span class='ocr_line' id='line_1_39' title="bbox 122 1752 964 1791; baseline -0.001 -9"><span class='ocrx_word' id='word_1_252' title='bbox 122 1752 274 1782; x_wconf 73' lang='lat' dir='ltr'><em>Cherubim</em></span> <span class='ocrx_word' id='word_1_253' title='bbox 297 1758 322 1782; x_wconf 89' lang='lat' dir='ltr'><em>et</em></span> <span class='ocrx_word' id='word_1_254' title='bbox 341 1753 510 1790; x_wconf 74' lang='lat' dir='ltr'><em>flammeum</em></span> <span class='ocrx_word' id='word_1_255' title='bbox 530 1753 673 1791; x_wconf 78' lang='lat' dir='ltr'><em>qladium.</em></span> <span class='ocrx_word' id='word_1_256' title='bbox 689 1770 728 1773; x_wconf 89' lang='lat'>—</span> <span class='ocrx_word' id='word_1_257' title='bbox 743 1754 792 1782; x_wconf 85' lang='lat' dir='ltr'><em>Per</em></span> <span class='ocrx_word' id='word_1_258' title='bbox 810 1752 964 1782; x_wconf 73' lang='lat' dir='ltr'><em>Cherubim</em></span> 
     </span>
     <span class='ocr_line' id='line_1_40' title="bbox 119 1800 964 1837; baseline -0.001 -8"><span class='ocrx_word' id='word_1_259' title='bbox 119 1800 282 1837; x_wconf 84' lang='lat' dir='ltr'><em>intelligitur</em></span> <span class='ocrx_word' id='word_1_260' title='bbox 297 1800 410 1829; x_wconf 87' lang='lat' dir='ltr'><em>scientia</em></span> <span class='ocrx_word' id='word_1_261' title='bbox 421 1804 448 1829; x_wconf 85' lang='lat' dir='ltr'><em>et</em></span> <span class='ocrx_word' id='word_1_262' title='bbox 459 1800 578 1837; x_wconf 82' lang='lat' dir='ltr'><em>cognitio</em></span> <span class='ocrx_word' id='word_1_263' title='bbox 593 1801 761 1837; x_wconf 79' lang='lat' dir='ltr'><em>scripturae,</em></span> <span class='ocrx_word' id='word_1_264' title='bbox 777 1804 803 1829; x_wconf 91' lang='lat' dir='ltr'><em>et</em></span> <span class='ocrx_word' id='word_1_265' title='bbox 818 1808 867 1837; x_wconf 87' lang='lat' dir='ltr'><em>per</em></span> <span class='ocrx_word' id='word_1_266' title='bbox 878 1800 964 1836; x_wconf 79' lang='lat' dir='ltr'><em>flam-</em></span> 
     </span>
     <span class='ocr_line' id='line_1_41' title="bbox 119 1846 964 1884; baseline 0 -9"><span class='ocrx_word' id='word_1_267' title='bbox 119 1854 215 1875; x_wconf 87' lang='lat' dir='ltr'><em>meum</em></span> <span class='ocrx_word' id='word_1_268' title='bbox 234 1846 369 1884; x_wconf 82' lang='lat' dir='ltr'><em>qlaclium</em></span> <span class='ocrx_word' id='word_1_269' title='bbox 392 1847 554 1884; x_wconf 80' lang='lat' dir='ltr'><em>intelligitur</em></span> <span class='ocrx_word' id='word_1_270' title='bbox 576 1847 651 1876; x_wconf 88' lang='lat' dir='ltr'><em>zelus</em></span> <span class='ocrx_word' id='word_1_271' title='bbox 673 1847 758 1884; x_wconf 83' lang='lat' dir='ltr'><em>Legis.</em></span> <span class='ocrx_word' id='word_1_272' title='bbox 782 1847 812 1875; x_wconf 91' lang='lat' dir='ltr'><em>Et</em></span> <span class='ocrx_word' id='word_1_273' title='bbox 830 1847 882 1875; x_wconf 87' lang='lat' dir='ltr'><em>ista</em></span> <span class='ocrx_word' id='word_1_274' title='bbox 909 1847 964 1876; x_wconf 91' lang='lat' dir='ltr'><em>duo</em></span> 
     </span>
     <span class='ocr_line' id='line_1_42' title="bbox 119 1892 964 1930; baseline 0.001 -9"><span class='ocrx_word' id='word_1_275' title='bbox 119 1892 233 1922; x_wconf 85' lang='lat' dir='ltr'><em>fuerunt</em></span> <span class='ocrx_word' id='word_1_276' title='bbox 247 1894 273 1922; x_wconf 90' lang='lat' dir='ltr'><em>in</em></span> <span class='ocrx_word' id='word_1_277' title='bbox 290 1901 381 1928; x_wconf 88' lang='lat' dir='ltr'><em>cruce,</em></span> <span class='ocrx_word' id='word_1_278' title='bbox 397 1894 462 1930; x_wconf 88' lang='lat' dir='ltr'><em>quia</em></span> <span class='ocrx_word' id='word_1_279' title='bbox 476 1902 525 1930; x_wconf 85' lang='lat' dir='ltr'><em>per</em></span> <span class='ocrx_word' id='word_1_280' title='bbox 548 1894 701 1930; x_wconf 85' lang='lat' dir='ltr'><em>passionem</em></span> <span class='ocrx_word' id='word_1_281' title='bbox 717 1893 818 1922; x_wconf 87' lang='lat' dir='ltr'><em>Christi</em></span> <span class='ocrx_word' id='word_1_282' title='bbox 838 1894 864 1922; x_wconf 92' lang='lat' dir='ltr'><em>in</em></span> <span class='ocrx_word' id='word_1_283' title='bbox 881 1902 964 1923; x_wconf 87' lang='lat' dir='ltr'><em>cruce</em></span> 
     </span>
     <span class='ocr_line' id='line_1_43' title="bbox 120 1940 965 1977; baseline 0 -9"><span class='ocrx_word' id='word_1_284' title='bbox 120 1943 241 1968; x_wconf 87' lang='lat' dir='ltr'><em>reserata</em></span> <span class='ocrx_word' id='word_1_285' title='bbox 262 1943 327 1969; x_wconf 89' lang='lat' dir='ltr'><em>sunt</em></span> <span class='ocrx_word' id='word_1_286' title='bbox 358 1940 480 1975; x_wconf 79' lang='lat' dir='ltr'><em>occulta3</em></span> <span class='ocrx_word' id='word_1_287' title='bbox 509 1940 582 1969; x_wconf 87' lang='lat' dir='ltr'><em>unde</em></span> <span class='ocrx_word' id='word_1_288' title='bbox 610 1943 637 1969; x_wconf 89' lang='lat' dir='ltr'><em>et</em></span> <span class='ocrx_word' id='word_1_289' title='bbox 665 1944 731 1969; x_wconf 87' lang='lat' dir='ltr'><em>tunc</em></span> <span class='ocrx_word' id='word_1_290' title='bbox 752 1941 847 1969; x_wconf 81' lang='lat' dir='ltr'><em>velum</em></span> <span class='ocrx_word' id='word_1_291' title='bbox 869 1940 965 1977; x_wconf 84' lang='lat' dir='ltr'><em>templi</em></span> 
     </span>
     <span class='ocr_line' id='line_1_44' title="bbox 118 1987 962 2024; baseline 0 -10"><span class='ocrx_word' id='word_1_292' title='bbox 118 1987 244 2015; x_wconf 83' lang='lat' dir='ltr'><em>scissum</em></span> <span class='ocrx_word' id='word_1_293' title='bbox 258 1991 299 2016; x_wconf 87' lang='lat' dir='ltr'><em>est</em></span> <span class='ocrx_word' id='word_1_294' title='bbox 313 1988 344 2016; x_wconf 91' lang='lat' dir='ltr'><em>in</em></span> <span class='ocrx_word' id='word_1_295' title='bbox 360 1988 428 2021; x_wconf 82' lang='lat' dir='ltr'><em>(luo,</em></span> <span class='ocrx_word' id='word_1_296' title='bbox 444 1988 595 2016; x_wconf 89' lang='lat' dir='ltr'><em>secundum</em></span> <span class='ocrx_word' id='word_1_297' title='bbox 611 1987 684 2024; x_wconf 89' lang='lat' dir='ltr'><em>quod</em></span> <span class='ocrx_word' id='word_1_298' title='bbox 699 1987 800 2016; x_wconf 88' lang='lat' dir='ltr'><em>dicitur</em></span> <span class='ocrx_word' id='word_1_299' title='bbox 816 1987 843 2016; x_wconf 90' lang='lat' dir='ltr'><em>in</em></span> <span class='ocrx_word' id='word_1_300' title='bbox 864 1988 962 2015; x_wconf 86' lang='lat' dir='ltr'><em>Marco.</em></span> 
     </span>
     <span class='ocr_line' id='line_1_45' title="bbox 121 2034 964 2072; baseline -0.001 -9"><span class='ocrx_word' id='word_1_301' title='bbox 121 2034 152 2063; x_wconf 89' lang='lat' dir='ltr'><em>Et</em></span> <span class='ocrx_word' id='word_1_302' title='bbox 172 2037 283 2072; x_wconf 87' lang='lat' dir='ltr'><em>peccata</em></span> <span class='ocrx_word' id='word_1_303' title='bbox 304 2035 386 2063; x_wconf 85' lang='lat' dir='ltr'><em>etiam</em></span> <span class='ocrx_word' id='word_1_304' title='bbox 407 2037 501 2063; x_wconf 87' lang='lat' dir='ltr'><em>nostra</em></span> <span class='ocrx_word' id='word_1_305' title='bbox 522 2037 587 2063; x_wconf 89' lang='lat' dir='ltr'><em>sunt</em></span> <span class='ocrx_word' id='word_1_306' title='bbox 608 2037 737 2071; x_wconf 85' lang='lat' dir='ltr'><em>purgata,</em></span> <span class='ocrx_word' id='word_1_307' title='bbox 759 2034 786 2062; x_wconf 92' lang='lat' dir='ltr'><em>in</em></span> <span class='ocrx_word' id='word_1_308' title='bbox 808 2042 864 2071; x_wconf 84' lang='lat' dir='ltr'><em>quo</em></span> <span class='ocrx_word' id='word_1_309' title='bbox 885 2034 964 2062; x_wconf 88' lang='lat' dir='ltr'><em>intel-</em></span> 
     </span>
     <span class='ocr_line' id='line_1_46' title="bbox 120 2080 964 2119; baseline -0.002 -9"><span class='ocrx_word' id='word_1_310' title='bbox 120 2081 215 2119; x_wconf 82' lang='lat' dir='ltr'><em>ligitur</em></span> <span class='ocrx_word' id='word_1_311' title='bbox 238 2082 313 2110; x_wconf 89' lang='lat' dir='ltr'><em>zelus</em></span> <span class='ocrx_word' id='word_1_312' title='bbox 344 2081 436 2118; x_wconf 87' lang='lat' dir='ltr'><em>Legis;</em></span> <span class='ocrx_word' id='word_1_313' title='bbox 458 2081 518 2110; x_wconf 90' lang='lat' dir='ltr'><em>ideo</em></span> <span class='ocrx_word' id='word_1_314' title='bbox 545 2081 647 2110; x_wconf 89' lang='lat' dir='ltr'><em>dicitur</em></span> <span class='ocrx_word' id='word_1_315' title='bbox 668 2081 696 2109; x_wconf 91' lang='lat' dir='ltr'><em>in</em></span> <span class='ocrx_word' id='word_1_316' title='bbox 717 2080 891 2117; x_wconf 78' lang='lat' dir='ltr'><em>Apocalypsi:</em></span> <span class='ocrx_word' id='word_1_317' title='bbox 916 2080 964 2108; x_wconf 86' lang='lat' dir='ltr'><em>Di-</em></span> 
     </span>
     <span class='ocr_line' id='line_1_47' title="bbox 119 2127 964 2166; baseline -0.001 -10"><span class='ocrx_word' id='word_1_318' title='bbox 119 2137 197 2166; x_wconf 87' lang='lat' dir='ltr'><em>qnus</em></span> <span class='ocrx_word' id='word_1_319' title='bbox 218 2137 263 2162; x_wconf 87' lang='lat' dir='ltr'><em>es,</em></span> <span class='ocrx_word' id='word_1_320' title='bbox 288 2129 422 2162; x_wconf 82' lang='lat' dir='ltr'><em>Domine,</em></span> <span class='ocrx_word' id='word_1_321' title='bbox 444 2128 574 2165; x_wconf 86' lang='lat' dir='ltr'><em>accipere</em></span> <span class='ocrx_word' id='word_1_322' title='bbox 596 2127 703 2156; x_wconf 87' lang='lat' dir='ltr'><em>librum</em></span> <span class='ocrx_word' id='word_1_323' title='bbox 731 2131 755 2156; x_wconf 88' lang='lat' dir='ltr'><em>et</em></span> <span class='ocrx_word' id='word_1_324' title='bbox 783 2127 899 2164; x_wconf 82' lang='lat' dir='ltr'><em>aperire</em></span> <span class='ocrx_word' id='word_1_325' title='bbox 922 2135 964 2155; x_wconf 86' lang='lat' dir='ltr'><em>se-</em></span> 
     </span>
     <span class='ocr_line' id='line_1_48' title="bbox 117 2174 965 2213; baseline -0.002 -10"><span class='ocrx_word' id='word_1_326' title='bbox 117 2179 192 2212; x_wconf 85' lang='lat' dir='ltr'><em>ptem</em></span> <span class='ocrx_word' id='word_1_327' title='bbox 215 2175 372 2213; x_wconf 88' lang='lat' dir='ltr'><em>siqnacula</em></span> <span class='ocrx_word' id='word_1_328' title='bbox 386 2175 458 2209; x_wconf 87' lang='lat' dir='ltr'><em>eius,</em></span> <span class='ocrx_word' id='word_1_329' title='bbox 473 2175 614 2213; x_wconf 83' lang='lat' dir='ltr'><em>quoniam</em></span> <span class='ocrx_word' id='word_1_330' title='bbox 628 2174 741 2203; x_wconf 82' lang='lat' dir='ltr'><em>occisus</em></span> <span class='ocrx_word' id='word_1_331' title='bbox 755 2182 783 2202; x_wconf 86' lang='lat' dir='ltr'><em>es</em></span> <span class='ocrx_word' id='word_1_332' title='bbox 804 2178 829 2202; x_wconf 85' lang='lat' dir='ltr'><em>et</em></span> <span class='ocrx_word' id='word_1_333' title='bbox 843 2174 965 2202; x_wconf 78' lang='lat' dir='ltr'><em>redemi-</em></span> 
     </span>
     <span class='ocr_line' id='line_1_49' title="bbox 120 2221 962 2259; baseline -0.002 -9"><span class='ocrx_word' id='word_1_334' title='bbox 120 2222 159 2250; x_wconf 85' lang='lat' dir='ltr'><em>sti</em></span> <span class='ocrx_word' id='word_1_335' title='bbox 178 2230 231 2250; x_wconf 81' lang='lat' dir='ltr'><em>nos</em></span> <span class='ocrx_word' id='word_1_336' title='bbox 254 2222 309 2251; x_wconf 91' lang='lat' dir='ltr'><em>Deo</em></span> <span class='ocrx_word' id='word_1_337' title='bbox 331 2222 361 2250; x_wconf 86' lang='lat' dir='ltr'><em>in</em></span> <span class='ocrx_word' id='word_1_338' title='bbox 389 2222 534 2259; x_wconf 83' lang='lat' dir='ltr'><em>sanquine</em></span> <span class='ocrx_word' id='word_1_339' title='bbox 556 2226 604 2250; x_wconf 83' lang='lat' dir='ltr'><em>tuo</em></span> <span class='ocrx_word' id='word_1_340' title='bbox 630 2225 680 2250; x_wconf 81' lang='lat' dir='ltr'><em>etc.</em></span> <span class='ocrx_word' id='word_1_341' title='bbox 705 2237 744 2241; x_wconf 87' lang='lat'>—</span> <span class='ocrx_word' id='word_1_342' title='bbox 768 2222 870 2258; x_wconf 82' lang='lat' dir='ltr'><em>Aqnus</em></span> <span class='ocrx_word' id='word_1_343' title='bbox 891 2221 962 2249; x_wconf 87' lang='lat' dir='ltr'><em>enim</em></span> 
     </span>
     <span class='ocr_line' id='line_1_50' title="bbox 121 2269 965 2305; baseline -0.001 -8"><span class='ocrx_word' id='word_1_344' title='bbox 121 2269 234 2298; x_wconf 84' lang='lat' dir='ltr'><em>occisus</em></span> <span class='ocrx_word' id='word_1_345' title='bbox 254 2269 280 2297; x_wconf 92' lang='lat' dir='ltr'><em>in</em></span> <span class='ocrx_word' id='word_1_346' title='bbox 297 2277 380 2298; x_wconf 88' lang='lat' dir='ltr'><em>cruce</em></span> <span class='ocrx_word' id='word_1_347' title='bbox 395 2269 529 2298; x_wconf 88' lang='lat' dir='ltr'><em>reseravit</em></span> <span class='ocrx_word' id='word_1_348' title='bbox 543 2269 651 2298; x_wconf 89' lang='lat' dir='ltr'><em>occulta</em></span> <span class='ocrx_word' id='word_1_349' title='bbox 673 2269 880 2305; x_wconf 87' lang='lat' dir='ltr'><em>Scripturarum</em></span> <span class='ocrx_word' id='word_1_350' title='bbox 906 2276 965 2304; x_wconf 91' lang='lat' dir='ltr'><em>my-</em></span> 
     </span>
     <span class='ocr_line' id='line_1_51' title="bbox 121 2315 965 2348; baseline -0.001 -4"><span class='ocrx_word' id='word_1_351' title='bbox 121 2316 212 2345; x_wconf 90' lang='lat' dir='ltr'><em>steria.</em></span> <span class='ocrx_word' id='word_1_352' title='bbox 234 2316 309 2345; x_wconf 87' lang='lat' dir='ltr'><em>Unde</em></span> <span class='ocrx_word' id='word_1_353' title='bbox 330 2320 357 2345; x_wconf 92' lang='lat' dir='ltr'><em>et</em></span> <span class='ocrx_word' id='word_1_354' title='bbox 378 2324 450 2345; x_wconf 80' lang='lat' dir='ltr'><em>crux</em></span> <span class='ocrx_word' id='word_1_355' title='bbox 472 2316 506 2344; x_wconf 91' lang='lat' dir='ltr'><em>ab</em></span> <span class='ocrx_word' id='word_1_356' title='bbox 528 2316 595 2344; x_wconf 88' lang='lat' dir='ltr'><em>Isaia</em></span> <span class='ocrx_word' id='word_1_357' title='bbox 616 2315 717 2344; x_wconf 87' lang='lat' dir='ltr'><em>dicitur</em></span> <span class='ocrx_word' id='word_1_358' title='bbox 739 2315 829 2343; x_wconf 80' lang='lat' dir='ltr'><em>clavis</em></span> <span class='ocrx_word' id='word_1_359' title='bbox 850 2315 965 2348; x_wconf 80' lang='lat' dir='ltr'><em>David,-</em></span> 
     </span>
     <span class='ocr_line' id='line_1_52' title="bbox 121 2362 965 2400; baseline -0.002 -8"><span class='ocrx_word' id='word_1_360' title='bbox 121 2363 204 2392; x_wconf 83' lang='lat' dir='ltr'><em>Isaiae</em></span> <span class='ocrx_word' id='word_1_361' title='bbox 225 2363 357 2400; x_wconf 86' lang='lat' dir='ltr'><em>vigesimo</em></span> <span class='ocrx_word' id='word_1_362' title='bbox 378 2362 536 2392; x_wconf 35' lang='lat' dir='ltr'><em>secundo&amp;</em></span> <span class='ocrx_word' id='word_1_363' title='bbox 560 2363 595 2391; x_wconf 89' lang='lat' dir='ltr'><em>Et</em></span> <span class='ocrx_word' id='word_1_364' title='bbox 619 2362 693 2390; x_wconf 73' lang='lat' dir='ltr'><em>(labo</em></span> <span class='ocrx_word' id='word_1_365' title='bbox 725 2362 833 2390; x_wconf 79' lang='lat' dir='ltr'><em>clavem</em></span> <span class='ocrx_word' id='word_1_366' title='bbox 861 2362 965 2390; x_wconf 81' lang='lat' dir='ltr'><em>domus</em></span> 
     </span>
     <span class='ocr_line' id='line_1_53' title="bbox 124 2408 966 2447; baseline -0.002 -9"><span class='ocrx_word' id='word_1_367' title='bbox 124 2410 218 2438; x_wconf 77' lang='lat' dir='ltr'><em>David</em></span> <span class='ocrx_word' id='word_1_368' title='bbox 232 2418 320 2447; x_wconf 86' lang='lat' dir='ltr'><em>super</em></span> <span class='ocrx_word' id='word_1_369' title='bbox 335 2409 490 2438; x_wconf 75' lang='lat' dir='ltr'><em>humerum</em></span> <span class='ocrx_word' id='word_1_370' title='bbox 512 2410 590 2443; x_wconf 84' lang='lat' dir='ltr'><em>eius,</em></span> <span class='ocrx_word' id='word_1_371' title='bbox 606 2413 632 2437; x_wconf 87' lang='lat' dir='ltr'><em>et</em></span> <span class='ocrx_word' id='word_1_372' title='bbox 646 2408 768 2445; x_wconf 81' lang='lat' dir='ltr'><em>aperiet,</em></span> <span class='ocrx_word' id='word_1_373' title='bbox 787 2412 812 2436; x_wconf 84' lang='lat' dir='ltr'><em>et</em></span> <span class='ocrx_word' id='word_1_374' title='bbox 831 2417 889 2437; x_wconf 90' lang='lat' dir='ltr'><em>non</em></span> <span class='ocrx_word' id='word_1_375' title='bbox 911 2409 966 2437; x_wconf 87' lang='lat' dir='ltr'><em>erit</em></span> 
     </span>
     <span class='ocr_line' id='line_1_54' title="bbox 121 2455 965 2495; baseline -0.004 -10"><span class='ocrx_word' id='word_1_376' title='bbox 121 2457 173 2495; x_wconf 80' lang='lat' dir='ltr'><em>qui</em></span> <span class='ocrx_word' id='word_1_377' title='bbox 193 2456 331 2489; x_wconf 52' lang='lat' dir='ltr'><em>claudam</em></span> <span class='ocrx_word' id='word_1_378' title='bbox 352 2460 376 2484; x_wconf 93' lang='lat' dir='ltr'><em>et</em></span> <span class='ocrx_word' id='word_1_379' title='bbox 398 2456 524 2490; x_wconf 82' lang='lat' dir='ltr'><em>claudet,</em></span> <span class='ocrx_word' id='word_1_380' title='bbox 547 2460 572 2484; x_wconf 89' lang='lat' dir='ltr'><em>et</em></span> <span class='ocrx_word' id='word_1_381' title='bbox 592 2458 650 2483; x_wconf 86' lang='lat' dir='ltr'><em>non</em></span> <span class='ocrx_word' id='word_1_382' title='bbox 671 2455 725 2483; x_wconf 85' lang='lat' dir='ltr'><em>erit</em></span> <span class='ocrx_word' id='word_1_383' title='bbox 750 2455 801 2492; x_wconf 85' lang='lat' dir='ltr'><em>qui</em></span> <span class='ocrx_word' id='word_1_384' title='bbox 832 2455 965 2491; x_wconf 87' lang='lat' dir='ltr'><em>aperiat;</em></span> 
     </span>
     <span class='ocr_line' id='line_1_55' title="bbox 122 2501 966 2540; baseline -0.004 -8"><span class='ocrx_word' id='word_1_385' title='bbox 122 2507 148 2532; x_wconf 90' lang='lat' dir='ltr'><em>et</em></span> <span class='ocrx_word' id='word_1_386' title='bbox 170 2504 221 2532; x_wconf 91' lang='lat' dir='ltr'><em>hoc</em></span> <span class='ocrx_word' id='word_1_387' title='bbox 242 2507 298 2532; x_wconf 86' lang='lat' dir='ltr'><em>est:</em></span> <span class='ocrx_word' id='word_1_388' title='bbox 322 2511 370 2540; x_wconf 90' lang='lat' dir='ltr'><em>per</em></span> <span class='ocrx_word' id='word_1_389' title='bbox 392 2504 478 2540; x_wconf 86' lang='lat' dir='ltr'><em>ipsam</em></span> <span class='ocrx_word' id='word_1_390' title='bbox 501 2503 622 2531; x_wconf 88' lang='lat' dir='ltr'><em>intratur</em></span> <span class='ocrx_word' id='word_1_391' title='bbox 643 2502 676 2530; x_wconf 90' lang='lat' dir='ltr'><em>ad</em></span> <span class='ocrx_word' id='word_1_392' title='bbox 702 2501 838 2538; x_wconf 84' lang='lat' dir='ltr'><em>profunda</em></span> <span class='ocrx_word' id='word_1_393' title='bbox 866 2504 966 2538; x_wconf 88' lang='lat' dir='ltr'><em>myste-</em></span> 
     </span>
     <span class='ocr_line' id='line_1_56' title="bbox 123 2547 965 2585; baseline -0.004 -7"><span class='ocrx_word' id='word_1_394' title='bbox 123 2550 229 2579; x_wconf 90' lang='lat' dir='ltr'><em>riorum</em></span> <span class='ocrx_word' id='word_1_395' title='bbox 244 2550 301 2579; x_wconf 91' lang='lat' dir='ltr'><em>Dei.</em></span> <span class='ocrx_word' id='word_1_396' title='bbox 318 2550 427 2584; x_wconf 85' lang='lat' dir='ltr'><em>Videte,</em></span> <span class='ocrx_word' id='word_1_397' title='bbox 450 2550 562 2578; x_wconf 88' lang='lat' dir='ltr'><em>loannes</em></span> <span class='ocrx_word' id='word_1_398' title='bbox 585 2548 755 2585; x_wconf 84' lang='lat' dir='ltr'><em>Evangelista</em></span> <span class='ocrx_word' id='word_1_399' title='bbox 776 2548 828 2576; x_wconf 87' lang='lat' dir='ltr'><em>fuit</em></span> <span class='ocrx_word' id='word_1_400' title='bbox 843 2547 965 2584; x_wconf 88' lang='lat' dir='ltr'><em>repletus</em></span> 
     </span>
     <span class='ocr_line' id='line_1_57' title="bbox 123 2594 965 2633; baseline -0.005 -8"><span class='ocrx_word' id='word_1_401' title='bbox 123 2596 262 2633; x_wconf 85' lang='lat' dir='ltr'><em>sapientia.</em></span> <span class='ocrx_word' id='word_1_402' title='bbox 285 2597 398 2633; x_wconf 80' lang='lat' dir='ltr'><em>Quare?</em></span> <span class='ocrx_word' id='word_1_403' title='bbox 430 2596 499 2632; x_wconf 86' lang='lat' dir='ltr'><em>Quia</em></span> <span class='ocrx_word' id='word_1_404' title='bbox 529 2595 627 2623; x_wconf 83' lang='lat' dir='ltr'><em>stabat</em></span> <span class='ocrx_word' id='word_1_405' title='bbox 654 2594 739 2622; x_wconf 71' lang='lat' dir='ltr'><em>iuxta</em></span> <span class='ocrx_word' id='word_1_406' title='bbox 764 2602 879 2622; x_wconf 85' lang='lat' dir='ltr'><em>crucem</em></span> <span class='ocrx_word' id='word_1_407' title='bbox 900 2594 965 2622; x_wconf 83' lang='lat' dir='ltr'><em>Iesu</em></span> 
     </span>
     <span class='ocr_line' id='line_1_58' title="bbox 122 2640 966 2677; baseline -0.005 -5"><span class='ocrx_word' id='word_1_408' title='bbox 122 2651 188 2671; x_wconf 86' lang='lat' dir='ltr'><em>cum</em></span> <span class='ocrx_word' id='word_1_409' title='bbox 205 2643 312 2677; x_wconf 86' lang='lat' dir='ltr'><em>Maria,</em></span> <span class='ocrx_word' id='word_1_410' title='bbox 335 2643 427 2671; x_wconf 87' lang='lat' dir='ltr'><em>Matre</em></span> <span class='ocrx_word' id='word_1_411' title='bbox 448 2643 518 2671; x_wconf 84' lang='lat' dir='ltr'><em>eius.</em></span> <span class='ocrx_word' id='word_1_412' title='bbox 536 2642 566 2670; x_wconf 89' lang='lat' dir='ltr'><em>Et</em></span> <span class='ocrx_word' id='word_1_413' title='bbox 581 2649 630 2669; x_wconf 91' lang='lat' dir='ltr'><em>nos</em></span> <span class='ocrx_word' id='word_1_414' title='bbox 651 2641 785 2674; x_wconf 88' lang='lat' dir='ltr'><em>similiter,</em></span> <span class='ocrx_word' id='word_1_415' title='bbox 801 2640 821 2669; x_wconf 90' lang='lat' dir='ltr'><em>si</em></span> <span class='ocrx_word' id='word_1_416' title='bbox 838 2640 966 2668; x_wconf 88' lang='lat' dir='ltr'><em>volumus</em></span> 
     </span>
     <span class='ocr_line' id='line_1_59' title="bbox 123 2689 964 2726; baseline -0.005 -7"><span class='ocrx_word' id='word_1_417' title='bbox 123 2690 156 2719; x_wconf 85' lang='lat' dir='ltr'><em>ad</em></span> <span class='ocrx_word' id='word_1_418' title='bbox 177 2698 277 2719; x_wconf 88' lang='lat' dir='ltr'><em>arcana</em></span> <span class='ocrx_word' id='word_1_419' title='bbox 298 2689 446 2726; x_wconf 85' lang='lat' dir='ltr'><em>sapientiae</em></span> <span class='ocrx_word' id='word_1_420' title='bbox 467 2689 617 2725; x_wconf 84' lang='lat' dir='ltr'><em>attingere,</em></span> <span class='ocrx_word' id='word_1_421' title='bbox 638 2690 761 2724; x_wconf 89' lang='lat' dir='ltr'><em>oportet,</em></span> <span class='ocrx_word' id='word_1_422' title='bbox 784 2695 833 2715; x_wconf 89' lang='lat' dir='ltr'><em>nos</em></span> <span class='ocrx_word' id='word_1_423' title='bbox 854 2694 964 2715; x_wconf 85' lang='lat' dir='ltr'><em>crucem</em></span> 
     </span>
    </p>
   </div>
   <div class='ocr_carea' id='block_1_7' title="bbox 186 2852 968 2998">
    <p class='ocr_par' dir='ltr' id='par_1_8' title="bbox 187 2852 770 2883">
     <span class='ocr_line' id='line_1_60' title="bbox 187 2852 770 2883; baseline -0.005 -6"><span class='ocrx_word' id='word_1_424' title='bbox 187 2854 194 2867; x_wconf 89' lang='lat'>¹</span> <span class='ocrx_word' id='word_1_425' title='bbox 213 2856 268 2883; x_wconf 79' lang='lat' dir='ltr'><em>Epli.</em></span> <span class='ocrx_word' id='word_1_426' title='bbox 287 2855 312 2883; x_wconf 78' lang='lat'><em>3,</em></span> <span class='ocrx_word' id='word_1_427' title='bbox 334 2855 367 2876; x_wconf 86' lang='grc'><em>18.</em></span> <span class='ocrx_word' id='word_1_428' title='bbox 385 2860 446 2883; x_wconf 84' lang='lat' dir='ltr'><em>seq.;</em></span> <span class='ocrx_word' id='word_1_429' title='bbox 465 2854 568 2882; x_wconf 86' lang='lat' dir='ltr'><em>sequitur</em></span> <span class='ocrx_word' id='word_1_430' title='bbox 585 2854 656 2881; x_wconf 81' lang='lat' dir='ltr'><em>Apoc.</em></span> <span class='ocrx_word' id='word_1_431' title='bbox 673 2854 715 2879; x_wconf 88' lang='grc'><em>22,</em></span> <span class='ocrx_word' id='word_1_432' title='bbox 737 2852 770 2875; x_wconf 77' lang='lat' dir='ltr'><em>it.</em></span> 
     </span>
    </p>

    <p class='ocr_par' dir='ltr' id='par_1_9' title="bbox 186 2891 821 2921">
     <span class='ocr_line' id='line_1_61' title="bbox 186 2891 821 2921; baseline -0.005 -5"><span class='ocrx_word' id='word_1_433' title='bbox 186 2892 195 2906; x_wconf 76' lang='lat'><strong>²</strong></span> <span class='ocrx_word' id='word_1_434' title='bbox 213 2893 341 2921; x_wconf 83' lang='lat' dir='ltr'><em>Respicitur</em></span> <span class='ocrx_word' id='word_1_435' title='bbox 359 2894 413 2915; x_wconf 89' lang='lat' dir='ltr'><em>Lev.</em></span> <span class='ocrx_word' id='word_1_436' title='bbox 432 2893 458 2919; x_wconf 82' lang='lat'><em>4,</em></span> <span class='ocrx_word' id='word_1_437' title='bbox 479 2893 517 2921; x_wconf 72' lang='lat'><em>¹7?</em></span> <span class='ocrx_word' id='word_1_438' title='bbox 535 2892 638 2920; x_wconf 85' lang='lat' dir='ltr'><em>sequitur</em></span> <span class='ocrx_word' id='word_1_439' title='bbox 656 2892 669 2913; x_wconf 95' lang='grc'><em>1.</em></span> <span class='ocrx_word' id='word_1_440' title='bbox 687 2891 739 2913; x_wconf 87' lang='lat' dir='ltr'><em>Cor.</em></span> <span class='ocrx_word' id='word_1_441' title='bbox 756 2892 783 2918; x_wconf 78' lang='grc'><em>2,</em></span> <span class='ocrx_word' id='word_1_442' title='bbox 801 2892 821 2913; x_wconf 87' lang='grc'><em>2,</em></span> 
     </span>
    </p>

    <p class='ocr_par' dir='ltr' id='par_1_10' title="bbox 187 2930 968 2998">
     <span class='ocr_line' id='line_1_62' title="bbox 187 2930 968 2960; baseline -0.005 -5"><span class='ocrx_word' id='word_1_443' title='bbox 187 2932 195 2945; x_wconf 77' lang='lat'>³</span> <span class='ocrx_word' id='word_1_444' title='bbox 213 2932 269 2960; x_wconf 85' lang='lat' dir='ltr'><em>Cap.</em></span> <span class='ocrx_word' id='word_1_445' title='bbox 281 2932 303 2959; x_wconf 85' lang='lat'><em>3,</em></span> <span class='ocrx_word' id='word_1_446' title='bbox 316 2932 353 2954; x_wconf 84' lang='grc'><em>23.</em></span> <span class='ocrx_word' id='word_1_447' title='bbox 366 2931 646 2960; x_wconf 69' lang='lat' dir='ltr'><em>set1.;sequuntu1*lllarc.</em></span> <span class='ocrx_word' id='word_1_448' title='bbox 663 2930 696 2957; x_wconf 76' lang='lat'><em>15,</em></span> <span class='ocrx_word' id='word_1_449' title='bbox 709 2930 746 2952; x_wconf 83' lang='lat'><em>38.</em></span> <span class='ocrx_word' id='word_1_450' title='bbox 758 2934 779 2952; x_wconf 81' lang='grc'><em>01</em></span> <span class='ocrx_word' id='word_1_451' title='bbox 791 2930 863 2957; x_wconf 63' lang='lat' dir='ltr'><em>apoc.</em></span> <span class='ocrx_word' id='word_1_452' title='bbox 877 2930 898 2956; x_wconf 84' lang='lat'><em>5,</em></span> <span class='ocrx_word' id='word_1_453' title='bbox 912 2930 932 2951; x_wconf 83' lang='lat'><em>5.</em></span> <span class='ocrx_word' id='word_1_454' title='bbox 946 2930 968 2951; x_wconf 79' lang='lat'><em>9.</em></span> 
     </span>
     <span class='ocr_line' id='line_1_63' title="bbox 187 2970 771 2998; baseline -0.003 -4"><span class='ocrx_word' id='word_1_455' title='bbox 187 2971 196 2984; x_wconf 87' lang='lat'><strong>⁴</strong></span> <span class='ocrx_word' id='word_1_456' title='bbox 214 2972 279 2994; x_wconf 77' lang='lat' dir='ltr'><em>Vers.</em></span> <span class='ocrx_word' id='word_1_457' title='bbox 297 2972 338 2998; x_wconf 74' lang='lat'><em>223</em></span> <span class='ocrx_word' id='word_1_458' title='bbox 356 2971 440 2993; x_wconf 80' lang='lat' dir='ltr'><em>deinde</em></span> <span class='ocrx_word' id='word_1_459' title='bbox 457 2970 578 2998; x_wconf 85' lang='lat' dir='ltr'><em>respicitur</em></span> <span class='ocrx_word' id='word_1_460' title='bbox 596 2971 655 2992; x_wconf 82' lang='lat' dir='ltr'><em>ioan.</em></span> <span class='ocrx_word' id='word_1_461' title='bbox 675 2970 715 2997; x_wconf 49' lang='grc' dir='ltr'><em>Ἰ19,</em></span> <span class='ocrx_word' id='word_1_462' title='bbox 734 2970 771 2992; x_wconf 82' lang='grc'><em>25.</em></span> 
     </span>
    </p>
   </div>
   <div class='ocr_carea' id='block_1_8' title="bbox 990 365 996 2717">
    <p class='ocr_par' dir='ltr' id='par_1_11' title="bbox 990 365 996 2717">
     <span class='ocr_line' id='line_1_64' title="bbox 990 365 996 2717; baseline 0 0"><span class='ocrx_word' id='word_1_463' title='bbox 990 365 996 2717; x_wconf 95' lang='lat' dir='ltr'><em> </em></span> 
     </span>
    </p>
   </div>
   <div class='ocr_carea' id='block_1_9' title="bbox 1019 262 2003 2723">
    <p class='ocr_par' dir='ltr' id='par_1_12' title="bbox 1020 262 1861 489">
     <span class='ocr_line' id='line_1_65' title="bbox 1020 262 1861 303; baseline 0.007 -14"><span class='ocrx_word' id='word_1_464' title='bbox 1020 269 1120 290; x_wconf 85' lang='lat' dir='ltr'><em>amare.</em></span> <span class='ocrx_word' id='word_1_465' title='bbox 1144 262 1323 299; x_wconf 85' lang='lat' dir='ltr'><em>Hieronymus</em></span> <span class='ocrx_word' id='word_1_466' title='bbox 1343 267 1438 293; x_wconf 82' lang='lat' dir='ltr'><em>contra</em></span> <span class='ocrx_word' id='word_1_467' title='bbox 1465 265 1656 294; x_wconf 84' lang='lat' dir='ltr'><em>Iovinianum5</em></span> <span class='ocrx_word' id='word_1_468' title='bbox 1676 266 1756 300; x_wconf 90' lang='lat' dir='ltr'><em>dicit,</em></span> <span class='ocrx_word' id='word_1_469' title='bbox 1787 267 1861 303; x_wconf 90' lang='lat' dir='ltr'><em>quod</em></span> 
     </span>
     <span class='ocr_line' id='line_1_66' title="bbox 1021 308 1859 349; baseline 0.007 -13"><span class='ocrx_word' id='word_1_470' title='bbox 1021 308 1109 343; x_wconf 82' lang='lat' dir='ltr'><em>Plato,</em></span> <span class='ocrx_word' id='word_1_471' title='bbox 1135 312 1166 337; x_wconf 90' lang='lat' dir='ltr'><em>ut</em></span> <span class='ocrx_word' id='word_1_472' title='bbox 1193 313 1355 346; x_wconf 87' lang='lat' dir='ltr'><em>provocaret</em></span> <span class='ocrx_word' id='word_1_473' title='bbox 1375 310 1523 348; x_wconf 90' lang='lat' dir='ltr'><em>discipulos</em></span> <span class='ocrx_word' id='word_1_474' title='bbox 1544 320 1608 341; x_wconf 89' lang='lat' dir='ltr'><em>suos</em></span> <span class='ocrx_word' id='word_1_475' title='bbox 1629 312 1662 341; x_wconf 91' lang='lat' dir='ltr'><em>ad</em></span> <span class='ocrx_word' id='word_1_476' title='bbox 1684 313 1859 349; x_wconf 83' lang='lat' dir='ltr'><em>sapientiam,</em></span> 
     </span>
     <span class='ocr_line' id='line_1_67' title="bbox 1020 355 1860 394; baseline 0.007 -11"><span class='ocrx_word' id='word_1_477' title='bbox 1020 355 1111 391; x_wconf 88' lang='lat' dir='ltr'><em>posuit</em></span> <span class='ocrx_word' id='word_1_478' title='bbox 1132 363 1161 384; x_wconf 90' lang='lat' dir='ltr'><em>se</em></span> <span class='ocrx_word' id='word_1_479' title='bbox 1182 356 1293 385; x_wconf 86' lang='lat' dir='ltr'><em>Athenis</em></span> <span class='ocrx_word' id='word_1_480' title='bbox 1313 357 1340 385; x_wconf 90' lang='lat' dir='ltr'><em>in</em></span> <span class='ocrx_word' id='word_1_481' title='bbox 1369 358 1486 394; x_wconf 89' lang='lat' dir='ltr'><em>quodam</em></span> <span class='ocrx_word' id='word_1_482' title='bbox 1513 359 1604 388; x_wconf 90' lang='lat' dir='ltr'><em>viculo</em></span> <span class='ocrx_word' id='word_1_483' title='bbox 1626 359 1718 388; x_wconf 86' lang='lat' dir='ltr'><em>minus</em></span> <span class='ocrx_word' id='word_1_484' title='bbox 1742 360 1813 389; x_wconf 92' lang='lat' dir='ltr'><em>bono</em></span> <span class='ocrx_word' id='word_1_485' title='bbox 1833 364 1860 389; x_wconf 85' lang='lat' dir='ltr'><em>et</em></span> 
     </span>
     <span class='ocr_line' id='line_1_68' title="bbox 1021 402 1860 442; baseline 0.007 -13"><span class='ocrx_word' id='word_1_486' title='bbox 1021 402 1111 430; x_wconf 89' lang='lat' dir='ltr'><em>miuus</em></span> <span class='ocrx_word' id='word_1_487' title='bbox 1132 410 1198 431; x_wconf 86' lang='lat' dir='ltr'><em>sano</em></span> <span class='ocrx_word' id='word_1_488' title='bbox 1219 403 1291 437; x_wconf 90' lang='lat' dir='ltr'><em>loco,</em></span> <span class='ocrx_word' id='word_1_489' title='bbox 1310 406 1352 438; x_wconf 83' lang='lat' dir='ltr'><em>ut,</em></span> <span class='ocrx_word' id='word_1_490' title='bbox 1370 412 1485 442; x_wconf 89' lang='lat' dir='ltr'><em>corpore</em></span> <span class='ocrx_word' id='word_1_491' title='bbox 1507 413 1557 434; x_wconf 92' lang='lat' dir='ltr'><em>suo</em></span> <span class='ocrx_word' id='word_1_492' title='bbox 1577 405 1648 434; x_wconf 84' lang='lat' dir='ltr'><em>facto</em></span> <span class='ocrx_word' id='word_1_493' title='bbox 1669 406 1794 441; x_wconf 84' lang='lat' dir='ltr'><em>infirmo,</em></span> <span class='ocrx_word' id='word_1_494' title='bbox 1816 407 1860 435; x_wconf 85' lang='lat' dir='ltr'><em>fir-</em></span> 
     </span>
     <span class='ocr_line' id='line_1_69' title="bbox 1020 448 1818 489; baseline 0.008 -13"><span class='ocrx_word' id='word_1_495' title='bbox 1020 448 1090 477; x_wconf 94' lang='lat' dir='ltr'><em>mior</em></span> <span class='ocrx_word' id='word_1_496' title='bbox 1111 452 1182 478; x_wconf 87' lang='lat' dir='ltr'><em>esset</em></span> <span class='ocrx_word' id='word_1_497' title='bbox 1203 449 1311 479; x_wconf 89' lang='lat' dir='ltr'><em>animus</em></span> <span class='ocrx_word' id='word_1_498' title='bbox 1332 450 1391 479; x_wconf 89' lang='lat' dir='ltr'><em>eius</em></span> <span class='ocrx_word' id='word_1_499' title='bbox 1412 451 1445 480; x_wconf 86' lang='lat' dir='ltr'><em>ad</em></span> <span class='ocrx_word' id='word_1_500' title='bbox 1467 452 1628 488; x_wconf 87' lang='lat' dir='ltr'><em>capiendum</em></span> <span class='ocrx_word' id='word_1_501' title='bbox 1651 453 1818 489; x_wconf 85' lang='lat' dir='ltr'><em>sapientiam.</em></span> 
     </span>
    </p>

    <p class='ocr_par' dir='ltr' id='par_1_13' title="bbox 1019 495 2003 1323">
     <span class='ocr_line' id='line_1_70' title="bbox 1097 495 2003 534; baseline 0.004 -11"><span class='ocrx_word' id='word_1_502' title='bbox 1097 495 1189 524; x_wconf 88' lang='lat' dir='ltr'><em>Tertio</em></span> <span class='ocrx_word' id='word_1_503' title='bbox 1209 496 1342 533; x_wconf 84' lang='lat' dir='ltr'><em>sapientia</em></span> <span class='ocrx_word' id='word_1_504' title='bbox 1363 501 1403 526; x_wconf 89' lang='lat' dir='ltr'><em>est</em></span> <span class='ocrx_word' id='word_1_505' title='bbox 1424 498 1611 528; x_wconf 87' lang='lat' dir='ltr'><em>nobilissimus</em></span> <span class='ocrx_word' id='word_1_506' title='bbox 1626 499 1736 528; x_wconf 87' lang='lat' dir='ltr'><em>habitus</em></span> <span class='ocrx_word' id='word_1_507' title='bbox 1751 501 1858 534; x_wconf 90' lang='lat' dir='ltr'><em>mentis,</em></span> <span class='ocrx_word' id='word_1_508' title='bbox 1876 507 1927 530; x_wconf 67' lang='lat' dir='ltr'><em>uem,</em></span> <span class='ocrx_word' id='word_1_509' title='bbox 1941 508 2003 527; x_wconf 72' lang='lat' dir='ltr'><em>tertia.</em></span> 
     </span>
     <span class='ocr_line' id='line_1_71' title="bbox 1019 541 1859 583; baseline 0.006 -13"><span class='ocrx_word' id='word_1_510' title='bbox 1019 549 1074 578; x_wconf 89' lang='lat' dir='ltr'><em>quo</em></span> <span class='ocrx_word' id='word_1_511' title='bbox 1096 541 1273 571; x_wconf 85' lang='lat' dir='ltr'><em>sublevamur</em></span> <span class='ocrx_word' id='word_1_512' title='bbox 1294 543 1326 571; x_wconf 90' lang='lat' dir='ltr'><em>ad</em></span> <span class='ocrx_word' id='word_1_513' title='bbox 1348 543 1563 581; x_wconf 77' lang='lat' dir='ltr'><em>clequstanclum</em></span> <span class='ocrx_word' id='word_1_514' title='bbox 1583 546 1708 579; x_wconf 86' lang='lat' dir='ltr'><em>suavia,·</em></span> <span class='ocrx_word' id='word_1_515' title='bbox 1736 546 1763 574; x_wconf 91' lang='lat' dir='ltr'><em>in</em></span> <span class='ocrx_word' id='word_1_516' title='bbox 1791 547 1859 583; x_wconf 70' lang='lat' dir='ltr'><em>Apo-</em></span> 
     </span>
     <span class='ocr_line' id='line_1_72' title="bbox 1019 588 1859 629; baseline 0.007 -13"><span class='ocrx_word' id='word_1_517' title='bbox 1019 588 1119 625; x_wconf 87' lang='lat' dir='ltr'><em>calypsi</em></span> <span class='ocrx_word' id='word_1_518' title='bbox 1132 588 1159 616; x_wconf 80' lang='lat'><em>⁶:</em></span> <span class='ocrx_word' id='word_1_519' title='bbox 1181 589 1309 617; x_wconf 76' lang='lat' dir='ltr'><em>Vincenti</em></span> <span class='ocrx_word' id='word_1_520' title='bbox 1328 589 1402 618; x_wconf 72' lang='lat' dir='ltr'><em>[labo</em></span> <span class='ocrx_word' id='word_1_521' title='bbox 1423 591 1503 619; x_wconf 74' lang='lat' dir='ltr'><em>edere</em></span> <span class='ocrx_word' id='word_1_522' title='bbox 1523 591 1557 620; x_wconf 77' lang='lat' dir='ltr'><em>(le</em></span> <span class='ocrx_word' id='word_1_523' title='bbox 1578 592 1654 629; x_wconf 86' lang='lat' dir='ltr'><em>liqno</em></span> <span class='ocrx_word' id='word_1_524' title='bbox 1668 593 1752 621; x_wconf 81' lang='lat' dir='ltr'><em>vitae.</em></span> <span class='ocrx_word' id='word_1_525' title='bbox 1768 593 1859 629; x_wconf 84' lang='lat' dir='ltr'><em>Quare</em></span> 
     </span>
     <span class='ocr_line' id='line_1_73' title="bbox 1019 634 1857 674; baseline 0.007 -12"><span class='ocrx_word' id='word_1_526' title='bbox 1019 634 1084 663; x_wconf 90' lang='lat' dir='ltr'><em>dicit</em></span> <span class='ocrx_word' id='word_1_527' title='bbox 1106 635 1179 663; x_wconf 82' lang='lat' dir='ltr'><em>hoc?</em></span> <span class='ocrx_word' id='word_1_528' title='bbox 1201 636 1269 671; x_wconf 87' lang='lat' dir='ltr'><em>Quia</em></span> <span class='ocrx_word' id='word_1_529' title='bbox 1290 644 1339 673; x_wconf 86' lang='lat' dir='ltr'><em>per</em></span> <span class='ocrx_word' id='word_1_530' title='bbox 1367 645 1488 674; x_wconf 85' lang='lat' dir='ltr'><em>pugnam</em></span> <span class='ocrx_word' id='word_1_531' title='bbox 1516 639 1626 667; x_wconf 84' lang='lat' dir='ltr'><em>venitur</em></span> <span class='ocrx_word' id='word_1_532' title='bbox 1646 639 1679 667; x_wconf 88' lang='lat' dir='ltr'><em>ad</em></span> <span class='ocrx_word' id='word_1_533' title='bbox 1701 639 1857 674; x_wconf 83' lang='lat' dir='ltr'><em>victoriam,</em></span> 
     </span>
     <span class='ocr_line' id='line_1_74' title="bbox 1022 682 1859 722; baseline 0.007 -13"><span class='ocrx_word' id='word_1_534' title='bbox 1022 689 1070 718; x_wconf 91' lang='lat' dir='ltr'><em>per</em></span> <span class='ocrx_word' id='word_1_535' title='bbox 1094 682 1235 710; x_wconf 82' lang='lat' dir='ltr'><em>victoriam</em></span> <span class='ocrx_word' id='word_1_536' title='bbox 1257 683 1290 711; x_wconf 88' lang='lat' dir='ltr'><em>ad</em></span> <span class='ocrx_word' id='word_1_537' title='bbox 1313 691 1422 720; x_wconf 78' lang='lat' dir='ltr'><em>pacem;</em></span> <span class='ocrx_word' id='word_1_538' title='bbox 1445 688 1472 713; x_wconf 90' lang='lat' dir='ltr'><em>et</em></span> <span class='ocrx_word' id='word_1_539' title='bbox 1492 685 1529 713; x_wconf 82' lang='lat' dir='ltr'><em>sic</em></span> <span class='ocrx_word' id='word_1_540' title='bbox 1551 686 1629 722; x_wconf 88' lang='lat' dir='ltr'><em>quies</em></span> <span class='ocrx_word' id='word_1_541' title='bbox 1649 689 1689 714; x_wconf 86' lang='lat' dir='ltr'><em>est</em></span> <span class='ocrx_word' id='word_1_542' title='bbox 1705 687 1748 714; x_wconf 83' lang='lat' dir='ltr'><em>via</em></span> <span class='ocrx_word' id='word_1_543' title='bbox 1768 687 1801 715; x_wconf 90' lang='lat' dir='ltr'><em>ad</em></span> <span class='ocrx_word' id='word_1_544' title='bbox 1817 695 1859 715; x_wconf 88' lang='lat' dir='ltr'><em>sa-</em></span> 
     </span>
     <span class='ocr_line' id='line_1_75' title="bbox 1021 728 1858 768; baseline 0.007 -13"><span class='ocrx_word' id='word_1_545' title='bbox 1021 728 1165 764; x_wconf 84' lang='lat' dir='ltr'><em>pientiam,</em></span> <span class='ocrx_word' id='word_1_546' title='bbox 1188 737 1258 765; x_wconf 86' lang='lat' dir='ltr'><em>quae</em></span> <span class='ocrx_word' id='word_1_547' title='bbox 1279 729 1343 758; x_wconf 88' lang='lat' dir='ltr'><em>facit</em></span> <span class='ocrx_word' id='word_1_548' title='bbox 1364 731 1466 759; x_wconf 83' lang='lat' dir='ltr'><em>sentire</em></span> <span class='ocrx_word' id='word_1_549' title='bbox 1488 734 1514 759; x_wconf 90' lang='lat' dir='ltr'><em>et</em></span> <span class='ocrx_word' id='word_1_550' title='bbox 1535 731 1682 768; x_wconf 86' lang='lat' dir='ltr'><em>degustare</em></span> <span class='ocrx_word' id='word_1_551' title='bbox 1696 733 1858 761; x_wconf 82' lang='lat' dir='ltr'><em>suavitatem</em></span> 
     </span>
     <span class='ocr_line' id='line_1_76' title="bbox 1020 775 1858 817; baseline 0.007 -15"><span class='ocrx_word' id='word_1_552' title='bbox 1020 775 1091 802; x_wconf 88' lang='lat' dir='ltr'><em>illam</em></span> <span class='ocrx_word' id='word_1_553' title='bbox 1113 778 1268 809; x_wconf 75' lang='lat' dir='ltr'><em>aeternam3</em></span> <span class='ocrx_word' id='word_1_554' title='bbox 1291 776 1316 804; x_wconf 92' lang='lat' dir='ltr'><em>in</em></span> <span class='ocrx_word' id='word_1_555' title='bbox 1339 776 1470 805; x_wconf 87' lang='lat' dir='ltr'><em>Canticis:</em></span> <span class='ocrx_word' id='word_1_556' title='bbox 1487 778 1545 806; x_wconf 88' lang='lat' dir='ltr'><em>Sub</em></span> <span class='ocrx_word' id='word_1_557' title='bbox 1562 778 1667 807; x_wconf 85' lang='lat' dir='ltr'><em>umbra</em></span> <span class='ocrx_word' id='word_1_558' title='bbox 1682 779 1761 807; x_wconf 87' lang='lat' dir='ltr'><em>illius</em></span> <span class='ocrx_word' id='word_1_559' title='bbox 1775 788 1858 817; x_wconf 84' lang='lat' dir='ltr'><em>quem</em></span> 
     </span>
     <span class='ocr_line' id='line_1_77' title="bbox 1019 822 1859 863; baseline 0.007 -14"><span class='ocrx_word' id='word_1_560' title='bbox 1019 822 1270 856; x_wconf 73' lang='lat' dir='ltr'><em>desideraveram,</em></span> <span class='ocrx_word' id='word_1_561' title='bbox 1295 823 1373 857; x_wconf 81' lang='lat' dir='ltr'><em>sedi,</em></span> <span class='ocrx_word' id='word_1_562' title='bbox 1393 828 1417 852; x_wconf 88' lang='lat' dir='ltr'><em>et</em></span> <span class='ocrx_word' id='word_1_563' title='bbox 1445 823 1562 862; x_wconf 68' lang='lat' dir='ltr'><em>fructus</em></span> <span class='ocrx_word' id='word_1_564' title='bbox 1590 825 1653 853; x_wconf 84' lang='lat' dir='ltr'><em>eius</em></span> <span class='ocrx_word' id='word_1_565' title='bbox 1680 825 1774 854; x_wconf 77' lang='lat' dir='ltr'><em>dulcis</em></span> <span class='ocrx_word' id='word_1_566' title='bbox 1792 830 1859 863; x_wconf 85' lang='lat' dir='ltr'><em>qut-</em></span> 
     </span>
     <span class='ocr_line' id='line_1_78' title="bbox 1019 868 1858 905; baseline 0.007 -10"><span class='ocrx_word' id='word_1_567' title='bbox 1019 868 1081 895; x_wconf 82' lang='lat' dir='ltr'><em>turi</em></span> <span class='ocrx_word' id='word_1_568' title='bbox 1100 876 1169 896; x_wconf 84' lang='lat' dir='ltr'><em>meo.</em></span> <span class='ocrx_word' id='word_1_569' title='bbox 1194 869 1241 897; x_wconf 81' lang='lat' dir='ltr'><em>Per</em></span> <span class='ocrx_word' id='word_1_570' title='bbox 1263 877 1373 898; x_wconf 86' lang='lat' dir='ltr'><em>crucem</em></span> <span class='ocrx_word' id='word_1_571' title='bbox 1395 871 1466 898; x_wconf 90' lang='lat' dir='ltr'><em>enim</em></span> <span class='ocrx_word' id='word_1_572' title='bbox 1489 874 1576 899; x_wconf 90' lang='lat' dir='ltr'><em>totum</em></span> <span class='ocrx_word' id='word_1_573' title='bbox 1599 872 1731 905; x_wconf 84' lang='lat' dir='ltr'><em>vincitur,</em></span> <span class='ocrx_word' id='word_1_574' title='bbox 1753 876 1784 901; x_wconf 89' lang='lat' dir='ltr'><em>ut</em></span> <span class='ocrx_word' id='word_1_575' title='bbox 1812 872 1858 901; x_wconf 83' lang='lat' dir='ltr'><em>fiat</em></span> 
     </span>
     <span class='ocr_line' id='line_1_79' title="bbox 1019 915 1857 954; baseline 0.006 -12"><span class='ocrx_word' id='word_1_576' title='bbox 1019 915 1097 951; x_wconf 88' lang='lat' dir='ltr'><em>quies</em></span> <span class='ocrx_word' id='word_1_577' title='bbox 1118 915 1143 943; x_wconf 93' lang='lat' dir='ltr'><em>in</em></span> <span class='ocrx_word' id='word_1_578' title='bbox 1166 915 1271 949; x_wconf 72' lang='lat' dir='ltr'><em>anima:</em></span> <span class='ocrx_word' id='word_1_579' title='bbox 1287 919 1314 944; x_wconf 93' lang='lat' dir='ltr'><em>et</em></span> <span class='ocrx_word' id='word_1_580' title='bbox 1329 916 1366 945; x_wconf 90' lang='lat' dir='ltr'><em>sic</em></span> <span class='ocrx_word' id='word_1_581' title='bbox 1381 916 1500 953; x_wconf 85' lang='lat' dir='ltr'><em>disponit</em></span> <span class='ocrx_word' id='word_1_582' title='bbox 1514 917 1547 945; x_wconf 91' lang='lat' dir='ltr'><em>ad</em></span> <span class='ocrx_word' id='word_1_583' title='bbox 1561 917 1729 954; x_wconf 85' lang='lat' dir='ltr'><em>degustanda</em></span> <span class='ocrx_word' id='word_1_584' title='bbox 1748 919 1857 952; x_wconf 86' lang='lat' dir='ltr'><em>suavia;</em></span> 
     </span>
     <span class='ocr_line' id='line_1_80' title="bbox 1019 960 1857 1001; baseline 0.005 -12"><span class='ocrx_word' id='word_1_585' title='bbox 1019 960 1045 989; x_wconf 91' lang='lat' dir='ltr'><em>in</em></span> <span class='ocrx_word' id='word_1_586' title='bbox 1058 961 1189 990; x_wconf 86' lang='lat' dir='ltr'><em>Canticis:</em></span> <span class='ocrx_word' id='word_1_587' title='bbox 1206 963 1379 991; x_wconf 77' lang='lat' dir='ltr'><em>Fasciculus</em></span> <span class='ocrx_word' id='word_1_588' title='bbox 1393 962 1534 1001; x_wconf 74' lang='lat' dir='ltr'><em>myrrhae</em></span> <span class='ocrx_word' id='word_1_589' title='bbox 1549 964 1667 992; x_wconf 77' lang='lat' dir='ltr'><em>dilectus</em></span> <span class='ocrx_word' id='word_1_590' title='bbox 1680 973 1761 992; x_wconf 79' lang='lat' dir='ltr'><em>meus</em></span> <span class='ocrx_word' id='word_1_591' title='bbox 1775 964 1857 999; x_wconf 82' lang='lat' dir='ltr'><em>milii,</em></span> 
     </span>
     <span class='ocr_line' id='line_1_81' title="bbox 1019 1007 1858 1047; baseline 0.006 -12"><span class='ocrx_word' id='word_1_592' title='bbox 1019 1007 1093 1036; x_wconf 88' lang='lat' dir='ltr'><em>inter</em></span> <span class='ocrx_word' id='word_1_593' title='bbox 1115 1008 1206 1037; x_wconf 81' lang='lat' dir='ltr'><em>ubera</em></span> <span class='ocrx_word' id='word_1_594' title='bbox 1226 1018 1291 1037; x_wconf 88' lang='lat' dir='ltr'><em>mea</em></span> <span class='ocrx_word' id='word_1_595' title='bbox 1311 1010 1557 1044; x_wconf 84' lang='lat' dir='ltr'><em>commorabitur,·</em></span> <span class='ocrx_word' id='word_1_596' title='bbox 1586 1015 1612 1039; x_wconf 83' lang='lat' dir='ltr'><em>et</em></span> <span class='ocrx_word' id='word_1_597' title='bbox 1643 1015 1718 1047; x_wconf 89' lang='lat' dir='ltr'><em>post:</em></span> <span class='ocrx_word' id='word_1_598' title='bbox 1752 1012 1858 1040; x_wconf 83' lang='lat' dir='ltr'><em>Botrus</em></span> 
     </span>
     <span class='ocr_line' id='line_1_82' title="bbox 1019 1055 1857 1095; baseline 0.005 -13"><span class='ocrx_word' id='word_1_599' title='bbox 1019 1055 1104 1092; x_wconf 74' lang='lat' dir='ltr'><em>cypri</em></span> <span class='ocrx_word' id='word_1_600' title='bbox 1126 1055 1245 1083; x_wconf 79' lang='lat' dir='ltr'><em>dilectus</em></span> <span class='ocrx_word' id='word_1_601' title='bbox 1269 1065 1349 1084; x_wconf 87' lang='lat' dir='ltr'><em>meus</em></span> <span class='ocrx_word' id='word_1_602' title='bbox 1370 1056 1458 1091; x_wconf 81' lang='lat' dir='ltr'><em>milti,</em></span> <span class='ocrx_word' id='word_1_603' title='bbox 1481 1057 1513 1085; x_wconf 88' lang='lat' dir='ltr'><em>in</em></span> <span class='ocrx_word' id='word_1_604' title='bbox 1539 1058 1630 1086; x_wconf 85' lang='lat' dir='ltr'><em>vineis</em></span> <span class='ocrx_word' id='word_1_605' title='bbox 1658 1058 1798 1095; x_wconf 79' lang='lat' dir='ltr'><em>Enqaclcli.</em></span> <span class='ocrx_word' id='word_1_606' title='bbox 1822 1075 1857 1078; x_wconf 97' lang='lat'><strong>—</strong></span> 
     </span>
     <span class='ocr_line' id='line_1_83' title="bbox 1020 1101 1859 1142; baseline 0.005 -13"><span class='ocrx_word' id='word_1_607' title='bbox 1020 1101 1109 1129; x_wconf 87' lang='lat' dir='ltr'><em>Primo</em></span> <span class='ocrx_word' id='word_1_608' title='bbox 1123 1104 1163 1130; x_wconf 86' lang='lat' dir='ltr'><em>est</em></span> <span class='ocrx_word' id='word_1_609' title='bbox 1182 1102 1302 1138; x_wconf 80' lang='lat' dir='ltr'><em>Sponsus</em></span> <span class='ocrx_word' id='word_1_610' title='bbox 1323 1103 1429 1132; x_wconf 85' lang='lat' dir='ltr'><em>animae</em></span> <span class='ocrx_word' id='word_1_611' title='bbox 1451 1103 1521 1132; x_wconf 83' lang='lat' dir='ltr'><em>fideli</em></span> <span class='ocrx_word' id='word_1_612' title='bbox 1536 1102 1698 1140; x_wconf 80' lang='lat' dir='ltr'><em>fasciculus</em></span> <span class='ocrx_word' id='word_1_613' title='bbox 1719 1104 1859 1142; x_wconf 74' lang='lat' dir='ltr'><em>myrrhae</em></span> 
     </span>
     <span class='ocr_line' id='line_1_84' title="bbox 1021 1148 1859 1185; baseline 0.005 -10"><span class='ocrx_word' id='word_1_614' title='bbox 1021 1155 1068 1183; x_wconf 88' lang='lat' dir='ltr'><em>per</em></span> <span class='ocrx_word' id='word_1_615' title='bbox 1084 1148 1174 1176; x_wconf 81' lang='lat' dir='ltr'><em>crucis</em></span> <span class='ocrx_word' id='word_1_616' title='bbox 1189 1152 1215 1176; x_wconf 88' lang='lat' dir='ltr'><em>et</em></span> <span class='ocrx_word' id='word_1_617' title='bbox 1229 1149 1410 1185; x_wconf 86' lang='lat' dir='ltr'><em>poenitentiae</em></span> <span class='ocrx_word' id='word_1_618' title='bbox 1425 1149 1651 1184; x_wconf 82' lang='lat' dir='ltr'><em>amaritudinem,</em></span> <span class='ocrx_word' id='word_1_619' title='bbox 1673 1153 1700 1178; x_wconf 89' lang='lat' dir='ltr'><em>et</em></span> <span class='ocrx_word' id='word_1_620' title='bbox 1717 1150 1813 1179; x_wconf 89' lang='lat' dir='ltr'><em>deinde</em></span> <span class='ocrx_word' id='word_1_621' title='bbox 1828 1150 1859 1179; x_wconf 89' lang='lat' dir='ltr'><em>fit</em></span> 
     </span>
     <span class='ocr_line' id='line_1_85' title="bbox 1020 1193 1858 1233; baseline 0.005 -12"><span class='ocrx_word' id='word_1_622' title='bbox 1020 1193 1120 1222; x_wconf 81' lang='lat' dir='ltr'><em>botrus</em></span> <span class='ocrx_word' id='word_1_623' title='bbox 1141 1195 1226 1232; x_wconf 76' lang='lat' dir='ltr'><em>cypri</em></span> <span class='ocrx_word' id='word_1_624' title='bbox 1245 1195 1384 1224; x_wconf 87' lang='lat' dir='ltr'><em>inebrians</em></span> <span class='ocrx_word' id='word_1_625' title='bbox 1405 1196 1548 1225; x_wconf 88' lang='lat' dir='ltr'><em>suavitate.</em></span> <span class='ocrx_word' id='word_1_626' title='bbox 1571 1196 1684 1233; x_wconf 84' lang='lat' dir='ltr'><em>Oportet</em></span> <span class='ocrx_word' id='word_1_627' title='bbox 1699 1197 1776 1233; x_wconf 87' lang='lat' dir='ltr'><em>prius</em></span> <span class='ocrx_word' id='word_1_628' title='bbox 1797 1205 1858 1226; x_wconf 90' lang='lat' dir='ltr'><em>sen-</em></span> 
     </span>
     <span class='ocr_line' id='line_1_86' title="bbox 1020 1240 1858 1279; baseline 0.005 -11"><span class='ocrx_word' id='word_1_629' title='bbox 1020 1240 1072 1269; x_wconf 90' lang='lat' dir='ltr'><em>tire</em></span> <span class='ocrx_word' id='word_1_630' title='bbox 1103 1242 1193 1269; x_wconf 88' lang='lat' dir='ltr'><em>crucis</em></span> <span class='ocrx_word' id='word_1_631' title='bbox 1224 1242 1451 1276; x_wconf 82' lang='lat' dir='ltr'><em>amaritudinem,</em></span> <span class='ocrx_word' id='word_1_632' title='bbox 1477 1251 1560 1279; x_wconf 87' lang='lat' dir='ltr'><em>quam</em></span> <span class='ocrx_word' id='word_1_633' title='bbox 1593 1243 1745 1271; x_wconf 86' lang='lat' dir='ltr'><em>inebrietur</em></span> <span class='ocrx_word' id='word_1_634' title='bbox 1777 1244 1858 1272; x_wconf 89' lang='lat' dir='ltr'><em>homo</em></span> 
     </span>
     <span class='ocr_line' id='line_1_87' title="bbox 1020 1286 1522 1323; baseline 0.004 -8"><span class='ocrx_word' id='word_1_635' title='bbox 1020 1286 1189 1323; x_wconf 88' lang='lat' dir='ltr'><em>degustando</em></span> <span class='ocrx_word' id='word_1_636' title='bbox 1209 1288 1327 1316; x_wconf 85' lang='lat' dir='ltr'><em>divinam</em></span> <span class='ocrx_word' id='word_1_637' title='bbox 1351 1289 1522 1317; x_wconf 86' lang='lat' dir='ltr'><em>suavitatem.</em></span> 
     </span>
    </p>

    <p class='ocr_par' dir='ltr' id='par_1_14' title="bbox 1019 1334 2002 2023">
     <span class='ocr_line' id='line_1_88' title="bbox 1099 1334 2002 1371; baseline 0.002 -9"><span class='ocrx_word' id='word_1_638' title='bbox 1099 1334 1144 1362; x_wconf 86' lang='lat' dir='ltr'><em>Est</em></span> <span class='ocrx_word' id='word_1_639' title='bbox 1158 1334 1265 1363; x_wconf 87' lang='lat' dir='ltr'><em>tandem</em></span> <span class='ocrx_word' id='word_1_640' title='bbox 1281 1335 1412 1371; x_wconf 87' lang='lat' dir='ltr'><em>sapientia</em></span> <span class='ocrx_word' id='word_1_641' title='bbox 1427 1336 1537 1364; x_wconf 86' lang='lat' dir='ltr'><em>habitus</em></span> <span class='ocrx_word' id='word_1_642' title='bbox 1550 1336 1735 1365; x_wconf 91' lang='lat' dir='ltr'><em>nobilissimus</em></span> <span class='ocrx_word' id='word_1_643' title='bbox 1750 1337 1857 1371; x_wconf 87' lang='lat' dir='ltr'><em>mentis,</em></span> <span class='ocrx_word' id='word_1_644' title='bbox 1870 1345 2002 1369; x_wconf 63' lang='lat' dir='ltr'><em>nmquam.</em></span> 
     </span>
     <span class='ocr_line' id='line_1_89' title="bbox 1019 1380 1858 1420; baseline 0.005 -12"><span class='ocrx_word' id='word_1_645' title='bbox 1019 1388 1074 1417; x_wconf 89' lang='lat' dir='ltr'><em>quo</em></span> <span class='ocrx_word' id='word_1_646' title='bbox 1094 1380 1294 1409; x_wconf 86' lang='lat' dir='ltr'><em>introducimur</em></span> <span class='ocrx_word' id='word_1_647' title='bbox 1309 1382 1342 1410; x_wconf 92' lang='lat' dir='ltr'><em>ad</em></span> <span class='ocrx_word' id='word_1_648' title='bbox 1361 1382 1553 1418; x_wconf 89' lang='lat' dir='ltr'><em>possidendum</em></span> <span class='ocrx_word' id='word_1_649' title='bbox 1575 1386 1600 1411; x_wconf 88' lang='lat' dir='ltr'><em>et</em></span> <span class='ocrx_word' id='word_1_650' title='bbox 1622 1382 1858 1420; x_wconf 73' lang='lat' dir='ltr'><em>comprehenden-</em></span> 
     </span>
     <span class='ocr_line' id='line_1_90' title="bbox 1019 1423 1860 1466; baseline 0.005 -12"><span class='ocrx_word' id='word_1_651' title='bbox 1019 1427 1090 1455; x_wconf 81' lang='lat' dir='ltr'><em>dum</em></span> <span class='ocrx_word' id='word_1_652' title='bbox 1105 1423 1232 1455; x_wconf 83' lang='lat' dir='ltr'><em>aeterna.</em></span> <span class='ocrx_word' id='word_1_653' title='bbox 1246 1428 1272 1456; x_wconf 92' lang='grc'><em>111</em></span> <span class='ocrx_word' id='word_1_654' title='bbox 1286 1428 1439 1457; x_wconf 83' lang='lat' dir='ltr'><em>Proverbiis</em></span> <span class='ocrx_word' id='word_1_655' title='bbox 1451 1429 1461 1445; x_wconf 86' lang='lat'>⁷</span> <span class='ocrx_word' id='word_1_656' title='bbox 1476 1429 1576 1457; x_wconf 91' lang='lat' dir='ltr'><em>dicitur</em></span> <span class='ocrx_word' id='word_1_657' title='bbox 1587 1429 1620 1457; x_wconf 91' lang='lat' dir='ltr'><em>de</em></span> <span class='ocrx_word' id='word_1_658' title='bbox 1634 1430 1778 1466; x_wconf 85' lang='lat' dir='ltr'><em>sapientia:</em></span> <span class='ocrx_word' id='word_1_659' title='bbox 1791 1431 1860 1458; x_wconf 81' lang='lat' dir='ltr'><em>Pre-</em></span> 
     </span>
     <span class='ocr_line' id='line_1_91' title="bbox 1021 1474 1859 1514; baseline 0.004 -13"><span class='ocrx_word' id='word_1_660' title='bbox 1021 1474 1121 1502; x_wconf 85' lang='lat' dir='ltr'><em>tiosior</em></span> <span class='ocrx_word' id='word_1_661' title='bbox 1142 1478 1183 1502; x_wconf 82' lang='lat' dir='ltr'><em>est·</em></span> <span class='ocrx_word' id='word_1_662' title='bbox 1203 1475 1313 1503; x_wconf 86' lang='lat' dir='ltr'><em>cunctis</em></span> <span class='ocrx_word' id='word_1_663' title='bbox 1335 1474 1461 1511; x_wconf 59' lang='lat' dir='ltr'><em>opibus,</em></span> <span class='ocrx_word' id='word_1_664' title='bbox 1475 1479 1500 1503; x_wconf 89' lang='lat' dir='ltr'><em>et</em></span> <span class='ocrx_word' id='word_1_665' title='bbox 1520 1476 1635 1509; x_wconf 86' lang='lat' dir='ltr'><em>omnia,</em></span> <span class='ocrx_word' id='word_1_666' title='bbox 1657 1484 1731 1514; x_wconf 82' lang='lat' dir='ltr'><em>quae</em></span> <span class='ocrx_word' id='word_1_667' title='bbox 1751 1476 1859 1504; x_wconf 80' lang='lat' dir='ltr'><em>deside-</em></span> 
     </span>
     <span class='ocr_line' id='line_1_92' title="bbox 1020 1520 1858 1559; baseline 0.004 -11"><span class='ocrx_word' id='word_1_668' title='bbox 1020 1524 1138 1554; x_wconf 79' lang='lat' dir='ltr'><em>rantur,</em></span> <span class='ocrx_word' id='word_1_669' title='bbox 1161 1520 1228 1549; x_wconf 77' lang='lat' dir='ltr'><em>ltuic</em></span> <span class='ocrx_word' id='word_1_670' title='bbox 1248 1530 1305 1549; x_wconf 87' lang='lat' dir='ltr'><em>non</em></span> <span class='ocrx_word' id='word_1_671' title='bbox 1320 1521 1414 1549; x_wconf 69' lang='lat' dir='ltr'><em>valent</em></span> <span class='ocrx_word' id='word_1_672' title='bbox 1435 1522 1622 1559; x_wconf 84' lang='lat' dir='ltr'><em>comparari,</em></span> <span class='ocrx_word' id='word_1_673' title='bbox 1644 1523 1723 1559; x_wconf 86' lang='lat' dir='ltr'><em>quia,</em></span> <span class='ocrx_word' id='word_1_674' title='bbox 1746 1523 1858 1559; x_wconf 88' lang='lat' dir='ltr'><em>supple,</em></span> 
     </span>
     <span class='ocr_line' id='line_1_93' title="bbox 1019 1561 1859 1606; baseline 0.004 -11"><span class='ocrx_word' id='word_1_675' title='bbox 1019 1566 1129 1595; x_wconf 85' lang='lat' dir='ltr'><em>deducit</em></span> <span class='ocrx_word' id='word_1_676' title='bbox 1143 1567 1176 1595; x_wconf 86' lang='lat' dir='ltr'><em>ad</em></span> <span class='ocrx_word' id='word_1_677' title='bbox 1191 1568 1388 1604; x_wconf 86' lang='lat' dir='ltr'><em>possessionem</em></span> <span class='ocrx_word' id='word_1_678' title='bbox 1410 1572 1557 1597; x_wconf 88' lang='lat' dir='ltr'><em>aeternam.</em></span> <span class='ocrx_word' id='word_1_679' title='bbox 1580 1569 1630 1597; x_wconf 88' lang='lat' dir='ltr'><em>Sed</em></span> <span class='ocrx_word' id='word_1_680' title='bbox 1652 1569 1684 1597; x_wconf 89' lang='lat' dir='ltr'><em>ad</em></span> <span class='ocrx_word' id='word_1_681' title='bbox 1707 1561 1776 1598; x_wconf 87' lang='lat' dir='ltr'><em>banc</em></span> <span class='ocrx_word' id='word_1_682' title='bbox 1797 1577 1859 1606; x_wconf 90' lang='lat' dir='ltr'><em>pos-</em></span> 
     </span>
     <span class='ocr_line' id='line_1_94' title="bbox 1020 1614 1858 1652; baseline 0.004 -10"><span class='ocrx_word' id='word_1_683' title='bbox 1020 1614 1167 1643; x_wconf 89' lang='lat' dir='ltr'><em>sessionem</em></span> <span class='ocrx_word' id='word_1_684' title='bbox 1182 1622 1235 1642; x_wconf 90' lang='lat' dir='ltr'><em>non</em></span> <span class='ocrx_word' id='word_1_685' title='bbox 1253 1618 1340 1650; x_wconf 87' lang='lat' dir='ltr'><em>potest</em></span> <span class='ocrx_word' id='word_1_686' title='bbox 1355 1615 1436 1643; x_wconf 88' lang='lat' dir='ltr'><em>bomo</em></span> <span class='ocrx_word' id='word_1_687' title='bbox 1452 1616 1595 1651; x_wconf 90' lang='lat' dir='ltr'><em>pervenire</em></span> <span class='ocrx_word' id='word_1_688' title='bbox 1608 1616 1658 1644; x_wconf 93' lang='lat' dir='ltr'><em>nisi</em></span> <span class='ocrx_word' id='word_1_689' title='bbox 1672 1624 1720 1652; x_wconf 89' lang='lat' dir='ltr'><em>per</em></span> <span class='ocrx_word' id='word_1_690' title='bbox 1732 1624 1858 1650; x_wconf 88' lang='lat' dir='ltr'><em>crucem;</em></span> 
     </span>
     <span class='ocr_line' id='line_1_95' title="bbox 1021 1660 1860 1699; baseline 0.001 -10"><span class='ocrx_word' id='word_1_691' title='bbox 1021 1660 1157 1689; x_wconf 88' lang='lat' dir='ltr'><em>secundae</em></span> <span class='ocrx_word' id='word_1_692' title='bbox 1171 1660 1205 1688; x_wconf 89' lang='lat' dir='ltr'><em>ad</em></span> <span class='ocrx_word' id='word_1_693' title='bbox 1219 1660 1375 1689; x_wconf 83' lang='lat' dir='ltr'><em>Corinthios</em></span> <span class='ocrx_word' id='word_1_694' title='bbox 1390 1665 1502 1698; x_wconf 83' lang='lat' dir='ltr'><em>quarto:</em></span> <span class='ocrx_word' id='word_1_695' title='bbox 1520 1662 1601 1697; x_wconf 80' lang='lat' dir='ltr'><em>Quod</em></span> <span class='ocrx_word' id='word_1_696' title='bbox 1616 1663 1646 1690; x_wconf 83' lang='lat' dir='ltr'><em>in</em></span> <span class='ocrx_word' id='word_1_697' title='bbox 1658 1662 1806 1699; x_wconf 86' lang='lat' dir='ltr'><em>praesenti</em></span> <span class='ocrx_word' id='word_1_698' title='bbox 1819 1666 1860 1690; x_wconf 88' lang='lat' dir='ltr'><em>est</em></span> 
     </span>
     <span class='ocr_line' id='line_1_96' title="bbox 1021 1706 1860 1745; baseline 0.002 -11"><span class='ocrx_word' id='word_1_699' title='bbox 1021 1710 1253 1735; x_wconf 83' lang='lat' dir='ltr'><em>momentaneum</em></span> <span class='ocrx_word' id='word_1_700' title='bbox 1274 1710 1297 1735; x_wconf 89' lang='lat' dir='ltr'><em>cl</em></span> <span class='ocrx_word' id='word_1_701' title='bbox 1319 1706 1374 1735; x_wconf 83' lang='lat' dir='ltr'><em>leve</em></span> <span class='ocrx_word' id='word_1_702' title='bbox 1399 1707 1596 1736; x_wconf 82' lang='lat' dir='ltr'><em>tribulationis</em></span> <span class='ocrx_word' id='word_1_703' title='bbox 1623 1712 1739 1736; x_wconf 79' lang='lat' dir='ltr'><em>nostrae</em></span> <span class='ocrx_word' id='word_1_704' title='bbox 1765 1716 1860 1745; x_wconf 84' lang='lat' dir='ltr'><em>supra</em></span> 
     </span>
     <span class='ocr_line' id='line_1_97' title="bbox 1022 1753 1860 1791; baseline 0.001 -10"><span class='ocrx_word' id='word_1_705' title='bbox 1022 1753 1140 1781; x_wconf 83' lang='lat' dir='ltr'><em>modum</em></span> <span class='ocrx_word' id='word_1_706' title='bbox 1157 1753 1187 1781; x_wconf 91' lang='lat' dir='ltr'><em>in</em></span> <span class='ocrx_word' id='word_1_707' title='bbox 1201 1753 1377 1782; x_wconf 88' lang='lat' dir='ltr'><em>sublimitate</em></span> <span class='ocrx_word' id='word_1_708' title='bbox 1389 1757 1537 1782; x_wconf 85' lang='lat' dir='ltr'><em>aeternum</em></span> <span class='ocrx_word' id='word_1_709' title='bbox 1548 1754 1659 1791; x_wconf 85' lang='lat' dir='ltr'><em>qloriae</em></span> <span class='ocrx_word' id='word_1_710' title='bbox 1666 1754 1782 1791; x_wconf 79' lang='lat' dir='ltr'><em>pondus</em></span> <span class='ocrx_word' id='word_1_711' title='bbox 1797 1763 1860 1791; x_wconf 90' lang='lat' dir='ltr'><em>ope-</em></span> 
     </span>
     <span class='ocr_line' id='line_1_98' title="bbox 1021 1800 1860 1840; baseline 0.002 -12"><span class='ocrx_word' id='word_1_712' title='bbox 1021 1805 1111 1829; x_wconf 85' lang='lat' dir='ltr'><em>ratur</em></span> <span class='ocrx_word' id='word_1_713' title='bbox 1127 1801 1158 1829; x_wconf 90' lang='lat' dir='ltr'><em>in</em></span> <span class='ocrx_word' id='word_1_714' title='bbox 1178 1800 1275 1834; x_wconf 74' lang='lat' dir='ltr'><em>nobt’S,</em></span> <span class='ocrx_word' id='word_1_715' title='bbox 1290 1809 1347 1829; x_wconf 90' lang='lat' dir='ltr'><em>non</em></span> <span class='ocrx_word' id='word_1_716' title='bbox 1362 1801 1618 1838; x_wconf 81' lang='lat' dir='ltr'><em>contemplantibus</em></span> <span class='ocrx_word' id='word_1_717' title='bbox 1639 1801 1720 1830; x_wconf 87' lang='lat' dir='ltr'><em>nobis</em></span> <span class='ocrx_word' id='word_1_718' title='bbox 1734 1810 1808 1840; x_wconf 81' lang='lat' dir='ltr'><em>quae</em></span> <span class='ocrx_word' id='word_1_719' title='bbox 1821 1802 1860 1830; x_wconf 79' lang='lat' dir='ltr'><em>‘ui-</em></span> 
     </span>
     <span class='ocr_line' id='line_1_99' title="bbox 1020 1847 1860 1885; baseline 0.001 -10"><span class='ocrx_word' id='word_1_720' title='bbox 1020 1848 1136 1881; x_wconf 81' lang='lat' dir='ltr'><em>dentur,</em></span> <span class='ocrx_word' id='word_1_721' title='bbox 1151 1848 1200 1875; x_wconf 74' lang='lat' dir='ltr'><em>secl</em></span> <span class='ocrx_word' id='word_1_722' title='bbox 1221 1855 1294 1885; x_wconf 84' lang='lat' dir='ltr'><em>quae</em></span> <span class='ocrx_word' id='word_1_723' title='bbox 1314 1855 1373 1875; x_wconf 86' lang='lat' dir='ltr'><em>non</em></span> <span class='ocrx_word' id='word_1_724' title='bbox 1395 1847 1536 1875; x_wconf 73' lang='lat' dir='ltr'><em>videntur.</em></span> <span class='ocrx_word' id='word_1_725' title='bbox 1559 1848 1684 1876; x_wconf 88' lang='lat' dir='ltr'><em>Christus</em></span> <span class='ocrx_word' id='word_1_726' title='bbox 1706 1848 1817 1876; x_wconf 83' lang='lat' dir='ltr'><em>intravit</em></span> <span class='ocrx_word' id='word_1_727' title='bbox 1833 1848 1860 1876; x_wconf 89' lang='lat' dir='ltr'><em>in</em></span> 
     </span>
     <span class='ocr_line' id='line_1_100' title="bbox 1021 1894 1860 1932; baseline 0.001 -10"><span class='ocrx_word' id='word_1_728' title='bbox 1021 1894 1135 1932; x_wconf 89' lang='lat' dir='ltr'><em>gloriam</em></span> <span class='ocrx_word' id='word_1_729' title='bbox 1158 1902 1235 1922; x_wconf 88' lang='lat' dir='ltr'><em>suam</em></span> <span class='ocrx_word' id='word_1_730' title='bbox 1254 1894 1287 1922; x_wconf 86' lang='lat' dir='ltr'><em>ad</em></span> <span class='ocrx_word' id='word_1_731' title='bbox 1308 1895 1496 1923; x_wconf 85' lang='lat' dir='ltr'><em>aeternitatem</em></span> <span class='ocrx_word' id='word_1_732' title='bbox 1513 1902 1561 1931; x_wconf 90' lang='lat' dir='ltr'><em>per</em></span> <span class='ocrx_word' id='word_1_733' title='bbox 1576 1902 1702 1928; x_wconf 87' lang='lat' dir='ltr'><em>crucem;</em></span> <span class='ocrx_word' id='word_1_734' title='bbox 1717 1895 1805 1923; x_wconf 85' lang='lat' dir='ltr'><em>Lucae</em></span> <span class='ocrx_word' id='word_1_735' title='bbox 1821 1895 1860 1923; x_wconf 87' lang='lat' dir='ltr'><em>vi-</em></span> 
     </span>
     <span class='ocr_line' id='line_1_101' title="bbox 1021 1940 1859 1978; baseline -0.001 -9"><span class='ocrx_word' id='word_1_736' title='bbox 1021 1941 1123 1978; x_wconf 87' lang='lat' dir='ltr'><em>gesimo</em></span> <span class='ocrx_word' id='word_1_737' title='bbox 1138 1943 1253 1977; x_wconf 86' lang='lat' dir='ltr'><em>quarto:</em></span> <span class='ocrx_word' id='word_1_738' title='bbox 1269 1940 1370 1969; x_wconf 85' lang='lat' dir='ltr'><em>Non-ne</em></span> <span class='ocrx_word' id='word_1_739' title='bbox 1387 1940 1456 1969; x_wconf 78' lang='lat' dir='ltr'><em>liaeo</em></span> <span class='ocrx_word' id='word_1_740' title='bbox 1477 1941 1604 1977; x_wconf 86' lang='lat' dir='ltr'><em>oportuit</em></span> <span class='ocrx_word' id='word_1_741' title='bbox 1623 1941 1687 1977; x_wconf 85' lang='lat' dir='ltr'><em>pati</em></span> <span class='ocrx_word' id='word_1_742' title='bbox 1702 1940 1859 1974; x_wconf 76' lang='lat' dir='ltr'><em>Christum,</em></span> 
     </span>
     <span class='ocr_line' id='line_1_102' title="bbox 1020 1987 1573 2023; baseline 0 -8"><span class='ocrx_word' id='word_1_743' title='bbox 1020 1991 1044 2015; x_wconf 88' lang='lat' dir='ltr'><em>et</em></span> <span class='ocrx_word' id='word_1_744' title='bbox 1066 1987 1108 2015; x_wconf 88' lang='lat' dir='ltr'><em>ita</em></span> <span class='ocrx_word' id='word_1_745' title='bbox 1129 1987 1242 2015; x_wconf 86' lang='lat' dir='ltr'><em>intrare</em></span> <span class='ocrx_word' id='word_1_746' title='bbox 1263 1987 1294 2015; x_wconf 89' lang='lat' dir='ltr'><em>in</em></span> <span class='ocrx_word' id='word_1_747' title='bbox 1313 1987 1442 2023; x_wconf 86' lang='lat' dir='ltr'><em>qloriam</em></span> <span class='ocrx_word' id='word_1_748' title='bbox 1462 1987 1573 2015; x_wconf 70' lang='lat' dir='ltr'><em>suam?</em></span> 
     </span>
    </p>

    <p class='ocr_par' dir='ltr' id='par_1_15' title="bbox 1020 2033 1981 2723">
     <span class='ocr_line' id='line_1_103' title="bbox 1099 2033 1981 2069; baseline 0 -8"><span class='ocrx_word' id='word_1_749' title='bbox 1099 2034 1136 2062; x_wconf 84' lang='lat' dir='ltr'><em>Ad</em></span> <span class='ocrx_word' id='word_1_750' title='bbox 1157 2034 1236 2062; x_wconf 90' lang='lat' dir='ltr'><em>istam</em></span> <span class='ocrx_word' id='word_1_751' title='bbox 1258 2033 1419 2069; x_wconf 86' lang='lat' dir='ltr'><em>sapientiam</em></span> <span class='ocrx_word' id='word_1_752' title='bbox 1444 2036 1552 2069; x_wconf 88' lang='lat' dir='ltr'><em>oportet</em></span> <span class='ocrx_word' id='word_1_753' title='bbox 1576 2040 1626 2061; x_wconf 89' lang='lat' dir='ltr'><em>nos</em></span> <span class='ocrx_word' id='word_1_754' title='bbox 1646 2033 1783 2069; x_wconf 85' lang='lat' dir='ltr'><em>aspirare;</em></span> <span class='ocrx_word' id='word_1_755' title='bbox 1806 2040 1859 2060; x_wconf 90' lang='lat' dir='ltr'><em>non</em></span> <span class='ocrx_word' id='word_1_756' title='bbox 1876 2042 1981 2061; x_wconf 70' lang='lat' dir='ltr'><em>conclusio.</em></span> 
     </span>
     <span class='ocr_line' id='line_1_104' title="bbox 1020 2079 1861 2116; baseline -0.004 -7"><span class='ocrx_word' id='word_1_757' title='bbox 1020 2080 1208 2109; x_wconf 87' lang='lat' dir='ltr'><em>desideremus</em></span> <span class='ocrx_word' id='word_1_758' title='bbox 1229 2080 1368 2108; x_wconf 87' lang='lat' dir='ltr'><em>scientiam</em></span> <span class='ocrx_word' id='word_1_759' title='bbox 1391 2079 1554 2113; x_wconf 89' lang='lat' dir='ltr'><em>humanam,</em></span> <span class='ocrx_word' id='word_1_760' title='bbox 1575 2087 1657 2116; x_wconf 88' lang='lat' dir='ltr'><em>quam</em></span> <span class='ocrx_word' id='word_1_761' title='bbox 1678 2086 1760 2115; x_wconf 91' lang='lat' dir='ltr'><em>super</em></span> <span class='ocrx_word' id='word_1_762' title='bbox 1775 2079 1861 2107; x_wconf 88' lang='lat' dir='ltr'><em>bonos</em></span> 
     </span>
     <span class='ocr_line' id='line_1_105' title="bbox 1022 2125 1861 2162; baseline -0.002 -7"><span class='ocrx_word' id='word_1_763' title='bbox 1022 2127 1146 2156; x_wconf 89' lang='lat' dir='ltr'><em>videmus</em></span> <span class='ocrx_word' id='word_1_764' title='bbox 1161 2127 1263 2155; x_wconf 84' lang='lat' dir='ltr'><em>habere</em></span> <span class='ocrx_word' id='word_1_765' title='bbox 1278 2126 1365 2155; x_wconf 85' lang='lat' dir='ltr'><em>malos</em></span> <span class='ocrx_word' id='word_1_766' title='bbox 1380 2126 1518 2159; x_wconf 86' lang='lat' dir='ltr'><em>homines,</em></span> <span class='ocrx_word' id='word_1_767' title='bbox 1540 2126 1586 2154; x_wconf 89' lang='lat' dir='ltr'><em>sed</em></span> <span class='ocrx_word' id='word_1_768' title='bbox 1608 2125 1765 2162; x_wconf 88' lang='lat' dir='ltr'><em>sapientiam</em></span> <span class='ocrx_word' id='word_1_769' title='bbox 1788 2125 1861 2153; x_wconf 85' lang='lat' dir='ltr'><em>cbri-</em></span> 
     </span>
     <span class='ocr_line' id='line_1_106' title="bbox 1022 2172 1860 2208; baseline -0.004 -6"><span class='ocrx_word' id='word_1_770' title='bbox 1022 2174 1146 2203; x_wconf 85' lang='lat' dir='ltr'><em>stianam.</em></span> <span class='ocrx_word' id='word_1_771' title='bbox 1168 2173 1205 2201; x_wconf 77' lang='lat' dir='ltr'><em>Ad</em></span> <span class='ocrx_word' id='word_1_772' title='bbox 1227 2174 1305 2201; x_wconf 86' lang='lat' dir='ltr'><em>istam</em></span> <span class='ocrx_word' id='word_1_773' title='bbox 1329 2176 1407 2201; x_wconf 84' lang='lat' dir='ltr'><em>vocat</em></span> <span class='ocrx_word' id='word_1_774' title='bbox 1427 2180 1477 2201; x_wconf 89' lang='lat' dir='ltr'><em>nos</em></span> <span class='ocrx_word' id='word_1_775' title='bbox 1498 2172 1640 2206; x_wconf 88' lang='lat' dir='ltr'><em>Christus,</em></span> <span class='ocrx_word' id='word_1_776' title='bbox 1662 2172 1798 2208; x_wconf 86' lang='lat' dir='ltr'><em>Sapientia</em></span> <span class='ocrx_word' id='word_1_777' title='bbox 1816 2179 1860 2199; x_wconf 88' lang='lat' dir='ltr'><em>ae-</em></span> 
     </span>
     <span class='ocr_line' id='line_1_107' title="bbox 1021 2217 1862 2256; baseline -0.004 -8"><span class='ocrx_word' id='word_1_778' title='bbox 1021 2224 1115 2253; x_wconf 89' lang='lat' dir='ltr'><em>terna,</em></span> <span class='ocrx_word' id='word_1_779' title='bbox 1138 2220 1163 2248; x_wconf 90' lang='lat' dir='ltr'><em>in</em></span> <span class='ocrx_word' id='word_1_780' title='bbox 1187 2219 1374 2248; x_wconf 86' lang='lat' dir='ltr'><em>Ecclesiastico</em></span> <span class='ocrx_word' id='word_1_781' title='bbox 1385 2219 1396 2235; x_wconf 74' lang='lat'>⁸</span> <span class='ocrx_word' id='word_1_782' title='bbox 1415 2219 1523 2248; x_wconf 88' lang='lat' dir='ltr'><em>dicens:</em></span> <span class='ocrx_word' id='word_1_783' title='bbox 1540 2219 1599 2255; x_wconf 88' lang='lat' dir='ltr'><em>qu</em></span> <span class='ocrx_word' id='word_1_784' title='bbox 1614 2219 1701 2256; x_wconf 85' lang='lat' dir='ltr'><em>quasi</em></span> <span class='ocrx_word' id='word_1_785' title='bbox 1714 2218 1780 2246; x_wconf 77' lang='lat' dir='ltr'><em>vitis</em></span> <span class='ocrx_word' id='word_1_786' title='bbox 1794 2217 1862 2255; x_wconf 84' lang='lat' dir='ltr'><em>fru-</em></span> 
     </span>
     <span class='ocr_line' id='line_1_108' title="bbox 1021 2265 1862 2302; baseline -0.002 -8"><span class='ocrx_word' id='word_1_787' title='bbox 1021 2266 1150 2302; x_wconf 79' lang='lat' dir='ltr'><em>ctificavi</em></span> <span class='ocrx_word' id='word_1_788' title='bbox 1175 2266 1350 2293; x_wconf 78' lang='lat' dir='ltr'><em>suauitatem</em></span> <span class='ocrx_word' id='word_1_789' title='bbox 1372 2265 1479 2293; x_wconf 71' lang='lat' dir='ltr'><em>odoris.</em></span> <span class='ocrx_word' id='word_1_790' title='bbox 1502 2265 1555 2293; x_wconf 90' lang='lat' dir='ltr'><em>Hoc</em></span> <span class='ocrx_word' id='word_1_791' title='bbox 1575 2265 1655 2298; x_wconf 87' lang='lat' dir='ltr'><em>dicit,</em></span> <span class='ocrx_word' id='word_1_792' title='bbox 1678 2265 1703 2292; x_wconf 94' lang='lat' dir='ltr'><em>in</em></span> <span class='ocrx_word' id='word_1_793' title='bbox 1725 2267 1862 2301; x_wconf 87' lang='lat' dir='ltr'><em>quantum</em></span> 
     </span>
     <span class='ocr_line' id='line_1_109' title="bbox 1021 2312 1861 2349; baseline -0.002 -8"><span class='ocrx_word' id='word_1_794' title='bbox 1021 2316 1062 2341; x_wconf 89' lang='lat' dir='ltr'><em>est</em></span> <span class='ocrx_word' id='word_1_795' title='bbox 1092 2313 1169 2349; x_wconf 85' lang='lat' dir='ltr'><em>origo</em></span> <span class='ocrx_word' id='word_1_796' title='bbox 1201 2312 1322 2340; x_wconf 85' lang='lat' dir='ltr'><em>omnium</em></span> <span class='ocrx_word' id='word_1_797' title='bbox 1358 2316 1584 2345; x_wconf 83' lang='lat' dir='ltr'><em>creaturarum,</em></span> <span class='ocrx_word' id='word_1_798' title='bbox 1616 2319 1686 2348; x_wconf 86' lang='lat' dir='ltr'><em>quae</em></span> <span class='ocrx_word' id='word_1_799' title='bbox 1717 2314 1782 2340; x_wconf 87' lang='lat' dir='ltr'><em>sunt</em></span> <span class='ocrx_word' id='word_1_800' title='bbox 1813 2318 1861 2347; x_wconf 90' lang='lat' dir='ltr'><em>per</em></span> 
     </span>
     <span class='ocr_line' id='line_1_110' title="bbox 1022 2358 1863 2395; baseline -0.002 -8"><span class='ocrx_word' id='word_1_801' title='bbox 1022 2359 1171 2393; x_wconf 81' lang='lat' dir='ltr'><em>mundum3</em></span> <span class='ocrx_word' id='word_1_802' title='bbox 1194 2358 1251 2395; x_wconf 86' lang='lat' dir='ltr'><em>ipse</em></span> <span class='ocrx_word' id='word_1_803' title='bbox 1272 2358 1343 2386; x_wconf 88' lang='lat' dir='ltr'><em>enim</em></span> <span class='ocrx_word' id='word_1_804' title='bbox 1366 2358 1490 2386; x_wconf 70' lang='lat' dir='ltr'><em>extendit</em></span> <span class='ocrx_word' id='word_1_805' title='bbox 1517 2358 1650 2394; x_wconf 84' lang='lat' dir='ltr'><em>palmites</em></span> <span class='ocrx_word' id='word_1_806' title='bbox 1676 2366 1745 2386; x_wconf 83' lang='lat' dir='ltr'><em>suos</em></span> <span class='ocrx_word' id='word_1_807' title='bbox 1773 2366 1863 2395; x_wconf 87' lang='lat' dir='ltr'><em>usque</em></span> 
     </span>
     <span class='ocr_line' id='line_1_111' title="bbox 1022 2404 1863 2443; baseline -0.002 -9"><span class='ocrx_word' id='word_1_808' title='bbox 1022 2406 1062 2434; x_wconf 84' lang='lat' dir='ltr'><em>ad</em></span> <span class='ocrx_word' id='word_1_809' title='bbox 1082 2414 1174 2439; x_wconf 86' lang='lat' dir='ltr'><em>mare,</em></span> <span class='ocrx_word' id='word_1_810' title='bbox 1190 2409 1215 2433; x_wconf 87' lang='lat' dir='ltr'><em>et</em></span> <span class='ocrx_word' id='word_1_811' title='bbox 1232 2413 1322 2443; x_wconf 80' lang='lat' dir='ltr'><em>usque</em></span> <span class='ocrx_word' id='word_1_812' title='bbox 1343 2405 1383 2433; x_wconf 76' lang='lat' dir='ltr'><em>acl</em></span> <span class='ocrx_word' id='word_1_813' title='bbox 1402 2404 1510 2441; x_wconf 77' lang='lat' dir='ltr'><em>flumen</em></span> <span class='ocrx_word' id='word_1_814' title='bbox 1528 2405 1705 2441; x_wconf 83' lang='lat' dir='ltr'><em>propaqines</em></span> <span class='ocrx_word' id='word_1_815' title='bbox 1725 2405 1796 2432; x_wconf 85' lang='lat' dir='ltr'><em>eius.</em></span> <span class='ocrx_word' id='word_1_816' title='bbox 1818 2405 1863 2432; x_wconf 87' lang='lat' dir='ltr'><em>Se-</em></span> 
     </span>
     <span class='ocr_line' id='line_1_112' title="bbox 1022 2451 1863 2489; baseline -0.002 -8"><span class='ocrx_word' id='word_1_817' title='bbox 1022 2453 1132 2489; x_wconf 88' lang='lat' dir='ltr'><em>quitur:</em></span> <span class='ocrx_word' id='word_1_818' title='bbox 1158 2453 1215 2489; x_wconf 88' lang='lat' dir='ltr'><em>qu</em></span> <span class='ocrx_word' id='word_1_819' title='bbox 1237 2457 1330 2480; x_wconf 87' lang='lat' dir='ltr'><em>mater</em></span> <span class='ocrx_word' id='word_1_820' title='bbox 1358 2451 1481 2488; x_wconf 85' lang='lat' dir='ltr'><em>pulcrae</em></span> <span class='ocrx_word' id='word_1_821' title='bbox 1508 2451 1666 2479; x_wconf 81' lang='lat' dir='ltr'><em>dilectionis</em></span> <span class='ocrx_word' id='word_1_822' title='bbox 1687 2454 1712 2479; x_wconf 82' lang='lat' dir='ltr'><em>et</em></span> <span class='ocrx_word' id='word_1_823' title='bbox 1732 2451 1863 2484; x_wconf 79' lang='lat' dir='ltr'><em>timoris,-</em></span> 
     </span>
     <span class='ocr_line' id='line_1_113' title="bbox 1022 2498 1863 2535; baseline -0.001 -8"><span class='ocrx_word' id='word_1_824' title='bbox 1022 2500 1074 2527; x_wconf 90' lang='lat' dir='ltr'><em>hoc</em></span> <span class='ocrx_word' id='word_1_825' title='bbox 1095 2499 1168 2532; x_wconf 89' lang='lat' dir='ltr'><em>dicit,</em></span> <span class='ocrx_word' id='word_1_826' title='bbox 1184 2498 1211 2526; x_wconf 90' lang='lat' dir='ltr'><em>in</em></span> <span class='ocrx_word' id='word_1_827' title='bbox 1226 2501 1359 2534; x_wconf 78' lang='lat' dir='ltr'><em>quantum</em></span> <span class='ocrx_word' id='word_1_828' title='bbox 1382 2502 1422 2526; x_wconf 85' lang='lat' dir='ltr'><em>est</em></span> <span class='ocrx_word' id='word_1_829' title='bbox 1436 2498 1513 2534; x_wconf 84' lang='lat' dir='ltr'><em>origo</em></span> <span class='ocrx_word' id='word_1_830' title='bbox 1527 2498 1656 2526; x_wconf 85' lang='lat' dir='ltr'><em>iustitiae</em></span> <span class='ocrx_word' id='word_1_831' title='bbox 1663 2508 1672 2531; x_wconf 89' lang='lat'><em>,·</em></span> <span class='ocrx_word' id='word_1_832' title='bbox 1687 2498 1718 2526; x_wconf 87' lang='lat' dir='ltr'><em>in</em></span> <span class='ocrx_word' id='word_1_833' title='bbox 1732 2506 1776 2526; x_wconf 88' lang='lat' dir='ltr'><em>me</em></span> <span class='ocrx_word' id='word_1_834' title='bbox 1791 2506 1863 2535; x_wconf 83' lang='lat' dir='ltr'><em>qra-</em></span> 
     </span>
     <span class='ocr_line' id='line_1_114' title="bbox 1022 2544 1863 2581; baseline -0.001 -8"><span class='ocrx_word' id='word_1_835' title='bbox 1022 2546 1064 2574; x_wconf 83' lang='lat' dir='ltr'><em>tia</em></span> <span class='ocrx_word' id='word_1_836' title='bbox 1085 2545 1179 2574; x_wconf 83' lang='lat' dir='ltr'><em>omnis</em></span> <span class='ocrx_word' id='word_1_837' title='bbox 1199 2545 1264 2573; x_wconf 80' lang='lat' dir='ltr'><em>viae</em></span> <span class='ocrx_word' id='word_1_838' title='bbox 1285 2548 1310 2572; x_wconf 91' lang='lat' dir='ltr'><em>et</em></span> <span class='ocrx_word' id='word_1_839' title='bbox 1330 2545 1478 2577; x_wconf 75' lang='lat' dir='ltr'><em>veritatis,</em></span> <span class='ocrx_word' id='word_1_840' title='bbox 1501 2544 1528 2573; x_wconf 92' lang='lat' dir='ltr'><em>in</em></span> <span class='ocrx_word' id='word_1_841' title='bbox 1555 2547 1689 2581; x_wconf 81' lang='lat' dir='ltr'><em>quantum</em></span> <span class='ocrx_word' id='word_1_842' title='bbox 1719 2547 1759 2573; x_wconf 91' lang='lat' dir='ltr'><em>est</em></span> <span class='ocrx_word' id='word_1_843' title='bbox 1786 2544 1863 2581; x_wconf 86' lang='lat' dir='ltr'><em>origo</em></span> 
     </span>
     <span class='ocr_line' id='line_1_115' title="bbox 1022 2591 1863 2629; baseline -0.001 -9"><span class='ocrx_word' id='word_1_844' title='bbox 1022 2592 1184 2629; x_wconf 86' lang='lat' dir='ltr'><em>sapientiae</em></span> <span class='ocrx_word' id='word_1_845' title='bbox 1211 2592 1238 2619; x_wconf 92' lang='lat' dir='ltr'><em>in</em></span> <span class='ocrx_word' id='word_1_846' title='bbox 1270 2591 1365 2625; x_wconf 87' lang='lat' dir='ltr'><em>nobis;</em></span> <span class='ocrx_word' id='word_1_847' title='bbox 1387 2594 1413 2619; x_wconf 92' lang='lat' dir='ltr'><em>et</em></span> <span class='ocrx_word' id='word_1_848' title='bbox 1445 2591 1505 2619; x_wconf 91' lang='lat' dir='ltr'><em>ideo</em></span> <span class='ocrx_word' id='word_1_849' title='bbox 1532 2591 1640 2619; x_wconf 88' lang='lat' dir='ltr'><em>subdit:</em></span> <span class='ocrx_word' id='word_1_850' title='bbox 1669 2591 1802 2619; x_wconf 85' lang='lat' dir='ltr'><em>Transite</em></span> <span class='ocrx_word' id='word_1_851' title='bbox 1824 2591 1863 2619; x_wconf 73' lang='lat' dir='ltr'><em>acl</em></span> 
     </span>
     <span class='ocr_line' id='line_1_116' title="bbox 1022 2638 1862 2676; baseline -0.002 -8"><span class='ocrx_word' id='word_1_852' title='bbox 1022 2648 1083 2673; x_wconf 86' lang='lat' dir='ltr'><em>me,</em></span> <span class='ocrx_word' id='word_1_853' title='bbox 1106 2647 1218 2672; x_wconf 88' lang='lat' dir='ltr'><em>omnes,</em></span> <span class='ocrx_word' id='word_1_854' title='bbox 1234 2639 1285 2676; x_wconf 83' lang='lat' dir='ltr'><em>qui</em></span> <span class='ocrx_word' id='word_1_855' title='bbox 1298 2638 1501 2675; x_wconf 82' lang='lat' dir='ltr'><em>concupiscitis</em></span> <span class='ocrx_word' id='word_1_856' title='bbox 1515 2646 1575 2671; x_wconf 87' lang='lat' dir='ltr'><em>me,</em></span> <span class='ocrx_word' id='word_1_857' title='bbox 1590 2638 1622 2666; x_wconf 88' lang='lat' dir='ltr'><em>ad</em></span> <span class='ocrx_word' id='word_1_858' title='bbox 1638 2646 1681 2667; x_wconf 86' lang='lat' dir='ltr'><em>me</em></span> <span class='ocrx_word' id='word_1_859' title='bbox 1695 2638 1862 2667; x_wconf 82' lang='lat' dir='ltr'><em>crucifixum</em></span> 
     </span>
     <span class='ocr_line' id='line_1_117' title="bbox 1024 2684 1863 2723; baseline -0.002 -9"><span class='ocrx_word' id='word_1_860' title='bbox 1024 2694 1073 2723; x_wconf 90' lang='lat' dir='ltr'><em>pro</em></span> <span class='ocrx_word' id='word_1_861' title='bbox 1095 2685 1187 2719; x_wconf 76' lang='lat' dir='ltr'><em>vobis,</em></span> <span class='ocrx_word' id='word_1_862' title='bbox 1208 2685 1241 2713; x_wconf 85' lang='lat' dir='ltr'><em>ad</em></span> <span class='ocrx_word' id='word_1_863' title='bbox 1270 2692 1380 2713; x_wconf 82' lang='lat' dir='ltr'><em>crucem</em></span> <span class='ocrx_word' id='word_1_864' title='bbox 1409 2692 1512 2718; x_wconf 80' lang='lat' dir='ltr'><em>meam3</em></span> <span class='ocrx_word' id='word_1_865' title='bbox 1542 2688 1566 2712; x_wconf 84' lang='lat' dir='ltr'><em>et</em></span> <span class='ocrx_word' id='word_1_866' title='bbox 1587 2693 1606 2712; x_wconf 92' lang='lat' dir='ltr'><em>a</em></span> <span class='ocrx_word' id='word_1_867' title='bbox 1629 2684 1863 2722; x_wconf 83' lang='lat' dir='ltr'><em>qenerationibus</em></span> 
     </span>
    </p>
   </div>
   <div class='ocr_carea' id='block_1_10' title="bbox 1086 2850 1866 2995">
    <p class='ocr_par' dir='ltr' id='par_1_16' title="bbox 1086 2850 1291 2873">
     <span class='ocr_line' id='line_1_118' title="bbox 1086 2850 1291 2873; baseline -0.005 -1"><span class='ocrx_word' id='word_1_868' title='bbox 1086 2850 1095 2863; x_wconf 82' lang='lat'><strong>⁵</strong></span> <span class='ocrx_word' id='word_1_869' title='bbox 1113 2850 1173 2872; x_wconf 85' lang='lat' dir='ltr'><em>Libr.</em></span> <span class='ocrx_word' id='word_1_870' title='bbox 1190 2851 1213 2873; x_wconf 92' lang='grc'><em>11.</em></span> <span class='ocrx_word' id='word_1_871' title='bbox 1231 2857 1253 2872; x_wconf 89' lang='grc'><em>11.</em></span> <span class='ocrx_word' id='word_1_872' title='bbox 1271 2851 1291 2871; x_wconf 79' lang='grc'><em>9.</em></span> 
     </span>
    </p>

    <p class='ocr_par' dir='ltr' id='par_1_17' title="bbox 1087 2888 1797 2917">
     <span class='ocr_line' id='line_1_119' title="bbox 1087 2888 1797 2917; baseline -0.004 -5"><span class='ocrx_word' id='word_1_873' title='bbox 1087 2889 1096 2901; x_wconf 75' lang='lat'><strong>⁶</strong></span> <span class='ocrx_word' id='word_1_874' title='bbox 1113 2889 1168 2917; x_wconf 83' lang='lat' dir='ltr'><em>Cap.</em></span> <span class='ocrx_word' id='word_1_875' title='bbox 1186 2890 1210 2917; x_wconf 77' lang='grc'><em>2,</em></span> <span class='ocrx_word' id='word_1_876' title='bbox 1228 2888 1254 2916; x_wconf 83' lang='lat'><em>7;</em></span> <span class='ocrx_word' id='word_1_877' title='bbox 1271 2892 1398 2917; x_wconf 80' lang='lat' dir='ltr'><em>sequuntur</em></span> <span class='ocrx_word' id='word_1_878' title='bbox 1415 2888 1478 2911; x_wconf 83' lang='lat' dir='ltr'><em>Cant.</em></span> <span class='ocrx_word' id='word_1_879' title='bbox 1497 2889 1518 2916; x_wconf 80' lang='grc'><em>2,</em></span> <span class='ocrx_word' id='word_1_880' title='bbox 1537 2888 1558 2910; x_wconf 88' lang='grc'><em>3.</em></span> <span class='ocrx_word' id='word_1_881' title='bbox 1576 2891 1597 2910; x_wconf 82' lang='lat' dir='ltr'><em>et</em></span> <span class='ocrx_word' id='word_1_882' title='bbox 1614 2893 1632 2909; x_wconf 82' lang='lat' dir='ltr'><em>c.</em></span> <span class='ocrx_word' id='word_1_883' title='bbox 1653 2889 1676 2914; x_wconf 75' lang='lat' dir='ltr'><em>l,</em></span> <span class='ocrx_word' id='word_1_884' title='bbox 1698 2889 1732 2909; x_wconf 87' lang='grc'><em>12.</em></span> <span class='ocrx_word' id='word_1_885' title='bbox 1748 2894 1797 2916; x_wconf 84' lang='lat' dir='ltr'><em>seq.</em></span> 
     </span>
    </p>

    <p class='ocr_par' dir='ltr' id='par_1_18' title="bbox 1088 2926 1866 2995">
     <span class='ocr_line' id='line_1_120' title="bbox 1088 2926 1866 2956; baseline -0.003 -6"><span class='ocrx_word' id='word_1_886' title='bbox 1088 2927 1096 2940; x_wconf 89' lang='lat'><em>⁷</em></span> <span class='ocrx_word' id='word_1_887' title='bbox 1114 2928 1169 2956; x_wconf 83' lang='lat' dir='ltr'><em>Cap.</em></span> <span class='ocrx_word' id='word_1_888' title='bbox 1187 2928 1211 2954; x_wconf 86' lang='lat'><em>3,</em></span> <span class='ocrx_word' id='word_1_889' title='bbox 1234 2928 1272 2954; x_wconf 81' lang='grc'><em>15;</em></span> <span class='ocrx_word' id='word_1_890' title='bbox 1289 2931 1416 2956; x_wconf 85' lang='lat' dir='ltr'><em>sequuntur</em></span> <span class='ocrx_word' id='word_1_891' title='bbox 1430 2928 1451 2949; x_wconf 91' lang='lat' dir='ltr'><em>ll.</em></span> <span class='ocrx_word' id='word_1_892' title='bbox 1465 2927 1515 2949; x_wconf 87' lang='lat' dir='ltr'><em>Cor.</em></span> <span class='ocrx_word' id='word_1_893' title='bbox 1530 2927 1549 2954; x_wconf 79' lang='lat'><em>4,</em></span> <span class='ocrx_word' id='word_1_894' title='bbox 1563 2927 1599 2949; x_wconf 88' lang='grc'><em>17.</em></span> <span class='ocrx_word' id='word_1_895' title='bbox 1613 2933 1661 2955; x_wconf 88' lang='lat' dir='ltr'><em>seq.</em></span> <span class='ocrx_word' id='word_1_896' title='bbox 1679 2929 1700 2948; x_wconf 77' lang='lat' dir='ltr'><em>et</em></span> <span class='ocrx_word' id='word_1_897' title='bbox 1712 2927 1766 2949; x_wconf 88' lang='lat' dir='ltr'><em>Luc.</em></span> <span class='ocrx_word' id='word_1_898' title='bbox 1778 2926 1815 2953; x_wconf 78' lang='lat'><em>24,</em></span> <span class='ocrx_word' id='word_1_899' title='bbox 1828 2927 1866 2949; x_wconf 80' lang='lat'><em>26.</em></span> 
     </span>
     <span class='ocr_line' id='line_1_121' title="bbox 1088 2965 1864 2995; baseline -0.003 -6"><span class='ocrx_word' id='word_1_900' title='bbox 1088 2966 1096 2979; x_wconf 57' lang='grc' dir='ltr'><strong>Β</strong></span> <span class='ocrx_word' id='word_1_901' title='bbox 1114 2966 1170 2995; x_wconf 84' lang='lat' dir='ltr'><em>Cap.</em></span> <span class='ocrx_word' id='word_1_902' title='bbox 1187 2966 1223 2994; x_wconf 69' lang='lat'><em>24,</em></span> <span class='ocrx_word' id='word_1_903' title='bbox 1242 2967 1282 2993; x_wconf 74' lang='lat'><em>233</em></span> <span class='ocrx_word' id='word_1_904' title='bbox 1300 2969 1428 2995; x_wconf 84' lang='lat' dir='ltr'><em>sequuntur</em></span> <span class='ocrx_word' id='word_1_905' title='bbox 1440 2967 1475 2988; x_wconf 84' lang='lat' dir='ltr'><em>Ps.</em></span> <span class='ocrx_word' id='word_1_906' title='bbox 1487 2966 1524 2992; x_wconf 83' lang='lat'><em>79,</em></span> <span class='ocrx_word' id='word_1_907' title='bbox 1542 2966 1574 2988; x_wconf 83' lang='grc'><em>12.</em></span> <span class='ocrx_word' id='word_1_908' title='bbox 1587 2969 1607 2987; x_wconf 85' lang='lat' dir='ltr'><em>et</em></span> <span class='ocrx_word' id='word_1_909' title='bbox 1624 2966 1690 2988; x_wconf 86' lang='lat' dir='ltr'><em>Eccli.</em></span> <span class='ocrx_word' id='word_1_910' title='bbox 1703 2965 1739 2993; x_wconf 73' lang='lat'><em>24,</em></span> <span class='ocrx_word' id='word_1_911' title='bbox 1752 2965 1789 2988; x_wconf 76' lang='lat'><em>24.</em></span> <span class='ocrx_word' id='word_1_912' title='bbox 1800 2971 1864 2994; x_wconf 83' lang='lat' dir='ltr'><em>seqq.</em></span> 
     </span>
    </p>
   </div>
  </div>
 </body>
</html>
