2243 3348
246 363 327 382 Nonum.

223 705 327 724 Decimum.

201 917 330 936 Undecimum.

201 1172 266 1191 Modus
277 1177 332 1196 geue-

242 1196 294 1214 ralis.

261 1342 328 1361 Aliter.

216 1598 325 1625 Exemplum

228 1627 315 1646 primum.

216 1808 329 1828 Secundum.

201 2234 255 2254 Alius
262 2234 335 2253 modus.

216 2278 325 2304 Exemplum

227 2306 315 2324 primum.

214 2491 328 2510 Secundum.

349 155 382 183 14

344 233 466 264 gratiam:
486 232 600 257 Pascam
619 238 675 256 oves
693 237 778 259 ·meas;
797 229 859 254 etin
874 227 959 252 futuro
971 227 1090 258 gloriam:
1112 226 1135 249 et
1148 231 1186 249 ae-

346 275 438 300 cabare
456 282 498 299 eas
517 273 622 304 facia-m.

415 318 493 347 Item,
514 316 575 341 illud
593 316 624 340 ad
642 315 763 346 Ephesios
780 314 868 339 ultimo
880 312 900 337 ¹:
915 311 1020 337 Inclctite
1038 317 1082 335 vos
1101 316 1188 334 arma-

346 362 431 385 turam
449 360 515 391 Dei,
533 360 563 383 ut
575 358 683 389 possitis
710 358 777 382 stare
805 355 927 380 adversus
952 353 1060 378 insidias
1079 352 1186 377 diaboli.

345 402 434 428 Reddit
451 402 491 426 hic
508 408 554 426 nos
572 400 708 431 Apostolus
727 398 845 424 sollicitos
863 397 894 422 ad
914 396 1072 421 muniendum
1092 395 1116 419 et
1133 401 1187 419 cau-

345 446 385 471 tos
403 445 434 470 ad
453 443 625 469 resistendum.
644 442 727 467 Primo
745 440 863 466 hortatur
881 439 913 464 ad
940 438 1071 470 spirituale
1090 438 1187 462 animae

345 486 538 513 munimentum:
558 485 663 510 Incluite
682 485 845 508 armaturam
870 482 937 511 Dei;
956 481 1062 506 secundo
1080 479 1188 511 explicat

345 530 435 555 diaboli
454 528 692 554 machinamentum:
711 527 742 551 ut
754 525 862 556 possitis
890 525 959 549 stare
987 523 1108 548 adversas
1127 522 1188 547 iasi-

346 573 403 598 dias
422 571 526 596 diaboli.
546 571 657 595 Primum
682 568 721 593 est
746 568 777 592 ad
796 567 984 599 protegendum,
1003 566 1135 591 secundum
1156 565 1187 589 ad

345 614 517 640 resistendum.

414 657 492 685 Item,
513 655 621 686 ponatur
638 653 700 679 illud
726 653 848 677 Matthaei
876 650 999 683 qnarto²z
1025 651 1112 676 Venite
1127 651 1189 681 post

344 706 391 730 me,
410 700 434 723 et
450 698 559 729 faciam,
577 704 621 721 vos
639 696 696 726 fieri
709 696 855 726 piscatores
882 695 1030 723 hominum,-
1049 694 1074 718 et
1090 693 1186 718 dicetur

345 742 392 766 sie:
412 740 503 765 invitat
522 746 562 764 eos
581 739 611 763 ad
630 737 804 769 perfectionem
824 737 919 761 meriti:
955 736 1040 761 Venite
1054 736 1116 766 post
1134 742 1188 765 me,-

345 784 369 809 et
388 783 507 815 praedicit
525 781 704 807 sublimitatem
723 781 808 806 officii:
822 781 846 805 et
856 779 967 809 faciam,
983 786 1024 804 ros
1037 778 1094 809 fieri
1102 778 1188 809 pisca-

346 828 413 852 tores
431 826 570 850 hominum.

415 868 527 894 Ponatur
545 868 620 892 etiam
639 867 701 891 illud
720 866 751 891 ad
764 866 888 891 Romanos
900 864 987 896 quinto
1000 864 1092 889 decimo
1103 862 1126 887 ⁸:
1142 862 1188 888 Sa—

344 912 432 942 seipite
450 912 569 941 invicem,
588 911 656 935 sicut
673 911 696 933 et
719 908 837 934 Christus
861 908 972 938 suscepit
994 914 1038 932 vos
1064 907 1092 931 itt
1111 906 1187 931 Itono-

345 962 398 979 rem
417 955 482 983 Dei,-
500 954 525 978 et
546 953 640 978 dicetur
668 953 715 977 sic:
741 951 859 976 hortatur
877 958 922 975 nos
940 950 979 974 his
999 949 1137 981 Apostolus
1156 949 1188 974 ad

345 997 469 1021 vinculum
489 995 617 1024 caritatis,
636 995 661 1019 et
681 995 767 1025 primo,
781 993 867 1024 verbo,
881 993 905 1017 id
919 992 957 1016 est
970 992 1026 1016 utili
1039 992 1186 1016 monitione:

345 1039 471 1069 Suscipere
490 1038 594 1062 invicem
601 1046 609 1067 ;
629 1036 745 1065 secundo‚
764 1035 890 1066 exemplo,
910 1035 934 1059 id
948 1035 986 1059 est
1000 1035 1116 1059 imitabili
1136 1042 1188 1065 per-

344 1082 460 1106 fectione:
479 1081 547 1105 sicat
564 1081 588 1104 et
609 1078 728 1104 Christus
746 1078 857 1108 suscepit
875 1085 924 1102 ros.

415 1124 462 1148 Hic
479 1123 563 1148 autem
582 1122 668 1147 modus
686 1121 810 1153 generalis
829 1120 867 1145 est
885 1121 910 1145 in
924 1120 1038 1145 omnibus
1056 1120 1189 1145 auctorita—

346 1167 413 1192 tibus
440 1166 589 1191 habentibus
617 1172 715 1189 sensum
742 1164 830 1192 istum,
855 1163 885 1188 ut
911 1163 950 1187 ost
977 1163 1039 1187 illud
1067 1162 1189 1187 Matthaei

346 1210 432 1241 quinto
445 1209 468 1233 ⁴:
488 1209 578 1233 Estote
596 1215 655 1239 erqo
674 1214 718 1231 vos
734 1205 852 1237 perfecti,
871 1206 938 1231 sicat
963 1207 986 1230 et
1003 1206 1085 1230 Pater
1109 1207 1190 1230 vester

346 1252 460 1277 caelestis
468 1250 597 1283 perfectus
616 1251 667 1279 est;
686 1250 711 1274 et
729 1249 790 1274 illud
804 1249 835 1273 ad
848 1249 969 1280 Ephesios
987 1249 1074 1280 quinto
1088 1247 1111 1272 ⁵:
1126 1248 1190 1273 Am-

346 1295 432 1319 bulate
457 1295 484 1318 in
506 1293 653 1324 dilectione,
680 1294 747 1318 sicat
770 1293 793 1316 et
821 1291 940 1317 Christus
965 1291 1055 1316 dilexit
1078 1299 1140 1321 ⁹2⁰8?
1165 1291 1190 1316 et

346 1338 427 1363 omnia
446 1337 515 1361 talia.
535 1351 569 1354 —-
588 1336 741 1367 Quamquam
762 1336 925 1367 praemissum
944 1335 1045 1360 verbum
1065 1335 1139 1360 aliter
1157 1335 1190 1359 (11-

345 1381 395 1405 vidi
408 1380 498 1411 possit,
518 1380 547 1404 ut
560 1380 656 1404 dicatur
668 1380 697 1403 ut
717 1386 806 1410 supra:
827 1379 866 1403 hic
884 1378 1002 1403 hortatur
1014 1378 1045 1402 ad
1064 1378 1190 1402 vinculum

345 1424 468 1452 caritatis,
488 1423 513 1447 et
533 1423 659 1454 ponuntur
671 1422 710 1447 hic
723 1422 783 1446 tria:
798 1422 915 1446 materia:
931 1420 1058 1452 Suscipite
1071 1421 1176 1446 invicem
1182 1429 1190 1451 ‚-

344 1467 436 1492 forma:
456 1466 523 1491 sicat
540 1467 564 1490 et
580 1465 713 1495 Clo-istu&
732 1465 757 1490 et
775 1464 846 1489 finis:
867 1465 894 1489 ia
908 1464 1029 1489 honorem
1042 1464 1101 1489 Dei.
1114 1464 1191 1488 Mate-

344 1509 382 1533 ria
400 1508 438 1533 est
453 1509 567 1536 univoca,
581 1507 660 1532 forma
672 1507 711 1532 est
725 1507 839 1535 mirifica.
852 1507 895 1531 scd
908 1507 965 1531 finis
978 1507 1016 1531 est
1029 1506 1187 1532 honorificus.

416 1551 456 1575 23.
477 1551 553 1580 Item,
574 1551 612 1575 est
631 1550 695 1574 alius
720 1550 821 1578 modus,
842 1549 944 1580 propter
963 1557 1034 1581 quem
1060 1549 1192 1574 ostenden-

346 1594 404 1619 dum
423 1594 530 1624 ponatur
543 1593 605 1618 illud
617 1593 698 1617 Lucae
711 1593 800 1624 quarto
814 1592 905 1617 decimo
920 1591 943 1616 ⁰:
963 1591 1067 1623 Amice,
1087 1592 1191 1617 ascende

345 1637 478 1667 saperius5
494 1636 519 1660 et
538 1636 632 1661 dicetur
646 1636 692 1660 sic:
712 1636 804 1667 triplex
817 1635 901 1660 status
913 1635 1053 1660 ostenditur
1072 1635 1125 1664 1110,
1139 1635 1192 1659 sta-

346 1679 388 1703 tus
416 1678 508 1703 scilicet
535 1679 589 1703 viae
617 1678 773 1709 incipientis:
802 1677 908 1708 Amiee‚·
935 1678 989 1702 viae
1018 1678 1189 1709 proficientis:

346 1721 466 1751 ascemle;
484 1721 510 1745 et
527 1722 581 1745 viae
600 1721 781 1752 pervenientis:
801 1721 928 1751 saperius.

416 1763 533 1788 Similiter
552 1763 583 1788 ad
601 1763 663 1788 illud
681 1763 838 1788 Canticorum
858 1763 963 1788 secundo
975 1762 998 1787 ⁷:
1020 1763 1114 1794 Saroe,
1129 1771 1191 1794 pro-

344 1814 418 1837 pera,
437 1807 521 1831 amica
538 1813 609 1837 mea,
627 1806 742 1836 speciosa
759 1813 824 1836 mea,
850 1807 873 1830 et
890 1806 960 1837 veni,
980 1806 1096 1830 columba
1120 1813 1191 1836 ·nzea‚·

347 1849 442 1874 dicetur
461 1850 508 1873 sic:
527 1848 567 1873 1110
585 1849 611 1873 111
629 1848 728 1873 laudem
746 1848 858 1879 Virginis
877 1848 971 1873 Mariae
983 1848 1094 1879 loquitur
1112 1848 1191 1873 Filius

346 1891 424 1916 Matri
442 1891 467 1916 et
480 1891 634 1916 commendat
647 1898 700 1916 eam
720 1891 767 1915 sic:
787 1890 908 1922 quantum
922 1891 953 1915 ad
966 1891 1078 1915 initium:
1094 1890 1192 1922 δην-90,-

347 1934 497 1965 profectum:
512 1941 644 1965 propera;
667 1934 692 1958 et
716 1934 863 1958 terminum:
885 1935 908 1958 et
925 1934 989 1958 veni.
1009 1933 1135 1963 Quantum
1160 1934 1191 1958 ad

346 1977 445 2001 initium
470 1976 579 2001 ostendit
606 1983 659 2001 eam
677 1977 836 2007 ,qratiosanm
855 1976 977 2007 quantum
996 1976 1027 2000 ad
1046 1976 1191 2007 profectum,

348 2025 494 2050 operosam,
514 2018 539 2042 et
557 2018 679 2049 quantum
698 2018 730 2042 ad
754 2018 900 2047 terminum,
919 2019 1068 2049 speciosam.
1094 2018 1192 2042 Dicitur

347 2068 405 2093 ergo
417 2068 525 2092 sargyens
536 2061 562 2085 in
573 2060 641 2090 ortu:
653 2061 736 2085 amica
749 2060 851 2092 propter
864 2061 1063 2092 gratiositatem:
1075 2061 1192 2086 columba

342 2111 488 2135 properans
502 2104 605 2134 propter
618 2104 807 2134 operositatem:
819 2104 844 2128 et
853 2104 967 2135 speciosa
976 2104 1075 2129 veniens
1088 2104 1191 2135 propter

347 2146 546 2178 sponsalitatem.

418 2189 459 2214 24.
478 2189 557 2218 Item,
578 2189 643 2213 alius
670 2189 757 2214 modus
783 2190 834 2218 est,
861 2190 903 2220 qui
927 2189 1034 2214 occurrit
1058 2189 1191 2220 aliquando

347 2232 449 2263 propter
467 2231 585 2256 thematis
604 2231 764 2261 brevitatem,
784 2232 824 2256 ubi
843 2239 893 2256 una
913 2239 972 2262 pars
990 2233 1016 2256 111
1035 2233 1088 2263 ipso
1107 2232 1192 2256 dividi-

346 2274 388 2299 tur
407 2274 592 2306 distinguendo‚
612 2274 641 2299 ut
660 2275 730 2306 patet
748 2275 870 2300 Matthaei
889 2276 958 2300 sexto
972 2274 995 2299 Β;
1016 2275 1104 2300 Nolito
1122 2275 1191 2300 sollt-

349 2317 394 2342 citai
412 2324 463 2342 esse
481 2317 526 2342 etc.
541 2317 610 2342 Unde
629 2317 723 2342 dicetur
737 2318 869 2343 secundum
883 2318 949 2343 1111110
968 2318 1066 2343 modum
1085 2319 1133 2343 sic:
1148 2319 1192 2343 tri-

346 2360 402 2391 plex
420 2360 459 2385 est
478 2360 631 2385 sollicitudo:
650 2368 701 2385 una
709 2361 886 2392 praecipitur,
905 2361 986 2386 altera
999 2361 1153 2392 prohibetur
1166 2362 1191 2386 et

345 2402 421 2427 tertia
440 2403 589 2435 indalgyetar
603 2402 621 2427 ⁹.

415 2445 494 2475 Item,
517 2446 625 2477 ponatur
650 2447 712 2471 illud
730 2446 853 2471 Matthaei
878 2447 983 2472 secundo
998 2445 1032 2470 ¹⁰:
1058 2447 1191 2472 latrantes

346 2488 451 2513 domum
469 2489 620 2513 invenerunt
637 2489 754 2513 Puerum
772 2496 829 2514 eam
845 2489 951 2521 Maria,
970 2489 1060 2514 Matre
1078 2491 1147 2520 eias;
1166 2490 1191 2514 et

347 2531 479 2556 secundum
498 2532 563 2556 viam
578 2539 673 2557 morum
692 2532 786 2557 dicetur
806 2533 852 2557 sic:
873 2533 898 2557 in
917 2533 991 2558 verbo
1010 2533 1058 2558 isto
1077 2533 1190 2557 innuitur

1058 147 1118 176 Ans
1139 144 1368 175 CONClONANDl.

1243 223 1333 254 duplex
1352 229 1411 253 pars
1424 221 1639 252 contemplativae.
1660 221 1745 246 Prima
1758 221 1796 246 est
1814 221 1959 252 inquisitiva
1976 220 2088 245 internae

1243 265 1397 290 solitudinis:
1417 265 1569 294 latrante&
1587 264 1694 289 secunda
1712 264 1751 289 ost
1763 264 1893 296 gustativa
1912 264 2024 288 internae
2037 263 2089 288 dul—

1243 309 1348 333 cedinis:
1369 308 1527 332 tavanorum.

1315 350 1356 376 25.
1376 350 1456 379 Item,
1474 350 1538 374 alius
1557 350 1644 375 modus
1663 350 1702 374 est
1726 350 1798 381 qnasi
1823 350 1999 379 scholasticus,
2025 349 2089 374 sieut
2099 351 2207 374 Aliuumom.

1244 392 1315 424 patet
1328 393 1353 417 in
1366 392 1411 417 hoc
1423 392 1535 423 exemplo
1548 392 1670 417 Matthaei
1682 392 1802 423 vigesimo
1815 392 1921 417 secundo
1935 391 1970 416 ¹¹:
1989 390 2088 423 Amice,
2107 395 2192 422 Exempli.

1244 436 1369 467 quomodo
1384 435 1432 459 huc
1444 435 1560 465 intrasti,
1576 442 1628 459 non
1641 434 1736 459 habeas
1749 436 1840 459 'vestem
1852 433 2013 465 nuptialem?
2032 434 2090 460 Pro-
2119 423 2184 442 mmm

1244 478 1315 509 ponit
1334 478 1398 502 enim
1418 476 1447 501 ut
1465 477 1570 506 amicus,
1591 477 1616 501 et
1640 477 1781 508 interrogat
1805 477 1835 501 ut
1859 477 1970 507 nescius,
1995 477 2025 502 ut
2048 477 2090 502 <let

1244 520 1371 545 audaciam
1382 520 1554 551 respondendi.
1567 520 1602 544 Et
1614 520 1663 544 tria
1676 519 1749 544 facit:
1769 520 1855 551 arguit
1870 519 2088 551 ingratitudinem:

1244 562 1349 593 Amice:
1368 562 1507 587 admiratur
1521 562 1743 594 praesumtionem:
1764 562 1888 593 quomodo
1901 563 1951 587 huc
1963 563 2091 588 intrasti?

1245 605 1270 629 et
1288 605 1406 630 causatur
1425 605 1617 636 negligentiam:
1636 612 1690 629 ’νιονι
1708 604 1804 630 habens
1822 606 1912 630 vestem
1931 605 2081 635 nuptialem.

1314 647 1433 671 Similiter
1452 647 1515 671 illud
1527 647 1608 671 Isaiae
1622 646 1751 678 trigesimo
1770 647 1845 672 tertio
1860 646 1894 671 ¹²:
1917 647 1980 679 Quis
1994 647 2092 678 poterit

1245 690 1363 715 habitare
1382 690 1411 714 de
1431 690 1500 715 vobis
1518 696 1576 714 cam
1599 690 1657 721 iane
1681 689 1835 715 devorante?
1855 690 1913 715 Tria
1939 689 2011 715 facit:
2037 696 2092 721 pro-

1245 733 1316 764 ponit
1335 732 1518 764 quaestionem:
1541 733 1604 764 Quis
1623 733 1652 758 de
1670 732 1760 757 vobis?
1780 733 1886 757 assumit
1905 733 2033 764 poenalem
2051 732 2093 758 de-

1245 776 1394 800 tentionem:
1410 776 1509 806 poterit
1527 776 1661 806 habitare;
1679 776 1705 800 et
1723 775 1847 801 concludit
1859 776 2019 807 reproborum
2039 783 2093 801 con-

1245 819 1407 844 sumtionem:
1427 826 1484 843 eum
1504 819 1561 850 lyae
1580 819 1723 844 devorante.

1317 862 1361 886 Vel
1380 862 1442 886 illud
1461 861 1542 886 Lucae
1561 862 1647 892 quinto
1662 860 1696 886 ¹⁵³:
1718 861 1812 893 Surye,
1830 861 1890 886 tolle
1911 861 2001 886 lectam
2020 862 2092 886 taum

1245 906 1268 929 et
1286 904 1349 929 vade
1368 905 1395 929 in
1413 905 1517 929 domum
1531 906 1618 934 tuatim
1637 912 1684 936 quo
1704 905 1754 929 tria
1766 904 1901 929 notantur:
1921 904 2027 929 desertio
2044 904 2093 929 cul-

1246 955 1306 979 pae:
1328 946 1426 979 Sarye;
1445 947 1583 1007 satisfacXtio
1603 947 1782 978 poenitentiae:
1813 947 1872 972 tolle
1895 947 1985 972 lectwm
2005 948 2092 978 taam,-

1245 990 1270 1015 et
1289 990 1414 1021 profectus
1433 990 1557 1015 iustitiae:
1578 991 1602 1014 et
1619 991 1682 1015 vade
1701 990 1728 1014 in
1746 991 1850 1015 domam
1875 991 1955 1015 tumn.
1980 990 2035 1015 Sive
2054 997 2094 1015 re-

1245 1033 1340 1058 ctitudo
1359 1033 1442 1058 status
1461 1040 1505 1064 per
1524 1032 1686 1058 desertionem
1706 1033 1807 1064 cnlpae:
1826 1032 1946 1058 fortitudo
1964 1032 2036 1057 actus
2049 1040 2093 1064 per

1245 1076 1424 1100 exsecutionem
1438 1075 1562 1105 institiae;
1573 1075 1744 1106 promptitudo
1758 1075 1839 1100 motus
1852 1082 1896 1106 per
1906 1075 2093 1106 acquisitionem

1245 1119 1347 1150 gloriae.
1367 1119 1435 1143 Haec
1453 1119 1536 1143 autern
1561 1119 1648 1144 divisio
1667 1119 1803 1143 communis
1822 1118 1860 1143 est
1878 1119 1903 1143 in
1923 1118 2017 1143 multis.

1316 1161 1392 1191 Item,
1423 1162 1530 1192 ponatur
1558 1161 1620 1186 illud
1648 1161 1693 1186 Iob
1720 1161 1848 1192 trigesimo
1863 1159 1896 1185 l¹¹:
1921 1160 2094 1192 Comparatus
2109 1158 2208 1183 Quartum

1245 1211 1303 1229 sum
1330 1204 1384 1229 lato
1407 1205 1431 1229 et
1449 1204 1609 1229 assimilatas
1628 1212 1685 1229 sam
1705 1203 1811 1234 favillae
1829 1205 1853 1229 et
1871 1204 1957 1229 cineri.
1977 1204 2024 1229 Ubi
2043 1204 2093 1229 tria
2209 1202 2210 1205 ’

1246 1247 1275 1271 de
1294 1254 1319 1271 se
1337 1247 1490 1272 considerat:
1511 1247 1593 1271 ortum
1611 1246 1738 1277 fragilem:
1757 1246 1928 1277 Comparatas
1947 1254 2004 1272 sam
2024 1246 2093 1277 luto;

1247 1289 1341 1314 statum
1361 1290 1474 1314 habilem:
1495 1289 1656 1315 assimilatas
1674 1297 1732 1315 sam
1750 1289 1871 1320 favillae;
1889 1290 1914 1314 et
1932 1290 2025 1315 exitum
2043 1297 2094 1315 cor-

1247 1332 1404 1364 ruptibilem:
1424 1334 1447 1357 et
1465 1333 1552 1357 cineri.
1565 1334 1620 1358 Sive
1634 1334 1681 1358 sic:
1700 1332 1872 1365 Compararas
1891 1334 1915 1358 et
1933 1333 2093 1358 assimilatas

1247 1376 1273 1400 in
1291 1377 1374 1401 carnis
1393 1376 1544 1407 fragilitate,
1563 1377 1588 1401 in
1614 1376 1697 1401 status
1722 1376 1879 1401 volubilitate
1905 1376 1930 1400 et
1953 1376 1979 1400 in
2005 1376 2093 1401 mortis

1246 1419 1402 1444 necessitate.
1422 1419 1502 1444 Homo
1521 1419 1560 1443 est
1585 1419 1668 1443 latrem
1686 1419 1712 1443 in
1736 1419 1869 1450 primordio
1889 1418 1973 1448 ortus,
1999 1417 2094 1448 favilla

1246 1462 1272 1486 in
1292 1462 1369 1487 medio
1389 1462 1471 1486 status
1495 1462 1520 1486 et
1539 1462 1604 1487 einis
1628 1463 1653 1486 in
1673 1462 1807 1487 novissimo
1830 1462 1919 1486 exitus.
1942 1461 1976 1486 Et
1995 1462 2029 1486 510
2052 1469 2094 1487 va-

1247 1505 1361 1529 riandum
1381 1505 1419 1529 est
1438 1506 1463 1529 in
1482 1505 1546 1529 aliis.

1318 1548 1360 1572 26.
1380 1548 1513 1572 Praeterea
1533 1548 1571 1573 est
1589 1548 1654 1572 alius
1674 1548 1760 1573 modus
1780 1548 1916 1573 communis
1929 1548 1955 1573 et
1973 1547 2094 1578 eruditus⁷
2105 1545 2217 1565 Anusmodu

1247 1592 1289 1622 qui
1308 1591 1379 1622 patet
1396 1592 1422 1615 in
1441 1591 1486 1616 hoc
1505 1591 1624 1622 exemplo.
1637 1591 1750 1616 Ponatur
1768 1591 1831 1616 illud
1843 1591 1926 1616 Lucae
1938 1591 2044 1616 seeundo
2058 1589 2093 1615 ¹⁶:
2113 1588 2225 1636 Effi'fflssm

1247 1633 1407 1665 anazyelizo
1426 1634 1495 1658 vobis
1512 1634 1637 1665 glaudium
1655 1641 1794 1665 maenam,
1814 1634 1882 1665 qaod
1899 1634 1948 1659 erit
1965 1634 2035 1659 omni
2052 1641 2095 1665 po-

1242 1676 1322 1708 pulo,
1342 1677 1406 1707 quia
1423 1678 1503 1701 natus
1521 1678 1559 1701 est
1576 1677 1646 1701 vobis
1659 1677 1733 1701 hodie
1747 1676 1882 1709 Salvator,
1902 1677 1948 1708 qui
1960 1678 1997 1702 est
2018 1676 2096 1702 chri*-

1246 1720 1302 1744 stus
1321 1719 1463 1749 Dominus,
1484 1719 1511 1743 in
1530 1719 1631 1744 civitate
1650 1719 1746 1744 David.
1764 1719 1975 1745 Considerandum
1988 1720 2028 1745 hic
2041 1720 2093 1745 est:

1248 1762 1308 1791 Quis
1333 1760 1513 1793 eoanqelieat?
1539 1762 1597 1793 quia
1621 1762 1739 1793 Amyclas
1764 1762 1803 1787 est
1829 1762 1881 1792 hic,
1905 1762 1947 1787 ubi
1975 1762 2095 1794 dignitas.

1248 1804 1329 1833 Quid?
1347 1805 1405 1836 quia
1423 1804 1549 1836 ya'acliam
1567 1812 1704 1837 nicoenum,
1724 1805 1792 1836 qaod
1817 1805 1867 1830 erit
1891 1806 1961 1830 onzni
1983 1806 2079 1837 populo
2086 1825 2094 1837 ,

1248 1847 1289 1871 ubi
1308 1847 1480 1871 communitas.
1494 1847 1531 1871 De
1550 1848 1616 1878 quo?
1635 1849 1693 1879 quia
1706 1849 1783 1873 natas
1796 1849 1833 1873 est
1852 1847 1981 1880 Salvator,
2001 1849 2046 1879 qai
2058 1849 2096 1874 est

1251 1888 1371 1915 Christus
1389 1890 1478 1921 Iesus,
1497 1890 1539 1915 ubi
1559 1890 1708 1916 sublimitas.
1729 1890 1793 1915 Cui?
1811 1891 1869 1922 quia
1882 1891 1967 1922 vobis,
1987 1891 2029 1916 ubi
2047 1891 2096 1916 uti-

1247 1932 1315 1957 litas.
1335 1932 1456 1962 Quando?
1475 1934 1533 1964 quia
1552 1933 1639 1965 hodie,
1659 1933 1701 1958 ubi
1714 1934 1932 1959 certitudinalitas.
1952 1934 2019 1959 Ubi?
2037 1935 2095 1966 quia

1247 1976 1276 2000 in
1294 1976 1395 2000 civitate
1413 1976 1514 2007 David,
1533 1976 1575 2001 ubi
1594 1977 1739 2008 congruitas
1758 1977 1900 2002 denotatur.

1317 2019 1389 2048 Item,
1403 2019 1466 2043 illud
1479 2019 1601 2044 Matthaei
1615 2020 1721 2045 secundo
1736 2019 1770 2044 ¹³:
1796 2020 1846 2046 Ubi
1859 2022 1896 2046 est
1908 2021 1953 2052 qai
1965 2022 2044 2046 natus
2058 2022 2096 2047 est

1247 2062 1303 2086 Rea*
1322 2060 1502 2086 Iudaeorum?
1523 2062 1555 2087 Iu
1573 2070 1621 2093 quo
1640 2063 1715 2088 verbo
1728 2063 1895 2088 ostenduntur
1907 2064 1975 2095 Magi
1989 2064 2094 2090 studiosi

1247 2105 1272 2128 in
1292 2105 1463 2135 inquisitione:
1489 2105 1539 2130 Ubi
1563 2105 1619 2130 est?
1644 2105 1685 2130 ubi
1710 2106 1834 2137 quaerunt
1859 2106 2005 2138 diligentem
2033 2114 2095 2132 com-

1248 2147 1358 2178 pendiosi
1377 2148 1402 2171 in
1422 2148 1579 2173 narratione:
1600 2148 1645 2179 qai
1663 2150 1740 2173 natas
1759 2152 1795 2174 est
1802 2168 1808 2180 ,
1828 2149 1871 2174 ubi
1888 2150 1995 2174 narrant
2017 2150 2096 2175 brevi-

1248 2189 1300 2219 ter:
1319 2190 1344 2214 et
1362 2191 1476 2221 generosi
1494 2191 1520 2215 in
1538 2192 1762 2217 commendatione:
1781 2192 1838 2217 Rex
1856 2192 2024 2224 Iudaeorum,
2052 2193 2096 2218 ubi

1247 2235 1421 2259 commendant
1447 2235 1601 2260 excellenter.
1630 2236 1782 2267 Inquirendo
1810 2237 1898 2262 docent
1929 2237 2095 2268 &morantem

1247 2277 1311 2302 unde
1330 2277 1445 2302 dixerunt
1463 2278 1562 2303 Iudaei:
1576 2278 1614 2303 Et
1633 2280 1661 2303 ta
1680 2279 1844 2310 Bethlehem,
1864 2281 1935 2304 terra
1953 2280 2035 2311 Iuda,
2054 2287 2095 2305 ne-

1248 2327 1380 2351 quaquam
1398 2321 1507 2345 minima
1519 2328 1544 2346 es
1557 2322 1584 2346 ia
1593 2322 1758 2353 principibus
1771 2323 1856 2353 Iacla;
1868 2330 1898 2347 ex
1917 2324 1939 2347 te
1952 2323 2019 2348 en‘m‘t
2031 2323 2096 2348 exiet

1247 2363 1322 2394 Dua,
1344 2364 1388 2394 qai
1406 2365 1479 2394 reyat
1493 2364 1622 2395 populum
1639 2372 1723 2389 meam
1743 2366 1836 2390 Israel.
1855 2366 1989 2392 Narrando
2003 2366 2095 2392 sollici-

1247 2404 1304 2429 tant
1324 2405 1494 2437 neqliyentes:
1513 2406 1576 2431 unde
1601 2407 1729 2432 dixerunt:
1750 2408 1794 2433 Sic
1816 2409 1883 2433 enim
1907 2409 2033 2440 scriptum
2057 2409 2096 2434 est

1243 2455 1291 2478 per
1310 2448 1477 2479 Prophetam.
1496 2449 1530 2473 Et
1548 2450 1740 2476 commendando
1761 2451 1889 2476 deterrent
1906 2452 2094 2483 mammantes,-

1246 2491 1272 2515 et
1291 2491 1393 2522 propter
1411 2491 1458 2516 hoc
1477 2491 1580 2516 dicitur:
1600 2492 1718 2518 Audiens
1736 2495 1822 2518 autem
1840 2494 1953 2519 Herodes
1971 2501 2016 2519 reoe
2041 2495 2094 2519 tur-

1248 2533 1322 2558 batus
1340 2535 1377 2558 est
1395 2535 1419 2558 et
1437 2535 1519 2560 onmis
1538 2534 1703 2567 lerosolyma
1720 2543 1778 2561 omn
1798 2537 1858 2568 illo,
1884 2538 1909 2562 et
1934 2544 2094 2569 conyreqans

2190 575 2193 610 ἐ

2191 615 2195 646 i

2107 648 2209 682 Secunda&

2108 853 2201 883 Tertium.⁵

2111 2022 2223 2042 Secundum.

409 2710 416 2723 ¹
436 2711 500 2733 Vers.
521 2712 555 2733 ll.
830 2712 839 2725 ‘³
857 2713 922 2736 Vers.
944 2714 976 2735 19.

408 2741 417 2775 J
435 2742 500 2764 Vers.
516 2743 537 2764 7.
829 2743 838 2756 ⁴
856 2744 921 2766 Vers.
941 2745 976 2767 48.

407 2777 416 2785 ³
434 2773 500 2796 Vers.
516 2774 529 2796 2
830 2774 839 2788 ⁶
859 2776 922 2798 Vers.
943 2776 977 2799 10,

408 2803 415 2816 ⁷
435 2804 498 2826 Vere.
519 2805 554 2827 13.
571 2811 620 2834 seq.
829 2805 838 2818 Β
857 2807 920 2829 VerS.
939 2808 975 2829 31.

407 2834 416 2847 ⁹
434 2836 517 2858 Bonelli
539 2836 568 2858 ad
580 2837 667 2859 calcem
678 2837 744 2859 dicit:
762 2838 816 2860 Heic
841 2838 928 2866 aliquid
947 2839 1027 2861 deesse
1045 2839 1136 2861 videtur
1149 2839 1186 2867 (ἵ),

344 2866 406 2894 quod
420 2866 448 2888 iia
461 2867 555 2894 supple:
573 2868 646 2890 Prima
660 2869 799 2896 praecipitur
812 2869 877 2891 losue
890 2870 930 2896 23,
948 2870 974 2891 6:
992 2870 1070 2893 Eslote
1082 2870 1182 2897 solliciti,

346 2898 371 2919 zet
387 2897 523 2921 custodiatis
540 2901 637 2926 cuneta,
660 2905 719 2928 quae
743 2899 833 2929 scripta
855 2902 911 2923 sani
936 2900 960 2923 z'n
986 2900 1103 2924 columine
1128 2901 1185 2930 leqis

344 2928 422 2957 Moysi
427 2947 433 2956 ,
447 2932 468 2951 et
480 2930 536 2957 Eph.
550 2930 576 2957 4,
590 2931 614 2952 3:
628 2930 729 2954 Sollietti
744 2937 840 2954 servare
856 2932 969 2955 imitatem
981 2932 1079 2961 spirans
1097 2932 1120 2956 in
1139 2933 1185 2956 rin-

1215 2714 1218 2817 1

1245 2714 1299 2738 calo
1315 2714 1387 2743 pacis.
1406 2716 1512 2738 Secunda
1531 2716 1667 2743 prohibetur
1691 2717 1734 2740 hic.
1752 2717 1827 2739 Tertia
1845 2717 1977 2746 indulgetur
2002 2718 2016 2740 Ι.
2040 2717 2091 2740 Cor.

1244 2746 1271 2773 7,
1290 2746 1317 2768 33
1327 2754 1331 2768 :
1346 2746 1391 2774 Qui
1403 2752 1457 2769 ewa
1469 2753 1547 2769 rumore
1559 2749 1593 2770 est
1604 2747 1719 2771 sollicitus
1731 2750 1775 2776 est,
1789 2755 1849 2778 quae
1860 2750 1916 2772 siml
1927 2748 2023 2776 vultadi,
2036 2755 2091 2778 quo-

1244 2776 1313 2800 modo
1327 2777 1423 2813 placeat
1440 2778 1525 2813 umori,
1545 2780 1566 2801 el
1583 2778 1673 2802 divisus
1695 2781 1735 2803 est.
1758 2780 1821 2802 idem
1838 2780 1903 2803 addit
1925 2781 1967 2802 alia
1990 2781 2020 2803 ad
2042 2786 2090 2802 rem

1243 2815 1326 2836 parum
1344 2812 1487 2836 pel-[menna.

1305 2839 1326 2883 ΞΟ
1342 2840 1409 2893 gers.
1428 2841 1434 2861 l
1446 2842 1463 2862 l.
1732 2841 1749 2884 ¹3
1768 2842 1834 2864 Vers.
1852 2842 1889 2864 112.

1316 2870 1324 2883 ²
1356 2871 1409 2893 ³ers.
1431 2872 1463 2893 14.
1729 2873 1743 2885 ¹*
1766 2873 1831 2896 vers.
1866 2873 1887 2896 4.

1304 2901 1323 2914 ¹⁴
1342 2902 1407 2925 Vers.
1429 2903 1462 2925 19.
1728 2903 1747 2916 ¹⁵
1765 2904 1830 2927 Vers.
1848 2874 1885 2927 120.
1902 2911 1950 2934 50(1.

1305 2932 1324 2945 ¹⁶
1342 2934 1407 2956 Vei-s,
1426 2935 1446 2956 2.
