<?xml version="1.0" encoding="UTF-8"?>
<!DOCTYPE html PUBLIC "-//W3C//DTD XHTML 1.0 Transitional//EN"
    "http://www.w3.org/TR/xhtml1/DTD/xhtml1-transitional.dtd">
<html xmlns="http://www.w3.org/1999/xhtml" xml:lang="en" lang="en">
 <head>
  <title>
</title>
<meta http-equiv="Content-Type" content="text/html;charset=utf-8" />
  <meta name='ocr-system' content='tesseract 3.04.00' />
  <meta name='ocr-capabilities' content='ocr_page ocr_carea ocr_par ocr_line ocrx_word'/>
</head>
<body>
  <div class='ocr_page' id='page_1' title='image "./doctorisseraphic09bona_0747.png"; bbox 0 0 2243 3348; ppageno 0'>
   <div class='ocr_carea' id='block_1_1' title="bbox 0 0 35 3265">
    <p class='ocr_par' dir='ltr' id='par_1_1' title="bbox 0 0 35 3265">
     <span class='ocr_line' id='line_1_1' title="bbox 0 0 35 3265; baseline 0 0"><span class='ocrx_word' id='word_1_1' title='bbox 0 0 35 3265; x_wconf 95' lang='lat' dir='ltr'><em> </em></span> 
     </span>
    </p>
   </div>
   <div class='ocr_carea' id='block_1_2' title="bbox 13 2812 17 3339">
    <p class='ocr_par' dir='ltr' id='par_1_2' title="bbox 13 2812 17 3339">
     <span class='ocr_line' id='line_1_2' title="bbox 13 2812 17 3339; baseline 0 0"><span class='ocrx_word' id='word_1_2' title='bbox 13 2812 17 3339; x_wconf 95' lang='lat' dir='ltr'><em> </em></span> 
     </span>
    </p>
   </div>
   <div class='ocr_carea' id='block_1_3' title="bbox 3 686 162 715">
    <p class='ocr_par' dir='ltr' id='par_1_3' title="bbox 3 686 162 715">
     <span class='ocr_line' id='line_1_3' title="bbox 3 686 162 715; baseline -0.013 0"><span class='ocrx_word' id='word_1_3' title='bbox 3 686 6 704; x_wconf 68' lang='lat'><em>²</em></span> <span class='ocrx_word' id='word_1_4' title='bbox 33 696 61 715; x_wconf 81' lang='lat' dir='ltr'><em>De</em></span> <span class='ocrx_word' id='word_1_5' title='bbox 73 695 162 714; x_wconf 77' lang='lat' dir='ltr'><em>seeundo.</em></span> 
     </span>
    </p>
   </div>
   <div class='ocr_carea' id='block_1_4' title="bbox 63 1819 166 1838">
    <p class='ocr_par' dir='ltr' id='par_1_4' title="bbox 63 1819 166 1838">
     <span class='ocr_line' id='line_1_4' title="bbox 63 1819 166 1838; baseline 0 0"><span class='ocrx_word' id='word_1_6' title='bbox 63 1819 90 1838; x_wconf 77' lang='lat' dir='ltr'><em>De</em></span> <span class='ocrx_word' id='word_1_7' title='bbox 103 1819 166 1838; x_wconf 78' lang='lat' dir='ltr'><em>tertio.</em></span> 
     </span>
    </p>
   </div>
   <div class='ocr_carea' id='block_1_5' title="bbox 648 189 1453 219">
    <p class='ocr_par' dir='ltr' id='par_1_5' title="bbox 648 189 1453 219">
     <span class='ocr_line' id='line_1_5' title="bbox 648 189 1453 219; baseline 0.001 -1"><span class='ocrx_word' id='word_1_8' title='bbox 648 190 690 218; x_wconf 95' lang='lat' dir='ltr'><em>DE</em></span> <span class='ocrx_word' id='word_1_9' title='bbox 712 190 907 218; x_wconf 78' lang='lat' dir='ltr'><em>NATlVlTATE</em></span> <span class='ocrx_word' id='word_1_10' title='bbox 929 190 956 218; x_wconf 89' lang='grc' dir='ltr'><em>Β.</em></span> <span class='ocrx_word' id='word_1_11' title='bbox 980 189 1120 219; x_wconf 82' lang='lat' dir='ltr'><em>VlRGlNlS</em></span> <span class='ocrx_word' id='word_1_12' title='bbox 1141 190 1269 218; x_wconf 71' lang='lat' dir='ltr'><em>MARlAE.</em></span> <span class='ocrx_word' id='word_1_13' title='bbox 1292 190 1401 219; x_wconf 84' lang='lat' dir='ltr'><em>SERMO</em></span> <span class='ocrx_word' id='word_1_14' title='bbox 1423 191 1453 219; x_wconf 89' lang='lat' dir='ltr'><em>V.</em></span> 
     </span>
    </p>
   </div>
   <div class='ocr_carea' id='block_1_6' title="bbox 177 268 1033 2696">
    <p class='ocr_par' dir='ltr' id='par_1_6' title="bbox 177 268 1025 628">
     <span class='ocr_line' id='line_1_6' title="bbox 181 268 1025 306; baseline -0.002 -9"><span class='ocrx_word' id='word_1_15' title='bbox 181 268 424 305; x_wconf 77' lang='lat' dir='ltr'><em>Contemplantes,</em></span> <span class='ocrx_word' id='word_1_16' title='bbox 447 277 482 297; x_wconf 86' lang='lat' dir='ltr'><em>ne</em></span> <span class='ocrx_word' id='word_1_17' title='bbox 502 268 568 306; x_wconf 84' lang='lat' dir='ltr'><em>quis</em></span> <span class='ocrx_word' id='word_1_18' title='bbox 589 268 661 297; x_wconf 84' lang='lat' dir='ltr'><em>desit</em></span> <span class='ocrx_word' id='word_1_19' title='bbox 681 269 798 306; x_wconf 65' lang='lat' dir='ltr'><em>qratiae</em></span> <span class='ocrx_word' id='word_1_20' title='bbox 822 268 888 301; x_wconf 83' lang='lat' dir='ltr'><em>Dei,</em></span> <span class='ocrx_word' id='word_1_21' title='bbox 910 276 944 296; x_wconf 84' lang='lat' dir='ltr'><em>ne</em></span> <span class='ocrx_word' id='word_1_22' title='bbox 965 276 1025 306; x_wconf 83' lang='lat' dir='ltr'><em>qua</em></span> 
     </span>
     <span class='ocr_line' id='line_1_7' title="bbox 177 315 1023 352; baseline 0 -9"><span class='ocrx_word' id='word_1_23' title='bbox 177 315 269 343; x_wconf 75' lang='lat' dir='ltr'><em>radix</em></span> <span class='ocrx_word' id='word_1_24' title='bbox 294 315 509 344; x_wconf 78' lang='lat' dir='ltr'><em>amaritudinis</em></span> <span class='ocrx_word' id='word_1_25' title='bbox 532 324 652 343; x_wconf 72' lang='lat' dir='ltr'><em>sursum</em></span> <span class='ocrx_word' id='word_1_26' title='bbox 674 315 846 352; x_wconf 76' lang='lat' dir='ltr'><em>yernzinans</em></span> <span class='ocrx_word' id='word_1_27' title='bbox 867 315 1023 351; x_wconf 82' lang='lat' dir='ltr'><em>impediat,</em></span> 
     </span>
     <span class='ocr_line' id='line_1_8' title="bbox 178 361 1025 399; baseline -0.001 -9"><span class='ocrx_word' id='word_1_28' title='bbox 178 365 202 390; x_wconf 86' lang='lat' dir='ltr'><em>ct</em></span> <span class='ocrx_word' id='word_1_29' title='bbox 222 370 274 398; x_wconf 79' lang='lat' dir='ltr'><em>per</em></span> <span class='ocrx_word' id='word_1_30' title='bbox 295 362 376 390; x_wconf 79' lang='lat' dir='ltr'><em>iliani</em></span> <span class='ocrx_word' id='word_1_31' title='bbox 398 362 588 399; x_wconf 78' lang='lat' dir='ltr'><em>inquinentur</em></span> <span class='ocrx_word' id='word_1_32' title='bbox 607 361 699 390; x_wconf 81' lang='lat' dir='ltr'><em>multi.</em></span> <span class='ocrx_word' id='word_1_33' title='bbox 717 362 790 390; x_wconf 87' lang='lat' dir='ltr'><em>Unde</em></span> <span class='ocrx_word' id='word_1_34' title='bbox 805 361 916 398; x_wconf 85' lang='lat' dir='ltr'><em>quidam</em></span> <span class='ocrx_word' id='word_1_35' title='bbox 939 362 1025 390; x_wconf 88' lang='lat' dir='ltr'><em>liben-</em></span> 
     </span>
     <span class='ocr_line' id='line_1_9' title="bbox 180 408 1023 445; baseline 0 -9"><span class='ocrx_word' id='word_1_36' title='bbox 180 408 233 437; x_wconf 84' lang='lat' dir='ltr'><em>tius</em></span> <span class='ocrx_word' id='word_1_37' title='bbox 255 409 353 437; x_wconf 90' lang='lat' dir='ltr'><em>bibunt</em></span> <span class='ocrx_word' id='word_1_38' title='bbox 374 408 408 437; x_wconf 90' lang='lat' dir='ltr'><em>fel</em></span> <span class='ocrx_word' id='word_1_39' title='bbox 432 409 569 445; x_wconf 77' lang='lat' dir='ltr'>nequitiae</span> <span class='ocrx_word' id='word_1_40' title='bbox 589 409 726 437; x_wconf 85' lang='lat' dir='ltr'><em>humanae</em></span> <span class='ocrx_word' id='word_1_41' title='bbox 748 416 831 445; x_wconf 89' lang='lat' dir='ltr'><em>quam</em></span> <span class='ocrx_word' id='word_1_42' title='bbox 851 408 1023 437; x_wconf 73' lang='lat' dir='ltr'>dulcedinem</span> 
     </span>
     <span class='ocr_line' id='line_1_10' title="bbox 178 454 1023 492; baseline -0.001 -9"><span class='ocrx_word' id='word_1_43' title='bbox 178 456 282 492; x_wconf 87' lang='lat' dir='ltr'><em>gratiae</em></span> <span class='ocrx_word' id='word_1_44' title='bbox 309 455 432 489; x_wconf 87' lang='lat' dir='ltr'><em>divinae;</em></span> <span class='ocrx_word' id='word_1_45' title='bbox 459 455 662 483; x_wconf 87' lang='lat' dir='ltr'><em>Deuteronomii</em></span> <span class='ocrx_word' id='word_1_46' title='bbox 693 455 833 492; x_wconf 86' lang='lat' dir='ltr'><em>trigesimo</em></span> <span class='ocrx_word' id='word_1_47' title='bbox 862 454 982 483; x_wconf 84' lang='lat' dir='ltr'><em>secundo</em></span> <span class='ocrx_word' id='word_1_48' title='bbox 998 455 1023 482; x_wconf 86' lang='lat'><em>1:</em></span> 
     </span>
     <span class='ocr_line' id='line_1_11' title="bbox 180 501 1024 535; baseline -0.001 -5"><span class='ocrx_word' id='word_1_49' title='bbox 180 502 229 530; x_wconf 80' lang='lat' dir='ltr'><em>Fet</em></span> <span class='ocrx_word' id='word_1_50' title='bbox 249 503 413 530; x_wconf 76' lang='lat' dir='ltr'><em>draconum</em></span> <span class='ocrx_word' id='word_1_51' title='bbox 440 503 541 530; x_wconf 77' lang='lat' dir='ltr'><em>uinum</em></span> <span class='ocrx_word' id='word_1_52' title='bbox 561 511 662 530; x_wconf 88' lang='lat' dir='ltr'><em>eorum</em></span> <span class='ocrx_word' id='word_1_53' title='bbox 678 506 728 530; x_wconf 87' lang='lat' dir='ltr'><em>etc.</em></span> <span class='ocrx_word' id='word_1_54' title='bbox 745 502 810 535; x_wconf 84' lang='lat' dir='ltr'><em>Sed,</em></span> <span class='ocrx_word' id='word_1_55' title='bbox 831 501 902 530; x_wconf 84' lang='lat' dir='ltr'><em>sicut</em></span> <span class='ocrx_word' id='word_1_56' title='bbox 923 501 1024 529; x_wconf 90' lang='lat' dir='ltr'><em>dicitur</em></span> 
     </span>
     <span class='ocr_line' id='line_1_12' title="bbox 178 547 1024 585; baseline -0.001 -9"><span class='ocrx_word' id='word_1_57' title='bbox 178 548 211 576; x_wconf 85' lang='lat' dir='ltr'><em>ad</em></span> <span class='ocrx_word' id='word_1_58' title='bbox 240 548 376 577; x_wconf 85' lang='lat' dir='ltr'><em>Hebraeos</em></span> <span class='ocrx_word' id='word_1_59' title='bbox 401 548 514 583; x_wconf 75' lang='lat' dir='ltr'><em>ultimo,</em></span> <span class='ocrx_word' id='word_1_60' title='bbox 540 548 681 585; x_wconf 81' lang='lat' dir='ltr'><em>optimum</em></span> <span class='ocrx_word' id='word_1_61' title='bbox 707 553 748 576; x_wconf 83' lang='lat' dir='ltr'><em>est</em></span> <span class='ocrx_word' id='word_1_62' title='bbox 770 548 872 585; x_wconf 67' lang='lat' dir='ltr'><em>qratia</em></span> <span class='ocrx_word' id='word_1_63' title='bbox 893 547 1024 575; x_wconf 76' lang='lat' dir='ltr'><em>stabilire</em></span> 
     </span>
     <span class='ocr_line' id='line_1_13' title="bbox 178 595 482 628; baseline 0.007 -6"><span class='ocrx_word' id='word_1_64' title='bbox 178 603 237 628; x_wconf 90' lang='lat' dir='ltr'><em>cor,</em></span> <span class='ocrx_word' id='word_1_65' title='bbox 259 603 317 623; x_wconf 86' lang='lat' dir='ltr'><em>non</em></span> <span class='ocrx_word' id='word_1_66' title='bbox 339 595 411 623; x_wconf 80' lang='lat' dir='ltr'><em>escis</em></span> <span class='ocrx_word' id='word_1_67' title='bbox 432 598 482 624; x_wconf 82' lang='lat' dir='ltr'><em>etc.</em></span> 
     </span>
    </p>

    <p class='ocr_par' dir='ltr' id='par_1_7' title="bbox 177 642 1028 1757">
     <span class='ocr_line' id='line_1_14' title="bbox 257 642 1024 679; baseline 0 -9"><span class='ocrx_word' id='word_1_68' title='bbox 257 642 382 670; x_wconf 87' lang='lat' dir='ltr'><em>Secundo</em></span> <span class='ocrx_word' id='word_1_69' title='bbox 403 642 484 670; x_wconf 85' lang='lat' dir='ltr'><em>etiam</em></span> <span class='ocrx_word' id='word_1_70' title='bbox 506 650 570 670; x_wconf 87' lang='lat' dir='ltr'><em>arca</em></span> <span class='ocrx_word' id='word_1_71' title='bbox 591 642 643 670; x_wconf 89' lang='lat' dir='ltr'><em>fuit</em></span> <span class='ocrx_word' id='word_1_72' title='bbox 664 642 806 670; x_wconf 88' lang='lat' dir='ltr'><em>continens</em></span> <span class='ocrx_word' id='word_1_73' title='bbox 827 642 942 679; x_wconf 65' lang='lat' dir='ltr'><em>virgam</em></span> <span class='ocrx_word' id='word_1_74' title='bbox 964 644 1024 670; x_wconf 75' lang='lat' dir='ltr'><em>Aa·</em></span> 
     </span>
     <span class='ocr_line' id='line_1_15' title="bbox 178 688 1025 725; baseline 0 -9"><span class='ocrx_word' id='word_1_75' title='bbox 178 697 247 722; x_wconf 86' lang='lat' dir='ltr'><em>ron,</em></span> <span class='ocrx_word' id='word_1_76' title='bbox 263 696 334 725; x_wconf 86' lang='lat' dir='ltr'><em>quae</em></span> <span class='ocrx_word' id='word_1_77' title='bbox 349 688 511 717; x_wconf 76' lang='lat' dir='ltr'>fronduerat</span> <span class='ocrx_word' id='word_1_78' title='bbox 525 697 574 725; x_wconf 90' lang='lat' dir='ltr'><em>per</em></span> <span class='ocrx_word' id='word_1_79' title='bbox 589 689 725 717; x_wconf 81' lang='lat' dir='ltr'><em>virtutem</em></span> <span class='ocrx_word' id='word_1_80' title='bbox 746 688 886 724; x_wconf 77' lang='lat' dir='ltr'><em>fiduciae,</em></span> <span class='ocrx_word' id='word_1_81' title='bbox 903 689 928 716; x_wconf 90' lang='lat' dir='ltr'><em>in</em></span> <span class='ocrx_word' id='word_1_82' title='bbox 945 689 1025 717; x_wconf 88' lang='lat' dir='ltr'><em>cuius</em></span> 
     </span>
     <span class='ocr_line' id='line_1_16' title="bbox 179 735 1024 773; baseline -0.001 -9"><span class='ocrx_word' id='word_1_83' title='bbox 179 735 277 772; x_wconf 84' lang='lat' dir='ltr'><em>figura,</em></span> <span class='ocrx_word' id='word_1_84' title='bbox 292 736 477 765; x_wconf 87' lang='lat' dir='ltr'><em>Numerorum</em></span> <span class='ocrx_word' id='word_1_85' title='bbox 492 736 599 764; x_wconf 80' lang='lat' dir='ltr'><em>decimo</em></span> <span class='ocrx_word' id='word_1_86' title='bbox 615 736 730 772; x_wconf 88' lang='lat' dir='ltr'><em>septimo</em></span> <span class='ocrx_word' id='word_1_87' title='bbox 743 736 765 769; x_wconf 76' lang='lat'><em>2,</em></span> <span class='ocrx_word' id='word_1_88' title='bbox 781 735 889 763; x_wconf 77' lang='lat' dir='ltr'><em>incenit</em></span> <span class='ocrx_word' id='word_1_89' title='bbox 904 736 1024 773; x_wconf 77' lang='lat' dir='ltr'><em>Moyses,</em></span> 
     </span>
     <span class='ocr_line' id='line_1_17' title="bbox 177 782 1025 820; baseline 0 -10"><span class='ocrx_word' id='word_1_90' title='bbox 177 783 358 820; x_wconf 64' lang='lat' dir='ltr'><em>germinasse</em></span> <span class='ocrx_word' id='word_1_91' title='bbox 378 783 495 820; x_wconf 70' lang='lat' dir='ltr'><em>vii-gyani</em></span> <span class='ocrx_word' id='word_1_92' title='bbox 513 784 613 811; x_wconf 82' lang='lat' dir='ltr'><em>Aaron</em></span> <span class='ocrx_word' id='word_1_93' title='bbox 636 783 668 811; x_wconf 87' lang='lat' dir='ltr'><em>in</em></span> <span class='ocrx_word' id='word_1_94' title='bbox 689 783 772 811; x_wconf 86' lang='lat' dir='ltr'><em>domo</em></span> <span class='ocrx_word' id='word_1_95' title='bbox 792 782 865 810; x_wconf 76' lang='lat' dir='ltr'><em>Levi.</em></span> <span class='ocrx_word' id='word_1_96' title='bbox 890 782 1025 820; x_wconf 64' lang='lat' dir='ltr'><em>Dixitque</em></span> 
     </span>
     <span class='ocr_line' id='line_1_18' title="bbox 178 829 1023 867; baseline -0.001 -9"><span class='ocrx_word' id='word_1_97' title='bbox 178 830 201 858; x_wconf 86' lang='lat' dir='ltr'><em>ei</em></span> <span class='ocrx_word' id='word_1_98' title='bbox 220 830 380 858; x_wconf 73' lang='lat' dir='ltr'><em>Dominus:</em></span> <span class='ocrx_word' id='word_1_99' title='bbox 397 829 481 867; x_wconf 79' lang='lat' dir='ltr'><em>Refer</em></span> <span class='ocrx_word' id='word_1_100' title='bbox 499 830 615 867; x_wconf 71' lang='lat' dir='ltr'><em>viryam</em></span> <span class='ocrx_word' id='word_1_101' title='bbox 632 832 736 858; x_wconf 83' lang='lat' dir='ltr'><em>Aaron</em></span> <span class='ocrx_word' id='word_1_102' title='bbox 750 830 781 857; x_wconf 91' lang='lat' dir='ltr'><em>in</em></span> <span class='ocrx_word' id='word_1_103' title='bbox 803 829 1023 857; x_wconf 80' lang='lat' dir='ltr'><em>tabernaculum</em></span> 
     </span>
     <span class='ocr_line' id='line_1_19' title="bbox 179 876 1025 913; baseline -0.001 -9"><span class='ocrx_word' id='word_1_104' title='bbox 179 876 343 910; x_wconf 77' lang='lat' dir='ltr'><em>testimonii,</em></span> <span class='ocrx_word' id='word_1_105' title='bbox 356 880 387 904; x_wconf 85' lang='lat' dir='ltr'><em>ut</em></span> <span class='ocrx_word' id='word_1_106' title='bbox 401 880 532 904; x_wconf 77' lang='lat' dir='ltr'><em>servetur</em></span> <span class='ocrx_word' id='word_1_107' title='bbox 545 876 585 904; x_wconf 88' lang='lat' dir='ltr'><em>ibi</em></span> <span class='ocrx_word' id='word_1_108' title='bbox 599 880 649 904; x_wconf 89' lang='lat' dir='ltr'><em>etc.</em></span> <span class='ocrx_word' id='word_1_109' title='bbox 664 876 713 904; x_wconf 85' lang='lat' dir='ltr'><em>Per</em></span> <span class='ocrx_word' id='word_1_110' title='bbox 725 876 839 913; x_wconf 60' lang='lat' dir='ltr'><em>virgam</em></span> <span class='ocrx_word' id='word_1_111' title='bbox 854 876 1025 912; x_wconf 61' lang='lat' dir='ltr'><em>germinan-</em></span> 
     </span>
     <span class='ocr_line' id='line_1_20' title="bbox 179 922 1025 959; baseline -0.002 -8"><span class='ocrx_word' id='word_1_112' title='bbox 179 926 233 951; x_wconf 84' lang='lat' dir='ltr'><em>tem</em></span> <span class='ocrx_word' id='word_1_113' title='bbox 256 923 433 959; x_wconf 87' lang='lat' dir='ltr'><em>intelligimus</em></span> <span class='ocrx_word' id='word_1_114' title='bbox 455 923 586 951; x_wconf 86' lang='lat' dir='ltr'><em>virtutem</em></span> <span class='ocrx_word' id='word_1_115' title='bbox 611 922 739 956; x_wconf 78' lang='lat' dir='ltr'><em>fiduciae,</em></span> <span class='ocrx_word' id='word_1_116' title='bbox 756 930 804 958; x_wconf 88' lang='lat' dir='ltr'><em>per</em></span> <span class='ocrx_word' id='word_1_117' title='bbox 826 930 908 958; x_wconf 83' lang='lat' dir='ltr'><em>quam</em></span> <span class='ocrx_word' id='word_1_118' title='bbox 938 922 1025 958; x_wconf 70' lang='lat' dir='ltr'><em>otrya</em></span> 
     </span>
     <span class='ocr_line' id='line_1_21' title="bbox 178 967 1025 1006; baseline -0.004 -8"><span class='ocrx_word' id='word_1_119' title='bbox 178 970 212 998; x_wconf 84' lang='lat' dir='ltr'><em>de</em></span> <span class='ocrx_word' id='word_1_120' title='bbox 233 970 333 998; x_wconf 87' lang='lat' dir='ltr'><em>radice</em></span> <span class='ocrx_word' id='word_1_121' title='bbox 355 971 429 998; x_wconf 79' lang='lat' dir='ltr'><em>lesse</em></span> <span class='ocrx_word' id='word_1_122' title='bbox 449 970 546 998; x_wconf 87' lang='lat' dir='ltr'><em>idonea</em></span> <span class='ocrx_word' id='word_1_123' title='bbox 567 969 619 998; x_wconf 87' lang='lat' dir='ltr'><em>fuit</em></span> <span class='ocrx_word' id='word_1_124' title='bbox 639 969 670 997; x_wconf 87' lang='lat' dir='ltr'><em>ad</em></span> <span class='ocrx_word' id='word_1_125' title='bbox 693 969 902 1006; x_wconf 86' lang='lat' dir='ltr'><em>germinandum</em></span> <span class='ocrx_word' id='word_1_126' title='bbox 924 967 1025 1005; x_wconf 71' lang='lat' dir='ltr'><em>florem</em></span> 
     </span>
     <span class='ocr_line' id='line_1_22' title="bbox 179 1015 1024 1052; baseline -0.002 -7"><span class='ocrx_word' id='word_1_127' title='bbox 179 1017 349 1046; x_wconf 86' lang='lat' dir='ltr'><em>Nazarenum</em></span> <span class='ocrx_word' id='word_1_128' title='bbox 372 1017 430 1045; x_wconf 87' lang='lat' dir='ltr'><em>siue</em></span> <span class='ocrx_word' id='word_1_129' title='bbox 451 1017 521 1045; x_wconf 89' lang='lat' dir='ltr'><em>virili</em></span> <span class='ocrx_word' id='word_1_130' title='bbox 545 1016 648 1045; x_wconf 87' lang='lat' dir='ltr'><em>semine</em></span> <span class='ocrx_word' id='word_1_131' title='bbox 677 1024 725 1052; x_wconf 89' lang='lat' dir='ltr'><em>per</em></span> <span class='ocrx_word' id='word_1_132' title='bbox 747 1016 793 1044; x_wconf 90' lang='lat' dir='ltr'><em>Dei</em></span> <span class='ocrx_word' id='word_1_133' title='bbox 817 1015 1024 1052; x_wconf 77' lang='lat' dir='ltr'><em>promissionem</em></span> 
     </span>
     <span class='ocr_line' id='line_1_23' title="bbox 179 1062 1026 1101; baseline -0.002 -9"><span class='ocrx_word' id='word_1_134' title='bbox 179 1067 206 1092; x_wconf 91' lang='lat' dir='ltr'><em>et</em></span> <span class='ocrx_word' id='word_1_135' title='bbox 227 1064 357 1101; x_wconf 74' lang='lat' dir='ltr'><em>Spiritus</em></span> <span class='ocrx_word' id='word_1_136' title='bbox 378 1064 475 1092; x_wconf 83' lang='lat' dir='ltr'><em>sanet-i</em></span> <span class='ocrx_word' id='word_1_137' title='bbox 495 1063 761 1097; x_wconf 69' lang='lat' dir='ltr'><em>obumbrationem,</em></span> <span class='ocrx_word' id='word_1_138' title='bbox 784 1063 826 1091; x_wconf 88' lang='lat' dir='ltr'><em>cui</em></span> <span class='ocrx_word' id='word_1_139' title='bbox 845 1063 926 1099; x_wconf 86' lang='lat' dir='ltr'><em>Virgo</em></span> <span class='ocrx_word' id='word_1_140' title='bbox 942 1062 1026 1090; x_wconf 83' lang='lat' dir='ltr'><em>Maria</em></span> 
     </span>
     <span class='ocr_line' id='line_1_24' title="bbox 179 1109 1024 1144; baseline -0.004 -5"><span class='ocrx_word' id='word_1_141' title='bbox 179 1110 302 1139; x_wconf 79' lang='lat' dir='ltr'><em>adhaesit</em></span> <span class='ocrx_word' id='word_1_142' title='bbox 323 1110 422 1139; x_wconf 85' lang='lat' dir='ltr'><em>fortius</em></span> <span class='ocrx_word' id='word_1_143' title='bbox 444 1114 470 1139; x_wconf 91' lang='lat' dir='ltr'><em>et</em></span> <span class='ocrx_word' id='word_1_144' title='bbox 491 1110 623 1144; x_wconf 85' lang='lat' dir='ltr'><em>fidenter;</em></span> <span class='ocrx_word' id='word_1_145' title='bbox 647 1110 859 1138; x_wconf 87' lang='lat' dir='ltr'><em>Proverbiorum</em></span> <span class='ocrx_word' id='word_1_146' title='bbox 886 1109 983 1137; x_wconf 88' lang='lat' dir='ltr'><em>ultimo</em></span> <span class='ocrx_word' id='word_1_147' title='bbox 998 1109 1024 1136; x_wconf 76' lang='lat'><em>³:</em></span> 
     </span>
     <span class='ocr_line' id='line_1_25' title="bbox 180 1156 1026 1195; baseline -0.001 -10"><span class='ocrx_word' id='word_1_148' title='bbox 180 1157 327 1186; x_wconf 77' lang='lat' dir='ltr'><em>Mulierem</em></span> <span class='ocrx_word' id='word_1_149' title='bbox 342 1157 448 1194; x_wconf 79' lang='lat' dir='ltr'><em>fortem</em></span> <span class='ocrx_word' id='word_1_150' title='bbox 462 1158 528 1195; x_wconf 79' lang='lat' dir='ltr'><em>quis</em></span> <span class='ocrx_word' id='word_1_151' title='bbox 543 1157 686 1185; x_wconf 75' lang='lat' dir='ltr'><em>inveniet?</em></span> <span class='ocrx_word' id='word_1_152' title='bbox 703 1157 812 1185; x_wconf 80' lang='lat' dir='ltr'><em>Procul</em></span> <span class='ocrx_word' id='word_1_153' title='bbox 826 1161 851 1185; x_wconf 83' lang='lat' dir='ltr'><em>et</em></span> <span class='ocrx_word' id='word_1_154' title='bbox 866 1157 899 1185; x_wconf 82' lang='lat' dir='ltr'><em>de</em></span> <span class='ocrx_word' id='word_1_155' title='bbox 914 1156 1026 1184; x_wconf 81' lang='lat' dir='ltr'><em>ultimis</em></span> 
     </span>
     <span class='ocr_line' id='line_1_26' title="bbox 178 1204 1025 1241; baseline -0.001 -9"><span class='ocrx_word' id='word_1_156' title='bbox 178 1204 287 1240; x_wconf 83' lang='lat' dir='ltr'><em>sinibus</em></span> <span class='ocrx_word' id='word_1_157' title='bbox 300 1205 429 1241; x_wconf 81' lang='lat' dir='ltr'><em>pretium</em></span> <span class='ocrx_word' id='word_1_158' title='bbox 451 1205 530 1238; x_wconf 84' lang='lat' dir='ltr'><em>eius,</em></span> <span class='ocrx_word' id='word_1_159' title='bbox 553 1205 618 1241; x_wconf 86' lang='lat' dir='ltr'><em>quia</em></span> <span class='ocrx_word' id='word_1_160' title='bbox 639 1204 740 1233; x_wconf 86' lang='lat' dir='ltr'><em>fiducia</em></span> <span class='ocrx_word' id='word_1_161' title='bbox 761 1204 890 1232; x_wconf 82' lang='lat' dir='ltr'><em>fortificat</em></span> <span class='ocrx_word' id='word_1_162' title='bbox 906 1207 1025 1232; x_wconf 88' lang='lat' dir='ltr'><em>mentem</em></span> 
     </span>
     <span class='ocr_line' id='line_1_27' title="bbox 180 1250 1025 1288; baseline -0.002 -8"><span class='ocrx_word' id='word_1_163' title='bbox 180 1256 206 1281; x_wconf 88' lang='lat' dir='ltr'><em>et</em></span> <span class='ocrx_word' id='word_1_164' title='bbox 234 1252 322 1280; x_wconf 89' lang='lat' dir='ltr'><em>elevat</em></span> <span class='ocrx_word' id='word_1_165' title='bbox 349 1251 383 1280; x_wconf 86' lang='lat' dir='ltr'><em>ad</em></span> <span class='ocrx_word' id='word_1_166' title='bbox 409 1252 480 1280; x_wconf 86' lang='lat' dir='ltr'><em>bona</em></span> <span class='ocrx_word' id='word_1_167' title='bbox 507 1252 603 1280; x_wconf 86' lang='lat' dir='ltr'><em>futura</em></span> <span class='ocrx_word' id='word_1_168' title='bbox 631 1256 657 1280; x_wconf 87' lang='lat' dir='ltr'><em>et</em></span> <span class='ocrx_word' id='word_1_169' title='bbox 686 1251 835 1288; x_wconf 89' lang='lat' dir='ltr'><em>longinqua</em></span> <span class='ocrx_word' id='word_1_170' title='bbox 862 1250 1025 1284; x_wconf 77' lang='lat' dir='ltr'><em>obtinenda,</em></span> 
     </span>
     <span class='ocr_line' id='line_1_28' title="bbox 179 1297 1026 1334; baseline -0.002 -7"><span class='ocrx_word' id='word_1_171' title='bbox 179 1298 332 1327; x_wconf 88' lang='lat' dir='ltr'><em>cuiusmodi</em></span> <span class='ocrx_word' id='word_1_172' title='bbox 355 1302 420 1327; x_wconf 82' lang='lat' dir='ltr'><em>sunt</em></span> <span class='ocrx_word' id='word_1_173' title='bbox 445 1298 515 1327; x_wconf 85' lang='lat' dir='ltr'><em>bona</em></span> <span class='ocrx_word' id='word_1_174' title='bbox 536 1301 664 1332; x_wconf 83' lang='lat' dir='ltr'><em>aeterna;</em></span> <span class='ocrx_word' id='word_1_175' title='bbox 686 1301 713 1327; x_wconf 90' lang='lat' dir='ltr'><em>et</em></span> <span class='ocrx_word' id='word_1_176' title='bbox 734 1299 785 1327; x_wconf 84' lang='lat' dir='ltr'><em>hoo</em></span> <span class='ocrx_word' id='word_1_177' title='bbox 815 1297 953 1334; x_wconf 79' lang='lat' dir='ltr'><em>potissime</em></span> <span class='ocrx_word' id='word_1_178' title='bbox 975 1297 1026 1325; x_wconf 90' lang='lat' dir='ltr'><em>fuit</em></span> 
     </span>
     <span class='ocr_line' id='line_1_29' title="bbox 180 1345 1025 1382; baseline -0.001 -9"><span class='ocrx_word' id='word_1_179' title='bbox 180 1346 207 1374; x_wconf 90' lang='lat' dir='ltr'><em>in</em></span> <span class='ocrx_word' id='word_1_180' title='bbox 227 1345 339 1382; x_wconf 75' lang='lat' dir='ltr'><em>Virgine</em></span> <span class='ocrx_word' id='word_1_181' title='bbox 361 1345 459 1378; x_wconf 74' lang='lat' dir='ltr'><em>Maria3</em></span> <span class='ocrx_word' id='word_1_182' title='bbox 483 1345 660 1374; x_wconf 83' lang='lat' dir='ltr'><em>Ecclesiastici</em></span> <span class='ocrx_word' id='word_1_183' title='bbox 687 1345 819 1382; x_wconf 82' lang='lat' dir='ltr'><em>vigesimo</em></span> <span class='ocrx_word' id='word_1_184' title='bbox 846 1348 961 1381; x_wconf 85' lang='lat' dir='ltr'><em>quarto:</em></span> <span class='ocrx_word' id='word_1_185' title='bbox 994 1345 1025 1372; x_wconf 90' lang='lat' dir='ltr'><em>ln</em></span> 
     </span>
     <span class='ocr_line' id='line_1_30' title="bbox 180 1391 1025 1429; baseline -0.002 -9"><span class='ocrx_word' id='word_1_186' title='bbox 180 1401 224 1421; x_wconf 78' lang='lat' dir='ltr'><em>nie</em></span> <span class='ocrx_word' id='word_1_187' title='bbox 245 1393 339 1421; x_wconf 81' lang='lat' dir='ltr'><em>omnis</em></span> <span class='ocrx_word' id='word_1_188' title='bbox 360 1401 423 1429; x_wconf 78' lang='lat' dir='ltr'><em>spes</em></span> <span class='ocrx_word' id='word_1_189' title='bbox 444 1392 520 1420; x_wconf 79' lang='lat' dir='ltr'><em>vitae</em></span> <span class='ocrx_word' id='word_1_190' title='bbox 540 1396 565 1420; x_wconf 88' lang='lat' dir='ltr'><em>et</em></span> <span class='ocrx_word' id='word_1_191' title='bbox 586 1392 712 1420; x_wconf 78' lang='lat' dir='ltr'><em>virtutis.</em></span> <span class='ocrx_word' id='word_1_192' title='bbox 742 1392 877 1420; x_wconf 79' lang='lat' dir='ltr'><em>Transite</em></span> <span class='ocrx_word' id='word_1_193' title='bbox 898 1391 938 1419; x_wconf 85' lang='lat' dir='ltr'><em>ad</em></span> <span class='ocrx_word' id='word_1_194' title='bbox 965 1399 1025 1424; x_wconf 73' lang='lat' dir='ltr'><em>ine,</em></span> 
     </span>
     <span class='ocr_line' id='line_1_31' title="bbox 180 1437 1026 1477; baseline -0.005 -9"><span class='ocrx_word' id='word_1_195' title='bbox 180 1448 293 1473; x_wconf 70' lang='lat' dir='ltr'><em>omnes,</em></span> <span class='ocrx_word' id='word_1_196' title='bbox 315 1439 367 1477; x_wconf 82' lang='lat' dir='ltr'><em>qui</em></span> <span class='ocrx_word' id='word_1_197' title='bbox 387 1439 591 1476; x_wconf 64' lang='lat' dir='ltr'><em>concupiscitis</em></span> <span class='ocrx_word' id='word_1_198' title='bbox 620 1447 663 1467; x_wconf 85' lang='lat' dir='ltr'><em>me</em></span> <span class='ocrx_word' id='word_1_199' title='bbox 691 1443 715 1466; x_wconf 90' lang='lat' dir='ltr'><em>et</em></span> <span class='ocrx_word' id='word_1_200' title='bbox 744 1447 762 1466; x_wconf 82' lang='lat' dir='ltr'><em>a</em></span> <span class='ocrx_word' id='word_1_201' title='bbox 789 1437 1026 1475; x_wconf 73' lang='lat' dir='ltr'><em>yeneratiom&#39;bus</em></span> 
     </span>
     <span class='ocr_line' id='line_1_32' title="bbox 179 1485 1026 1523; baseline -0.004 -9"><span class='ocrx_word' id='word_1_202' title='bbox 179 1486 250 1514; x_wconf 88' lang='lat' dir='ltr'><em>meis</em></span> <span class='ocrx_word' id='word_1_203' title='bbox 271 1486 439 1523; x_wconf 78' lang='lat' dir='ltr'><em>implemini.</em></span> <span class='ocrx_word' id='word_1_204' title='bbox 462 1486 498 1514; x_wconf 82' lang='lat' dir='ltr'><em>Ad</em></span> <span class='ocrx_word' id='word_1_205' title='bbox 521 1485 607 1522; x_wconf 85' lang='lat' dir='ltr'><em>ipsam</em></span> <span class='ocrx_word' id='word_1_206' title='bbox 630 1489 722 1513; x_wconf 84' lang='lat' dir='ltr'><em>autem</em></span> <span class='ocrx_word' id='word_1_207' title='bbox 738 1485 873 1513; x_wconf 85' lang='lat' dir='ltr'><em>transitur</em></span> <span class='ocrx_word' id='word_1_208' title='bbox 895 1492 943 1520; x_wconf 85' lang='lat' dir='ltr'><em>per</em></span> <span class='ocrx_word' id='word_1_209' title='bbox 965 1492 1026 1512; x_wconf 83' lang='lat' dir='ltr'><em>con-</em></span> 
     </span>
     <span class='ocr_line' id='line_1_33' title="bbox 181 1532 1026 1570; baseline -0.002 -9"><span class='ocrx_word' id='word_1_210' title='bbox 181 1536 315 1570; x_wconf 88' lang='lat' dir='ltr'><em>temptum</em></span> <span class='ocrx_word' id='word_1_211' title='bbox 338 1533 516 1569; x_wconf 76' lang='lat' dir='ltr'><em>temporalem</em></span> <span class='ocrx_word' id='word_1_212' title='bbox 532 1536 559 1561; x_wconf 88' lang='lat' dir='ltr'><em>et</em></span> <span class='ocrx_word' id='word_1_213' title='bbox 580 1532 708 1560; x_wconf 87' lang='lat' dir='ltr'><em>fiduciam</em></span> <span class='ocrx_word' id='word_1_214' title='bbox 724 1532 750 1560; x_wconf 90' lang='lat' dir='ltr'><em>in</em></span> <span class='ocrx_word' id='word_1_215' title='bbox 774 1532 877 1565; x_wconf 85' lang='lat' dir='ltr'><em>Deum,</em></span> <span class='ocrx_word' id='word_1_216' title='bbox 900 1539 971 1568; x_wconf 87' lang='lat' dir='ltr'><em>quae</em></span> <span class='ocrx_word' id='word_1_217' title='bbox 986 1534 1026 1559; x_wconf 86' lang='lat' dir='ltr'><em>est</em></span> 
     </span>
     <span class='ocr_line' id='line_1_34' title="bbox 183 1577 1027 1616; baseline -0.002 -8"><span class='ocrx_word' id='word_1_218' title='bbox 183 1580 259 1616; x_wconf 84' lang='lat' dir='ltr'><em>virga</em></span> <span class='ocrx_word' id='word_1_219' title='bbox 280 1579 495 1616; x_wconf 86' lang='lat' dir='ltr'><em>germinantium</em></span> <span class='ocrx_word' id='word_1_220' title='bbox 525 1579 669 1608; x_wconf 85' lang='lat' dir='ltr'><em>fructuum</em></span> <span class='ocrx_word' id='word_1_221' title='bbox 697 1579 871 1612; x_wconf 90' lang='lat' dir='ltr'><em>divinorum;</em></span> <span class='ocrx_word' id='word_1_222' title='bbox 899 1577 1027 1607; x_wconf 86' lang='lat' dir='ltr'><em>leremiae</em></span> 
     </span>
     <span class='ocr_line' id='line_1_35' title="bbox 180 1624 1027 1663; baseline -0.002 -9"><span class='ocrx_word' id='word_1_223' title='bbox 180 1626 286 1655; x_wconf 82' lang='lat' dir='ltr'><em>decimo</em></span> <span class='ocrx_word' id='word_1_224' title='bbox 307 1626 438 1662; x_wconf 89' lang='lat' dir='ltr'><em>septimo:</em></span> <span class='ocrx_word' id='word_1_225' title='bbox 462 1626 634 1654; x_wconf 68' lang='lat' dir='ltr'><em>Benedictus</em></span> <span class='ocrx_word' id='word_1_226' title='bbox 655 1625 712 1659; x_wconf 85' lang='lat' dir='ltr'><em>vir,</em></span> <span class='ocrx_word' id='word_1_227' title='bbox 727 1625 779 1663; x_wconf 86' lang='lat' dir='ltr'><em>qui</em></span> <span class='ocrx_word' id='word_1_228' title='bbox 792 1624 910 1661; x_wconf 77' lang='lat' dir='ltr'><em>considit</em></span> <span class='ocrx_word' id='word_1_229' title='bbox 925 1625 956 1652; x_wconf 85' lang='lat' dir='ltr'><em>in</em></span> <span class='ocrx_word' id='word_1_230' title='bbox 973 1624 1027 1652; x_wconf 85' lang='lat' dir='ltr'><em>Do-</em></span> 
     </span>
     <span class='ocr_line' id='line_1_36' title="bbox 180 1671 1028 1709; baseline -0.004 -8"><span class='ocrx_word' id='word_1_231' title='bbox 180 1672 270 1707; x_wconf 84' lang='lat' dir='ltr'><em>mino,</em></span> <span class='ocrx_word' id='word_1_232' title='bbox 285 1677 309 1701; x_wconf 90' lang='lat' dir='ltr'><em>et</em></span> <span class='ocrx_word' id='word_1_233' title='bbox 324 1673 377 1701; x_wconf 87' lang='lat' dir='ltr'><em>erit</em></span> <span class='ocrx_word' id='word_1_234' title='bbox 395 1673 536 1701; x_wconf 80' lang='lat' dir='ltr'><em>Dominus</em></span> <span class='ocrx_word' id='word_1_235' title='bbox 557 1672 670 1709; x_wconf 76' lang='lat' dir='ltr'><em>fiducia</em></span> <span class='ocrx_word' id='word_1_236' title='bbox 684 1672 755 1700; x_wconf 84' lang='lat' dir='ltr'><em>eius.</em></span> <span class='ocrx_word' id='word_1_237' title='bbox 778 1672 810 1700; x_wconf 90' lang='lat' dir='ltr'><em>Et</em></span> <span class='ocrx_word' id='word_1_238' title='bbox 824 1674 950 1700; x_wconf 86' lang='lat' dir='ltr'><em>econtra:</em></span> <span class='ocrx_word' id='word_1_239' title='bbox 966 1671 1028 1699; x_wconf 82' lang='lat' dir='ltr'><em>Ma-</em></span> 
     </span>
     <span class='ocr_line' id='line_1_37' title="bbox 181 1718 892 1757; baseline -0.003 -9"><span class='ocrx_word' id='word_1_240' title='bbox 181 1720 301 1748; x_wconf 82' lang='lat' dir='ltr'><em>ledictus</em></span> <span class='ocrx_word' id='word_1_241' title='bbox 323 1718 422 1753; x_wconf 86' lang='lat' dir='ltr'><em>homo,</em></span> <span class='ocrx_word' id='word_1_242' title='bbox 444 1719 496 1757; x_wconf 85' lang='lat' dir='ltr'><em>qui</em></span> <span class='ocrx_word' id='word_1_243' title='bbox 516 1718 633 1755; x_wconf 71' lang='lat' dir='ltr'><em>confidit</em></span> <span class='ocrx_word' id='word_1_244' title='bbox 654 1719 684 1747; x_wconf 87' lang='lat' dir='ltr'><em>in</em></span> <span class='ocrx_word' id='word_1_245' title='bbox 706 1718 820 1747; x_wconf 87' lang='lat' dir='ltr'><em>homine</em></span> <span class='ocrx_word' id='word_1_246' title='bbox 841 1722 892 1747; x_wconf 86' lang='lat' dir='ltr'><em>etc.</em></span> 
     </span>
    </p>

    <p class='ocr_par' dir='ltr' id='par_1_8' title="bbox 181 1765 1033 2696">
     <span class='ocr_line' id='line_1_38' title="bbox 261 1765 1028 1795; baseline -0.004 0"><span class='ocrx_word' id='word_1_247' title='bbox 261 1767 353 1795; x_wconf 83' lang='lat' dir='ltr'><em>Tertio</em></span> <span class='ocrx_word' id='word_1_248' title='bbox 374 1766 426 1795; x_wconf 88' lang='lat' dir='ltr'><em>fuit</em></span> <span class='ocrx_word' id='word_1_249' title='bbox 447 1774 511 1795; x_wconf 81' lang='lat' dir='ltr'><em>arca</em></span> <span class='ocrx_word' id='word_1_250' title='bbox 532 1766 649 1795; x_wconf 82' lang='lat' dir='ltr'><em>foederis</em></span> <span class='ocrx_word' id='word_1_251' title='bbox 677 1766 819 1794; x_wconf 88' lang='lat' dir='ltr'><em>continens</em></span> <span class='ocrx_word' id='word_1_252' title='bbox 847 1765 964 1794; x_wconf 76' lang='lat' dir='ltr'><em>tabutas</em></span> <span class='ocrx_word' id='word_1_253' title='bbox 992 1768 1028 1793; x_wconf 88' lang='lat' dir='ltr'><em>te-</em></span> 
     </span>
     <span class='ocr_line' id='line_1_39' title="bbox 182 1812 1028 1850; baseline -0.002 -8"><span class='ocrx_word' id='word_1_254' title='bbox 182 1814 320 1842; x_wconf 80' lang='lat' dir='ltr'><em>stamenti</em></span> <span class='ocrx_word' id='word_1_255' title='bbox 344 1821 393 1850; x_wconf 88' lang='lat' dir='ltr'><em>per</em></span> <span class='ocrx_word' id='word_1_256' title='bbox 415 1813 615 1842; x_wconf 71' lang='lat' dir='ltr'><em>rectitudinem</em></span> <span class='ocrx_word' id='word_1_257' title='bbox 639 1813 841 1850; x_wconf 68' lang='lat' dir='ltr'><em>intelligentiae</em></span> <span class='ocrx_word' id='word_1_258' title='bbox 849 1823 859 1846; x_wconf 89' lang='lat'><em>;</em></span> <span class='ocrx_word' id='word_1_259' title='bbox 882 1812 965 1840; x_wconf 81' lang='lat' dir='ltr'><em>Exodi</em></span> <span class='ocrx_word' id='word_1_260' title='bbox 989 1812 1028 1841; x_wconf 87' lang='lat' dir='ltr'><em>vi-</em></span> 
     </span>
     <span class='ocr_line' id='line_1_40' title="bbox 181 1859 1027 1898; baseline -0.002 -9"><span class='ocrx_word' id='word_1_261' title='bbox 181 1861 285 1898; x_wconf 86' lang='lat' dir='ltr'><em>gesimo</em></span> <span class='ocrx_word' id='word_1_262' title='bbox 316 1861 413 1898; x_wconf 91' lang='lat' dir='ltr'><em>quinto</em></span> <span class='ocrx_word' id='word_1_263' title='bbox 432 1861 458 1889; x_wconf 77' lang='lat'><em>⁴:</em></span> <span class='ocrx_word' id='word_1_264' title='bbox 493 1861 586 1889; x_wconf 82' lang='lat' dir='ltr'><em>Pones</em></span> <span class='ocrx_word' id='word_1_265' title='bbox 616 1860 647 1889; x_wconf 87' lang='lat' dir='ltr'><em>in</em></span> <span class='ocrx_word' id='word_1_266' title='bbox 679 1868 752 1888; x_wconf 87' lang='lat' dir='ltr'><em>arca</em></span> <span class='ocrx_word' id='word_1_267' title='bbox 784 1859 1027 1896; x_wconf 76' lang='lat' dir='ltr'><em>testificationem,</em></span> 
     </span>
     <span class='ocr_line' id='line_1_41' title="bbox 182 1906 1028 1945; baseline -0.004 -9"><span class='ocrx_word' id='word_1_268' title='bbox 182 1916 270 1945; x_wconf 80' lang='lat' dir='ltr'><em>quain</em></span> <span class='ocrx_word' id='word_1_269' title='bbox 293 1907 368 1936; x_wconf 79' lang='lat' dir='ltr'><em>dabo</em></span> <span class='ocrx_word' id='word_1_270' title='bbox 383 1907 442 1936; x_wconf 85' lang='lat' dir='ltr'><em>tibi.</em></span> <span class='ocrx_word' id='word_1_271' title='bbox 465 1908 534 1936; x_wconf 85' lang='lat' dir='ltr'><em>Haec</em></span> <span class='ocrx_word' id='word_1_272' title='bbox 549 1907 710 1943; x_wconf 80' lang='lat' dir='ltr'><em>testificatio</em></span> <span class='ocrx_word' id='word_1_273' title='bbox 726 1910 785 1935; x_wconf 86' lang='lat' dir='ltr'><em>erat</em></span> <span class='ocrx_word' id='word_1_274' title='bbox 807 1907 865 1943; x_wconf 88' lang='lat' dir='ltr'><em>ipsa</em></span> <span class='ocrx_word' id='word_1_275' title='bbox 887 1906 942 1940; x_wconf 82' lang='lat' dir='ltr'><em>lex,</em></span> <span class='ocrx_word' id='word_1_276' title='bbox 957 1913 1028 1942; x_wconf 85' lang='lat' dir='ltr'><em>quae</em></span> 
     </span>
     <span class='ocr_line' id='line_1_42' title="bbox 183 1952 1028 1991; baseline -0.004 -8"><span class='ocrx_word' id='word_1_277' title='bbox 183 1954 286 1991; x_wconf 84' lang='lat' dir='ltr'><em>scripta</em></span> <span class='ocrx_word' id='word_1_278' title='bbox 307 1957 334 1983; x_wconf 89' lang='lat' dir='ltr'><em>et</em></span> <span class='ocrx_word' id='word_1_279' title='bbox 355 1954 443 1991; x_wconf 83' lang='lat' dir='ltr'><em>posita</em></span> <span class='ocrx_word' id='word_1_280' title='bbox 471 1954 523 1982; x_wconf 89' lang='lat' dir='ltr'><em>fuit</em></span> <span class='ocrx_word' id='word_1_281' title='bbox 544 1954 571 1982; x_wconf 88' lang='lat' dir='ltr'><em>in</em></span> <span class='ocrx_word' id='word_1_282' title='bbox 599 1961 664 1982; x_wconf 87' lang='lat' dir='ltr'><em>arca</em></span> <span class='ocrx_word' id='word_1_283' title='bbox 691 1953 855 1986; x_wconf 80' lang='lat' dir='ltr'><em>testimonii,</em></span> <span class='ocrx_word' id='word_1_284' title='bbox 884 1953 909 1980; x_wconf 88' lang='lat' dir='ltr'><em>id</em></span> <span class='ocrx_word' id='word_1_285' title='bbox 931 1956 973 1981; x_wconf 88' lang='lat' dir='ltr'><em>est</em></span> <span class='ocrx_word' id='word_1_286' title='bbox 1001 1952 1028 1980; x_wconf 90' lang='lat' dir='ltr'><em>in</em></span> 
     </span>
     <span class='ocr_line' id='line_1_43' title="bbox 183 1999 1029 2037; baseline -0.005 -7"><span class='ocrx_word' id='word_1_287' title='bbox 183 2001 265 2030; x_wconf 87' lang='lat' dir='ltr'><em>corde</em></span> <span class='ocrx_word' id='word_1_288' title='bbox 286 2001 458 2030; x_wconf 80' lang='lat' dir='ltr'><em>beatissimae</em></span> <span class='ocrx_word' id='word_1_289' title='bbox 479 2001 607 2037; x_wconf 75' lang='lat' dir='ltr'><em>Virginis.</em></span> <span class='ocrx_word' id='word_1_290' title='bbox 629 2001 695 2029; x_wconf 90' lang='lat' dir='ltr'><em>Nam</em></span> <span class='ocrx_word' id='word_1_291' title='bbox 717 2000 750 2028; x_wconf 89' lang='lat' dir='ltr'><em>de</em></span> <span class='ocrx_word' id='word_1_292' title='bbox 772 2000 829 2036; x_wconf 85' lang='lat' dir='ltr'><em>ipsa</em></span> <span class='ocrx_word' id='word_1_293' title='bbox 850 1999 951 2027; x_wconf 87' lang='lat' dir='ltr'><em>dicitur</em></span> <span class='ocrx_word' id='word_1_294' title='bbox 976 1999 1029 2027; x_wconf 87' lang='lat' dir='ltr'><em>Lu-</em></span> 
     </span>
     <span class='ocr_line' id='line_1_44' title="bbox 183 2045 1029 2077; baseline -0.005 0"><span class='ocrx_word' id='word_1_295' title='bbox 183 2056 230 2077; x_wconf 96' lang='lat' dir='ltr'><em>cae</em></span> <span class='ocrx_word' id='word_1_296' title='bbox 245 2048 382 2077; x_wconf 87' lang='lat' dir='ltr'><em>secundo:</em></span> <span class='ocrx_word' id='word_1_297' title='bbox 395 2048 493 2076; x_wconf 85' lang='lat' dir='ltr'><em>Maria-</em></span> <span class='ocrx_word' id='word_1_298' title='bbox 508 2052 605 2076; x_wconf 85' lang='lat' dir='ltr'><em>autem</em></span> <span class='ocrx_word' id='word_1_299' title='bbox 620 2047 811 2076; x_wconf 79' lang='lat' dir='ltr'><em>conservabat</em></span> <span class='ocrx_word' id='word_1_300' title='bbox 825 2046 925 2075; x_wconf 88' lang='lat' dir='ltr'><em>omnia</em></span> <span class='ocrx_word' id='word_1_301' title='bbox 940 2045 1029 2074; x_wconf 77' lang='lat' dir='ltr'><em>verba</em></span> 
     </span>
     <span class='ocr_line' id='line_1_45' title="bbox 184 2094 1028 2132; baseline -0.002 -8"><span class='ocrx_word' id='word_1_302' title='bbox 184 2095 263 2130; x_wconf 88' lang='lat' dir='ltr'><em>haec,</em></span> <span class='ocrx_word' id='word_1_303' title='bbox 286 2094 437 2132; x_wconf 81' lang='lat' dir='ltr'><em>conferens</em></span> <span class='ocrx_word' id='word_1_304' title='bbox 458 2095 489 2123; x_wconf 90' lang='lat' dir='ltr'><em>in</em></span> <span class='ocrx_word' id='word_1_305' title='bbox 511 2095 596 2123; x_wconf 82' lang='lat' dir='ltr'><em>corde</em></span> <span class='ocrx_word' id='word_1_306' title='bbox 616 2103 678 2122; x_wconf 81' lang='lat' dir='ltr'><em>suo.</em></span> <span class='ocrx_word' id='word_1_307' title='bbox 701 2094 776 2123; x_wconf 87' lang='lat' dir='ltr'><em>Sicut</em></span> <span class='ocrx_word' id='word_1_308' title='bbox 803 2094 876 2122; x_wconf 90' lang='lat' dir='ltr'><em>enim</em></span> <span class='ocrx_word' id='word_1_309' title='bbox 904 2101 968 2122; x_wconf 83' lang='lat' dir='ltr'><em>arca</em></span> <span class='ocrx_word' id='word_1_310' title='bbox 991 2096 1028 2122; x_wconf 85' lang='lat' dir='ltr'><em>te-</em></span> 
     </span>
     <span class='ocr_line' id='line_1_46' title="bbox 183 2140 1028 2179; baseline -0.004 -8"><span class='ocrx_word' id='word_1_311' title='bbox 183 2143 310 2172; x_wconf 86' lang='lat' dir='ltr'><em>stamenti</em></span> <span class='ocrx_word' id='word_1_312' title='bbox 333 2142 514 2171; x_wconf 76' lang='lat' dir='ltr'><em>conservabat</em></span> <span class='ocrx_word' id='word_1_313' title='bbox 541 2142 638 2179; x_wconf 80' lang='lat' dir='ltr'><em>Legem</em></span> <span class='ocrx_word' id='word_1_314' title='bbox 670 2141 770 2178; x_wconf 80' lang='lat' dir='ltr'><em>Moysi,</em></span> <span class='ocrx_word' id='word_1_315' title='bbox 799 2141 837 2169; x_wconf 88' lang='lat' dir='ltr'><em>sic</em></span> <span class='ocrx_word' id='word_1_316' title='bbox 865 2141 916 2169; x_wconf 88' lang='lat' dir='ltr'><em>ista</em></span> <span class='ocrx_word' id='word_1_317' title='bbox 942 2140 1028 2177; x_wconf 86' lang='lat' dir='ltr'><em>legem</em></span> 
     </span>
     <span class='ocr_line' id='line_1_47' title="bbox 185 2187 1030 2227; baseline -0.005 -8"><span class='ocrx_word' id='word_1_318' title='bbox 185 2190 320 2227; x_wconf 80' lang='lat' dir='ltr'><em>Evangelii</em></span> <span class='ocrx_word' id='word_1_319' title='bbox 344 2198 392 2227; x_wconf 89' lang='lat' dir='ltr'><em>per</em></span> <span class='ocrx_word' id='word_1_320' title='bbox 413 2193 516 2219; x_wconf 86' lang='lat' dir='ltr'><em>rectam</em></span> <span class='ocrx_word' id='word_1_321' title='bbox 539 2189 744 2226; x_wconf 78' lang='lat' dir='ltr'><em>intelligentiam</em></span> <span class='ocrx_word' id='word_1_322' title='bbox 766 2188 890 2217; x_wconf 89' lang='lat' dir='ltr'><em>veritatis</em></span> <span class='ocrx_word' id='word_1_323' title='bbox 915 2187 976 2215; x_wconf 86' lang='lat' dir='ltr'><em>fidei</em></span> <span class='ocrx_word' id='word_1_324' title='bbox 1002 2190 1030 2216; x_wconf 89' lang='lat' dir='ltr'><em>et</em></span> 
     </span>
     <span class='ocr_line' id='line_1_48' title="bbox 184 2234 1028 2274; baseline -0.004 -9"><span class='ocrx_word' id='word_1_325' title='bbox 184 2238 268 2267; x_wconf 87' lang='lat' dir='ltr'><em>totius</em></span> <span class='ocrx_word' id='word_1_326' title='bbox 290 2238 357 2274; x_wconf 84' lang='lat' dir='ltr'><em>legis</em></span> <span class='ocrx_word' id='word_1_327' title='bbox 377 2237 487 2266; x_wconf 86' lang='lat' dir='ltr'><em>Christi.</em></span> <span class='ocrx_word' id='word_1_328' title='bbox 517 2236 592 2265; x_wconf 88' lang='lat' dir='ltr'><em>Unde</em></span> <span class='ocrx_word' id='word_1_329' title='bbox 620 2237 678 2273; x_wconf 87' lang='lat' dir='ltr'><em>ipsa</em></span> <span class='ocrx_word' id='word_1_330' title='bbox 707 2238 814 2272; x_wconf 89' lang='lat' dir='ltr'><em>poterat</em></span> <span class='ocrx_word' id='word_1_331' title='bbox 841 2235 933 2263; x_wconf 78' lang='lat' dir='ltr'><em>dicere</em></span> <span class='ocrx_word' id='word_1_332' title='bbox 962 2234 1028 2263; x_wconf 91' lang='lat' dir='ltr'><em>illud</em></span> 
     </span>
     <span class='ocr_line' id='line_1_49' title="bbox 185 2280 1029 2321; baseline -0.006 -7"><span class='ocrx_word' id='word_1_333' title='bbox 185 2285 298 2314; x_wconf 82' lang='lat' dir='ltr'><em>Psalmi:</em></span> <span class='ocrx_word' id='word_1_334' title='bbox 323 2285 355 2312; x_wconf 87' lang='lat' dir='ltr'><em>ln</em></span> <span class='ocrx_word' id='word_1_335' title='bbox 377 2284 470 2321; x_wconf 79' lang='lat' dir='ltr'><em>capite</em></span> <span class='ocrx_word' id='word_1_336' title='bbox 491 2283 560 2311; x_wconf 82' lang='lat' dir='ltr'><em>libri</em></span> <span class='ocrx_word' id='word_1_337' title='bbox 580 2283 725 2319; x_wconf 75' lang='lat' dir='ltr'><em>scriptum</em></span> <span class='ocrx_word' id='word_1_338' title='bbox 739 2286 778 2311; x_wconf 81' lang='lat' dir='ltr'><em>est</em></span> <span class='ocrx_word' id='word_1_339' title='bbox 799 2282 833 2310; x_wconf 88' lang='lat' dir='ltr'><em>de</em></span> <span class='ocrx_word' id='word_1_340' title='bbox 853 2291 907 2316; x_wconf 78' lang='lat' dir='ltr'><em>me,</em></span> <span class='ocrx_word' id='word_1_341' title='bbox 930 2286 961 2309; x_wconf 76' lang='lat' dir='ltr'><em>ut</em></span> <span class='ocrx_word' id='word_1_342' title='bbox 981 2280 1029 2318; x_wconf 87' lang='lat' dir='ltr'><em>fa—</em></span> 
     </span>
     <span class='ocr_line' id='line_1_50' title="bbox 184 2328 1029 2363; baseline -0.006 -2"><span class='ocrx_word' id='word_1_343' title='bbox 184 2341 276 2362; x_wconf 82' lang='lat' dir='ltr'><em>cerem</em></span> <span class='ocrx_word' id='word_1_344' title='bbox 297 2332 474 2360; x_wconf 77' lang='lat' dir='ltr'><em>voluntatem</em></span> <span class='ocrx_word' id='word_1_345' title='bbox 496 2334 586 2359; x_wconf 82' lang='lat' dir='ltr'><em>tuam.</em></span> <span class='ocrx_word' id='word_1_346' title='bbox 610 2330 687 2358; x_wconf 81' lang='lat' dir='ltr'><em>Deus</em></span> <span class='ocrx_word' id='word_1_347' title='bbox 708 2338 805 2363; x_wconf 83' lang='lat' dir='ltr'><em>meus,</em></span> <span class='ocrx_word' id='word_1_348' title='bbox 836 2329 914 2357; x_wconf 70' lang='lat' dir='ltr'><em>votui</em></span> <span class='ocrx_word' id='word_1_349' title='bbox 940 2333 967 2357; x_wconf 81' lang='lat' dir='ltr'><em>et</em></span> <span class='ocrx_word' id='word_1_350' title='bbox 994 2328 1029 2356; x_wconf 87' lang='lat' dir='ltr'><em>le-</em></span> 
     </span>
     <span class='ocr_line' id='line_1_51' title="bbox 183 2376 1028 2417; baseline -0.005 -9"><span class='ocrx_word' id='word_1_351' title='bbox 183 2389 247 2417; x_wconf 71' lang='lat' dir='ltr'><em>²cem</em></span> <span class='ocrx_word' id='word_1_352' title='bbox 269 2384 352 2408; x_wconf 83' lang='lat' dir='ltr'><em>tuam</em></span> <span class='ocrx_word' id='word_1_353' title='bbox 373 2379 404 2407; x_wconf 87' lang='lat' dir='ltr'><em>in</em></span> <span class='ocrx_word' id='word_1_354' title='bbox 426 2378 518 2407; x_wconf 84' lang='lat' dir='ltr'><em>medio</em></span> <span class='ocrx_word' id='word_1_355' title='bbox 540 2378 638 2406; x_wconf 85' lang='lat' dir='ltr'><em>cordis</em></span> <span class='ocrx_word' id='word_1_356' title='bbox 659 2377 732 2411; x_wconf 86' lang='lat' dir='ltr'><em>mei,</em></span> <span class='ocrx_word' id='word_1_357' title='bbox 761 2377 826 2414; x_wconf 83' lang='lat' dir='ltr'><em>quia</em></span> <span class='ocrx_word' id='word_1_358' title='bbox 854 2376 1028 2413; x_wconf 83' lang='lat' dir='ltr'><em>Evangelium</em></span> 
     </span>
     <span class='ocr_line' id='line_1_52' title="bbox 184 2423 1030 2463; baseline -0.006 -7"><span class='ocrx_word' id='word_1_359' title='bbox 184 2436 199 2456; x_wconf 87' lang='lat' dir='ltr'><em>a</em></span> <span class='ocrx_word' id='word_1_360' title='bbox 227 2429 361 2463; x_wconf 87' lang='lat' dir='ltr'><em>concept-u</em></span> <span class='ocrx_word' id='word_1_361' title='bbox 384 2425 507 2463; x_wconf 88' lang='lat' dir='ltr'><em>virginali</em></span> <span class='ocrx_word' id='word_1_362' title='bbox 531 2425 641 2461; x_wconf 80' lang='lat' dir='ltr'><em>incipit3</em></span> <span class='ocrx_word' id='word_1_363' title='bbox 670 2428 697 2453; x_wconf 88' lang='lat' dir='ltr'><em>et</em></span> <span class='ocrx_word' id='word_1_364' title='bbox 718 2424 778 2453; x_wconf 87' lang='lat' dir='ltr'><em>ideo</em></span> <span class='ocrx_word' id='word_1_365' title='bbox 799 2424 826 2452; x_wconf 91' lang='lat' dir='ltr'><em>in</em></span> <span class='ocrx_word' id='word_1_366' title='bbox 850 2424 907 2460; x_wconf 85' lang='lat' dir='ltr'><em>ipsa</em></span> <span class='ocrx_word' id='word_1_367' title='bbox 934 2423 1030 2452; x_wconf 84' lang='lat' dir='ltr'><em>debuit</em></span> 
     </span>
     <span class='ocr_line' id='line_1_53' title="bbox 184 2471 1033 2510; baseline -0.006 -7"><span class='ocrx_word' id='word_1_368' title='bbox 184 2474 310 2503; x_wconf 85' lang='lat' dir='ltr'><em>collocari</em></span> <span class='ocrx_word' id='word_1_369' title='bbox 334 2472 513 2510; x_wconf 81' lang='lat' dir='ltr'><em>intelligentia</em></span> <span class='ocrx_word' id='word_1_370' title='bbox 528 2472 594 2508; x_wconf 86' lang='lat' dir='ltr'><em>legis</em></span> <span class='ocrx_word' id='word_1_371' title='bbox 617 2472 752 2508; x_wconf 80' lang='lat' dir='ltr'><em>Evangelii</em></span> <span class='ocrx_word' id='word_1_372' title='bbox 769 2474 899 2508; x_wconf 85' lang='lat' dir='ltr'><em>tanquam</em></span> <span class='ocrx_word' id='word_1_373' title='bbox 922 2471 948 2499; x_wconf 90' lang='lat' dir='ltr'><em>in</em></span> <span class='ocrx_word' id='word_1_374' title='bbox 972 2471 1033 2503; x_wconf 64' lang='lat' dir='ltr'><em>loco⁴</em></span> 
     </span>
     <span class='ocr_line' id='line_1_54' title="bbox 184 2517 1029 2558; baseline -0.007 -8"><span class='ocrx_word' id='word_1_375' title='bbox 184 2521 325 2558; x_wconf 86' lang='lat' dir='ltr'><em>aptissimo</em></span> <span class='ocrx_word' id='word_1_376' title='bbox 346 2524 372 2549; x_wconf 84' lang='lat' dir='ltr'><em>et</em></span> <span class='ocrx_word' id='word_1_377' title='bbox 394 2528 508 2553; x_wconf 83' lang='lat' dir='ltr'><em>securo;</em></span> <span class='ocrx_word' id='word_1_378' title='bbox 530 2519 603 2548; x_wconf 86' lang='lat' dir='ltr'><em>unde</em></span> <span class='ocrx_word' id='word_1_379' title='bbox 618 2518 796 2547; x_wconf 87' lang='lat' dir='ltr'><em>Ecclesiastici</em></span> <span class='ocrx_word' id='word_1_380' title='bbox 819 2517 951 2554; x_wconf 83' lang='lat' dir='ltr'><em>vigesimo</em></span> <span class='ocrx_word' id='word_1_381' title='bbox 966 2525 1029 2545; x_wconf 85' lang='lat' dir='ltr'><em>sex-</em></span> 
     </span>
     <span class='ocr_line' id='line_1_55' title="bbox 186 2563 1029 2602; baseline -0.006 -6"><span class='ocrx_word' id='word_1_382' title='bbox 186 2572 213 2597; x_wconf 88' lang='lat' dir='ltr'><em>to</em></span> <span class='ocrx_word' id='word_1_383' title='bbox 227 2569 253 2596; x_wconf 76' lang='lat'><em>⁵:</em></span> <span class='ocrx_word' id='word_1_384' title='bbox 278 2568 483 2596; x_wconf 77' lang='lat' dir='ltr'><em>Fundamenta</em></span> <span class='ocrx_word' id='word_1_385' title='bbox 504 2569 638 2599; x_wconf 83' lang='lat' dir='ltr'><em>aeterna,</em></span> <span class='ocrx_word' id='word_1_386' title='bbox 652 2573 747 2602; x_wconf 84' lang='lat' dir='ltr'><em>supra</em></span> <span class='ocrx_word' id='word_1_387' title='bbox 759 2569 875 2602; x_wconf 80' lang='lat' dir='ltr'><em>petram</em></span> <span class='ocrx_word' id='word_1_388' title='bbox 889 2563 1029 2597; x_wconf 74' lang='lat' dir='ltr'><em>solidam,</em></span> 
     </span>
     <span class='ocr_line' id='line_1_56' title="bbox 185 2611 1030 2648; baseline -0.006 -5"><span class='ocrx_word' id='word_1_389' title='bbox 185 2619 209 2644; x_wconf 88' lang='lat' dir='ltr'><em>et</em></span> <span class='ocrx_word' id='word_1_390' title='bbox 221 2614 365 2643; x_wconf 81' lang='lat' dir='ltr'><em>mandata</em></span> <span class='ocrx_word' id='word_1_391' title='bbox 380 2613 438 2647; x_wconf 86' lang='lat' dir='ltr'><em>Dei,</em></span> <span class='ocrx_word' id='word_1_392' title='bbox 452 2614 483 2641; x_wconf 89' lang='lat' dir='ltr'><em>in</em></span> <span class='ocrx_word' id='word_1_393' title='bbox 495 2613 579 2641; x_wconf 83' lang='lat' dir='ltr'><em>eorde</em></span> <span class='ocrx_word' id='word_1_394' title='bbox 593 2612 727 2641; x_wconf 79' lang='lat' dir='ltr'><em>mulieris</em></span> <span class='ocrx_word' id='word_1_395' title='bbox 740 2615 869 2645; x_wconf 82' lang='lat' dir='ltr'><em>sanetae,</em></span> <span class='ocrx_word' id='word_1_396' title='bbox 881 2611 955 2648; x_wconf 80' lang='lat' dir='ltr'><em>quia,</em></span> <span class='ocrx_word' id='word_1_397' title='bbox 970 2611 1030 2639; x_wconf 89' lang='lat' dir='ltr'><em>aliis</em></span> 
     </span>
     <span class='ocr_line' id='line_1_57' title="bbox 185 2658 1030 2696; baseline -0.006 -6"><span class='ocrx_word' id='word_1_398' title='bbox 185 2661 392 2694; x_wconf 82' lang='lat' dir='ltr'><em>dubitantibus,</em></span> <span class='ocrx_word' id='word_1_399' title='bbox 414 2660 440 2688; x_wconf 90' lang='lat' dir='ltr'><em>in</em></span> <span class='ocrx_word' id='word_1_400' title='bbox 456 2659 568 2696; x_wconf 81' lang='lat' dir='ltr'><em>Virgine</em></span> <span class='ocrx_word' id='word_1_401' title='bbox 589 2659 673 2687; x_wconf 82' lang='lat' dir='ltr'><em>Maria</em></span> <span class='ocrx_word' id='word_1_402' title='bbox 693 2658 773 2686; x_wconf 89' lang='lat' dir='ltr'><em>firma</em></span> <span class='ocrx_word' id='word_1_403' title='bbox 794 2661 821 2687; x_wconf 90' lang='lat' dir='ltr'><em>et</em></span> <span class='ocrx_word' id='word_1_404' title='bbox 842 2658 927 2686; x_wconf 85' lang='lat' dir='ltr'><em>solida</em></span> <span class='ocrx_word' id='word_1_405' title='bbox 942 2661 969 2686; x_wconf 89' lang='lat' dir='ltr'><em>et</em></span> <span class='ocrx_word' id='word_1_406' title='bbox 990 2658 1030 2685; x_wconf 94' lang='lat' dir='ltr'><em>in—</em></span> 
     </span>
    </p>
   </div>
   <div class='ocr_carea' id='block_1_7' title="bbox 1052 266 1061 2677">
    <p class='ocr_par' dir='ltr' id='par_1_9' title="bbox 1052 266 1061 2677">
     <span class='ocr_line' id='line_1_58' title="bbox 1052 266 1061 2677; baseline 0 0"><span class='ocrx_word' id='word_1_407' title='bbox 1052 266 1061 2677; x_wconf 95' lang='lat' dir='ltr'><em> </em></span> 
     </span>
    </p>
   </div>
   <div class='ocr_carea' id='block_1_8' title="bbox 1870 193 1926 220">
    <p class='ocr_par' dir='ltr' id='par_1_10' title="bbox 1870 193 1926 220">
     <span class='ocr_line' id='line_1_59' title="bbox 1870 193 1926 220; baseline 0 0"><span class='ocrx_word' id='word_1_408' title='bbox 1870 193 1926 220; x_wconf 83' lang='lat'><em>717</em></span> 
     </span>
    </p>
   </div>
   <div class='ocr_carea' id='block_1_9' title="bbox 1081 268 1926 682">
    <p class='ocr_par' dir='ltr' id='par_1_11' title="bbox 1081 268 1926 630">
     <span class='ocr_line' id='line_1_60' title="bbox 1082 268 1926 306; baseline 0.004 -10"><span class='ocrx_word' id='word_1_409' title='bbox 1082 275 1213 297; x_wconf 86' lang='lat' dir='ltr'><em>concussa</em></span> <span class='ocrx_word' id='word_1_410' title='bbox 1237 269 1335 297; x_wconf 83' lang='lat' dir='ltr'><em>mansit</em></span> <span class='ocrx_word' id='word_1_411' title='bbox 1356 268 1534 306; x_wconf 84' lang='lat' dir='ltr'><em>intelligentia</em></span> <span class='ocrx_word' id='word_1_412' title='bbox 1550 270 1680 299; x_wconf 85' lang='lat' dir='ltr'><em>veritatis.</em></span> <span class='ocrx_word' id='word_1_413' title='bbox 1699 271 1729 298; x_wconf 90' lang='lat' dir='ltr'><em>Et</em></span> <span class='ocrx_word' id='word_1_414' title='bbox 1751 271 1820 299; x_wconf 86' lang='lat' dir='ltr'><em>ratio</em></span> <span class='ocrx_word' id='word_1_415' title='bbox 1842 271 1926 300; x_wconf 89' lang='lat' dir='ltr'><em>huius</em></span> 
     </span>
     <span class='ocr_line' id='line_1_61' title="bbox 1082 315 1926 354; baseline 0.006 -13"><span class='ocrx_word' id='word_1_416' title='bbox 1082 316 1137 348; x_wconf 86' lang='lat' dir='ltr'><em>est,</em></span> <span class='ocrx_word' id='word_1_417' title='bbox 1160 315 1225 351; x_wconf 88' lang='lat' dir='ltr'><em>quia</em></span> <span class='ocrx_word' id='word_1_418' title='bbox 1246 323 1298 343; x_wconf 89' lang='lat' dir='ltr'><em>non</em></span> <span class='ocrx_word' id='word_1_419' title='bbox 1321 318 1427 343; x_wconf 88' lang='lat' dir='ltr'><em>tautum</em></span> <span class='ocrx_word' id='word_1_420' title='bbox 1451 316 1547 344; x_wconf 88' lang='lat' dir='ltr'><em>habuit</em></span> <span class='ocrx_word' id='word_1_421' title='bbox 1562 316 1766 353; x_wconf 84' lang='lat' dir='ltr'><em>intelligentiam</em></span> <span class='ocrx_word' id='word_1_422' title='bbox 1784 318 1850 354; x_wconf 87' lang='lat' dir='ltr'><em>legis</em></span> <span class='ocrx_word' id='word_1_423' title='bbox 1865 325 1926 354; x_wconf 88' lang='lat' dir='ltr'><em>spe-</em></span> 
     </span>
     <span class='ocr_line' id='line_1_62' title="bbox 1082 361 1926 400; baseline 0.006 -12"><span class='ocrx_word' id='word_1_424' title='bbox 1082 361 1245 394; x_wconf 86' lang='lat' dir='ltr'><em>culativam,</em></span> <span class='ocrx_word' id='word_1_425' title='bbox 1268 369 1364 389; x_wconf 89' lang='lat' dir='ltr'><em>verum</em></span> <span class='ocrx_word' id='word_1_426' title='bbox 1387 362 1467 390; x_wconf 85' lang='lat' dir='ltr'><em>etiam</em></span> <span class='ocrx_word' id='word_1_427' title='bbox 1491 363 1637 399; x_wconf 82' lang='lat' dir='ltr'><em>practicam</em></span> <span class='ocrx_word' id='word_1_428' title='bbox 1667 367 1693 392; x_wconf 86' lang='lat' dir='ltr'><em>et</em></span> <span class='ocrx_word' id='word_1_429' title='bbox 1722 365 1926 400; x_wconf 83' lang='lat' dir='ltr'><em>experimenta-</em></span> 
     </span>
     <span class='ocr_line' id='line_1_63' title="bbox 1082 407 1926 446; baseline 0.006 -11"><span class='ocrx_word' id='word_1_430' title='bbox 1082 407 1150 441; x_wconf 85' lang='lat' dir='ltr'><em>lem;</em></span> <span class='ocrx_word' id='word_1_431' title='bbox 1172 407 1205 436; x_wconf 90' lang='lat' dir='ltr'><em>de</em></span> <span class='ocrx_word' id='word_1_432' title='bbox 1226 416 1281 444; x_wconf 89' lang='lat' dir='ltr'><em>qua</em></span> <span class='ocrx_word' id='word_1_433' title='bbox 1301 408 1367 436; x_wconf 87' lang='lat' dir='ltr'><em>dicit</em></span> <span class='ocrx_word' id='word_1_434' title='bbox 1389 409 1578 445; x_wconf 79' lang='lat' dir='ltr'><em>Philosophus,</em></span> <span class='ocrx_word' id='word_1_435' title='bbox 1600 411 1672 446; x_wconf 88' lang='lat' dir='ltr'><em>quod</em></span> <span class='ocrx_word' id='word_1_436' title='bbox 1696 411 1783 439; x_wconf 88' lang='lat' dir='ltr'><em>virtus</em></span> <span class='ocrx_word' id='word_1_437' title='bbox 1804 415 1845 439; x_wconf 87' lang='lat' dir='ltr'><em>est</em></span> <span class='ocrx_word' id='word_1_438' title='bbox 1867 419 1926 440; x_wconf 86' lang='lat' dir='ltr'><em>cer-</em></span> 
     </span>
     <span class='ocr_line' id='line_1_64' title="bbox 1083 453 1926 492; baseline 0.007 -11"><span class='ocrx_word' id='word_1_439' title='bbox 1083 453 1134 481; x_wconf 89' lang='lat' dir='ltr'><em>tior</em></span> <span class='ocrx_word' id='word_1_440' title='bbox 1156 454 1228 482; x_wconf 89' lang='lat' dir='ltr'><em>omni</em></span> <span class='ocrx_word' id='word_1_441' title='bbox 1252 457 1318 483; x_wconf 83' lang='lat' dir='ltr'><em>arte.</em></span> <span class='ocrx_word' id='word_1_442' title='bbox 1342 455 1455 491; x_wconf 79' lang='lat' dir='ltr'><em>Propter</em></span> <span class='ocrx_word' id='word_1_443' title='bbox 1477 456 1549 492; x_wconf 85' lang='lat' dir='ltr'><em>quod</em></span> <span class='ocrx_word' id='word_1_444' title='bbox 1572 457 1598 485; x_wconf 90' lang='lat' dir='ltr'><em>in</em></span> <span class='ocrx_word' id='word_1_445' title='bbox 1616 457 1719 486; x_wconf 84' lang='lat' dir='ltr'><em>Psalmo</em></span> <span class='ocrx_word' id='word_1_446' title='bbox 1734 457 1835 486; x_wconf 88' lang='lat' dir='ltr'><em>dicitur</em></span> <span class='ocrx_word' id='word_1_447' title='bbox 1850 458 1926 486; x_wconf 86' lang='lat' dir='ltr'><em>Chri-</em></span> 
     </span>
     <span class='ocr_line' id='line_1_65' title="bbox 1081 501 1926 542; baseline 0.006 -14"><span class='ocrx_word' id='word_1_448' title='bbox 1081 504 1138 528; x_wconf 87' lang='lat' dir='ltr'><em>sto:</em></span> <span class='ocrx_word' id='word_1_449' title='bbox 1168 501 1290 537; x_wconf 80' lang='lat' dir='ltr'><em>Tempus</em></span> <span class='ocrx_word' id='word_1_450' title='bbox 1304 501 1444 538; x_wconf 79' lang='lat' dir='ltr'><em>faciendi,</em></span> <span class='ocrx_word' id='word_1_451' title='bbox 1462 503 1590 537; x_wconf 81' lang='lat' dir='ltr'><em>Domine,</em></span> <span class='ocrx_word' id='word_1_452' title='bbox 1606 504 1824 541; x_wconf 77' lang='lat' dir='ltr'><em>dissipaverunt</em></span> <span class='ocrx_word' id='word_1_453' title='bbox 1839 505 1926 542; x_wconf 65' lang='lat' dir='ltr'><em>teqem</em></span> 
     </span>
     <span class='ocr_line' id='line_1_66' title="bbox 1082 548 1926 588; baseline 0.008 -14"><span class='ocrx_word' id='word_1_454' title='bbox 1082 551 1172 575; x_wconf 83' lang='lat' dir='ltr'><em>tuam.</em></span> <span class='ocrx_word' id='word_1_455' title='bbox 1195 548 1261 576; x_wconf 84' lang='lat' dir='ltr'><em>Ideo</em></span> <span class='ocrx_word' id='word_1_456' title='bbox 1283 548 1373 576; x_wconf 74' lang='lat' dir='ltr'><em>(lilexi</em></span> <span class='ocrx_word' id='word_1_457' title='bbox 1398 550 1543 578; x_wconf 81' lang='lat' dir='ltr'><em>mandata</em></span> <span class='ocrx_word' id='word_1_458' title='bbox 1569 555 1621 578; x_wconf 88' lang='lat' dir='ltr'><em>tua</em></span> <span class='ocrx_word' id='word_1_459' title='bbox 1648 560 1736 588; x_wconf 75' lang='lat' dir='ltr'><em>super</em></span> <span class='ocrx_word' id='word_1_460' title='bbox 1761 561 1872 580; x_wconf 79' lang='lat' dir='ltr'><em>aarum</em></span> <span class='ocrx_word' id='word_1_461' title='bbox 1901 556 1926 581; x_wconf 84' lang='lat' dir='ltr'><em>et</em></span> 
     </span>
     <span class='ocr_line' id='line_1_67' title="bbox 1081 594 1228 630; baseline 0.007 -9"><span class='ocrx_word' id='word_1_462' title='bbox 1081 594 1228 630; x_wconf 79' lang='lat' dir='ltr'><em>topazion.</em></span> 
     </span>
    </p>

    <p class='ocr_par' dir='ltr' id='par_1_12' title="bbox 1159 642 1925 682">
     <span class='ocr_line' id='line_1_68' title="bbox 1159 642 1925 682; baseline 0.008 -13"><span class='ocrx_word' id='word_1_463' title='bbox 1159 642 1264 677; x_wconf 81' lang='lat' dir='ltr'><em>Quarto</em></span> <span class='ocrx_word' id='word_1_464' title='bbox 1285 642 1337 670; x_wconf 88' lang='lat' dir='ltr'><em>fuit</em></span> <span class='ocrx_word' id='word_1_465' title='bbox 1357 651 1421 671; x_wconf 88' lang='lat' dir='ltr'><em>arca</em></span> <span class='ocrx_word' id='word_1_466' title='bbox 1443 644 1612 678; x_wconf 76' lang='lat' dir='ltr'><em>testamenti,</em></span> <span class='ocrx_word' id='word_1_467' title='bbox 1634 645 1699 681; x_wconf 88' lang='lat' dir='ltr'><em>quia</em></span> <span class='ocrx_word' id='word_1_468' title='bbox 1719 645 1838 682; x_wconf 84' lang='lat' dir='ltr'><em>desuper</em></span> <span class='ocrx_word' id='word_1_469' title='bbox 1860 654 1925 675; x_wconf 88' lang='lat' dir='ltr'><em>con-</em></span> 
     </span>
    </p>
   </div>
   <div class='ocr_carea' id='block_1_10' title="bbox 1051 687 1926 729">
    <p class='ocr_par' dir='ltr' id='par_1_13' title="bbox 1051 687 1926 729">
     <span class='ocr_line' id='line_1_69' title="bbox 1051 687 1926 729; baseline 0.008 -14"><span class='ocrx_word' id='word_1_470' title='bbox 1051 722 1054 728; x_wconf 76' lang='lat'><em>.</em></span> <span class='ocrx_word' id='word_1_471' title='bbox 1082 688 1174 715; x_wconf 75' lang='lat' dir='ltr'><em>linens</em></span> <span class='ocrx_word' id='word_1_472' title='bbox 1197 687 1350 717; x_wconf 84' lang='lat' dir='ltr'><em>Cherubim</em></span> <span class='ocrx_word' id='word_1_473' title='bbox 1377 698 1426 726; x_wconf 85' lang='lat' dir='ltr'><em>per</em></span> <span class='ocrx_word' id='word_1_474' title='bbox 1445 690 1653 726; x_wconf 68' lang='lat' dir='ltr'><em>plenitudinem.</em></span> <span class='ocrx_word' id='word_1_475' title='bbox 1678 692 1856 729; x_wconf 76' lang='lat' dir='ltr'><em>sapientiae;</em></span> <span class='ocrx_word' id='word_1_476' title='bbox 1885 701 1926 722; x_wconf 83' lang='lat' dir='ltr'><em>se-</em></span> 
     </span>
    </p>
   </div>
   <div class='ocr_carea' id='block_1_11' title="bbox 1081 735 1931 2693">
    <p class='ocr_par' dir='ltr' id='par_1_14' title="bbox 1081 735 1930 1706">
     <span class='ocr_line' id='line_1_70' title="bbox 1081 735 1926 777; baseline 0.007 -15"><span class='ocrx_word' id='word_1_477' title='bbox 1081 735 1162 763; x_wconf 90' lang='lat' dir='ltr'><em>cundi</em></span> <span class='ocrx_word' id='word_1_478' title='bbox 1186 735 1408 772; x_wconf 80' lang='lat' dir='ltr'><em>Paralipomenon</em></span> <span class='ocrx_word' id='word_1_479' title='bbox 1438 738 1575 774; x_wconf 76' lang='lat' dir='ltr'><em>quinto⁶:</em></span> <span class='ocrx_word' id='word_1_480' title='bbox 1601 737 1755 767; x_wconf 74' lang='lat' dir='ltr'><em>Cherubim</em></span> <span class='ocrx_word' id='word_1_481' title='bbox 1783 740 1926 777; x_wconf 69' lang='lat' dir='ltr'><em>expande-</em></span> 
     </span>
     <span class='ocr_line' id='line_1_71' title="bbox 1082 781 1926 823; baseline 0.006 -14"><span class='ocrx_word' id='word_1_482' title='bbox 1082 781 1150 809; x_wconf 85' lang='lat' dir='ltr'><em>bant</em></span> <span class='ocrx_word' id='word_1_483' title='bbox 1171 782 1236 810; x_wconf 70' lang='lat' dir='ltr'><em>atas</em></span> <span class='ocrx_word' id='word_1_484' title='bbox 1257 791 1330 810; x_wconf 74' lang='lat' dir='ltr'><em>suas</em></span> <span class='ocrx_word' id='word_1_485' title='bbox 1350 792 1440 820; x_wconf 81' lang='lat' dir='ltr'><em>supe-r</em></span> <span class='ocrx_word' id='word_1_486' title='bbox 1469 784 1580 819; x_wconf 81' lang='lat' dir='ltr'><em>locum,</em></span> <span class='ocrx_word' id='word_1_487' title='bbox 1601 786 1633 813; x_wconf 88' lang='lat' dir='ltr'><em>in</em></span> <span class='ocrx_word' id='word_1_488' title='bbox 1654 794 1710 823; x_wconf 84' lang='lat' dir='ltr'><em>quo</em></span> <span class='ocrx_word' id='word_1_489' title='bbox 1739 787 1835 822; x_wconf 73' lang='lat' dir='ltr'><em>posita</em></span> <span class='ocrx_word' id='word_1_490' title='bbox 1863 790 1926 815; x_wconf 85' lang='lat' dir='ltr'><em>erat</em></span> 
     </span>
     <span class='ocr_line' id='line_1_72' title="bbox 1081 828 1925 868; baseline 0.008 -13"><span class='ocrx_word' id='word_1_491' title='bbox 1081 836 1164 856; x_wconf 83' lang='lat' dir='ltr'><em>arca.</em></span> <span class='ocrx_word' id='word_1_492' title='bbox 1199 828 1353 857; x_wconf 84' lang='lat' dir='ltr'><em>Cherubim</em></span> <span class='ocrx_word' id='word_1_493' title='bbox 1385 830 1584 867; x_wconf 87' lang='lat' dir='ltr'><em>interpretatur</em></span> <span class='ocrx_word' id='word_1_494' title='bbox 1613 832 1754 868; x_wconf 89' lang='lat' dir='ltr'><em>plenitudo</em></span> <span class='ocrx_word' id='word_1_495' title='bbox 1782 833 1925 868; x_wconf 80' lang='lat' dir='ltr'><em>scientiae,</em></span> 
     </span>
     <span class='ocr_line' id='line_1_73' title="bbox 1081 878 1927 915; baseline 0.008 -14"><span class='ocrx_word' id='word_1_496' title='bbox 1081 881 1152 910; x_wconf 81' lang='lat' dir='ltr'><em>quae</em></span> <span class='ocrx_word' id='word_1_497' title='bbox 1174 882 1258 910; x_wconf 87' lang='lat' dir='ltr'><em>super</em></span> <span class='ocrx_word' id='word_1_498' title='bbox 1280 883 1371 904; x_wconf 73' lang='lat' dir='ltr'><em>arcam</em></span> <span class='ocrx_word' id='word_1_499' title='bbox 1393 881 1488 908; x_wconf 82' lang='lat' dir='ltr'><em>erant,</em></span> <span class='ocrx_word' id='word_1_500' title='bbox 1510 878 1575 913; x_wconf 84' lang='lat' dir='ltr'><em>quia</em></span> <span class='ocrx_word' id='word_1_501' title='bbox 1595 879 1679 906; x_wconf 85' lang='lat' dir='ltr'><em>Maria</em></span> <span class='ocrx_word' id='word_1_502' title='bbox 1701 879 1783 915; x_wconf 86' lang='lat' dir='ltr'><em>Virgo</em></span> <span class='ocrx_word' id='word_1_503' title='bbox 1805 880 1856 907; x_wconf 84' lang='lat' dir='ltr'><em>hac</em></span> <span class='ocrx_word' id='word_1_504' title='bbox 1884 888 1927 908; x_wconf 87' lang='lat' dir='ltr'><em>sa-</em></span> 
     </span>
     <span class='ocr_line' id='line_1_74' title="bbox 1084 920 1926 960; baseline 0.008 -13"><span class='ocrx_word' id='word_1_505' title='bbox 1084 920 1184 955; x_wconf 88' lang='lat' dir='ltr'><em>pientia</em></span> <span class='ocrx_word' id='word_1_506' title='bbox 1206 921 1256 948; x_wconf 88' lang='lat' dir='ltr'><em>fuit</em></span> <span class='ocrx_word' id='word_1_507' title='bbox 1278 922 1366 957; x_wconf 82' lang='lat' dir='ltr'><em>plena,</em></span> <span class='ocrx_word' id='word_1_508' title='bbox 1388 923 1538 951; x_wconf 87' lang='lat' dir='ltr'><em>secundum</em></span> <span class='ocrx_word' id='word_1_509' title='bbox 1561 924 1634 960; x_wconf 88' lang='lat' dir='ltr'><em>quod</em></span> <span class='ocrx_word' id='word_1_510' title='bbox 1650 925 1715 952; x_wconf 84' lang='lat' dir='ltr'><em>dicit</em></span> <span class='ocrx_word' id='word_1_511' title='bbox 1730 925 1884 953; x_wconf 82' lang='lat' dir='ltr'><em>Bernardus</em></span> <span class='ocrx_word' id='word_1_512' title='bbox 1899 926 1926 953; x_wconf 87' lang='lat'><em>⁷:</em></span> 
     </span>
     <span class='ocr_line' id='line_1_75' title="bbox 1086 967 1927 1008; baseline 0.008 -15"><span class='ocrx_word' id='word_1_513' title='bbox 1086 978 1099 990; x_wconf 81' lang='lat'>«</span> <span class='ocrx_word' id='word_1_514' title='bbox 1115 967 1198 994; x_wconf 87' lang='lat' dir='ltr'><em>Maria</em></span> <span class='ocrx_word' id='word_1_515' title='bbox 1220 967 1461 1003; x_wconf 84' lang='lat' dir='ltr'><em>profundissimam</em></span> <span class='ocrx_word' id='word_1_516' title='bbox 1478 969 1585 998; x_wconf 85' lang='lat' dir='ltr'><em>divinae</em></span> <span class='ocrx_word' id='word_1_517' title='bbox 1607 971 1754 1007; x_wconf 83' lang='lat' dir='ltr'><em>sapientiae</em></span> <span class='ocrx_word' id='word_1_518' title='bbox 1776 972 1927 1008; x_wconf 82' lang='lat' dir='ltr'><em>penetravit</em></span> 
     </span>
     <span class='ocr_line' id='line_1_76' title="bbox 1082 1013 1926 1053; baseline 0.008 -13"><span class='ocrx_word' id='word_1_519' title='bbox 1082 1013 1222 1049; x_wconf 84' lang='lat' dir='ltr'><em>abyssum,</em></span> <span class='ocrx_word' id='word_1_520' title='bbox 1239 1018 1278 1049; x_wconf 80' lang='lat' dir='ltr'><em>ut,</em></span> <span class='ocrx_word' id='word_1_521' title='bbox 1294 1018 1428 1051; x_wconf 89' lang='lat' dir='ltr'><em>quantum</em></span> <span class='ocrx_word' id='word_1_522' title='bbox 1451 1016 1484 1044; x_wconf 91' lang='lat' dir='ltr'><em>de</em></span> <span class='ocrx_word' id='word_1_523' title='bbox 1505 1020 1634 1045; x_wconf 84' lang='lat' dir='ltr'><em>creatura</em></span> <span class='ocrx_word' id='word_1_524' title='bbox 1655 1018 1727 1046; x_wconf 86' lang='lat' dir='ltr'><em>credi</em></span> <span class='ocrx_word' id='word_1_525' title='bbox 1751 1018 1790 1046; x_wconf 86' lang='lat' dir='ltr'><em>fas</em></span> <span class='ocrx_word' id='word_1_526' title='bbox 1811 1022 1867 1053; x_wconf 77' lang='lat' dir='ltr'><em>est⁷</em></span> <span class='ocrx_word' id='word_1_527' title='bbox 1889 1019 1926 1047; x_wconf 94' lang='lat' dir='ltr'><em>illi</em></span> 
     </span>
     <span class='ocr_line' id='line_1_77' title="bbox 1083 1060 1927 1102; baseline 0.008 -15"><span class='ocrx_word' id='word_1_528' title='bbox 1083 1060 1135 1088; x_wconf 84' lang='lat' dir='ltr'><em>luci</em></span> <span class='ocrx_word' id='word_1_529' title='bbox 1159 1060 1355 1090; x_wconf 85' lang='lat' dir='ltr'><em>iuuaccessihili</em></span> <span class='ocrx_word' id='word_1_530' title='bbox 1387 1062 1511 1091; x_wconf 85' lang='lat' dir='ltr'><em>videatur</em></span> <span class='ocrx_word' id='word_1_531' title='bbox 1537 1064 1665 1093; x_wconf 83' lang='lat' dir='ltr'><em>immersa</em></span> <span class='ocrx_word' id='word_1_532' title='bbox 1680 1076 1706 1092; x_wconf 66' lang='grc' dir='ltr'><em>ι).</em></span> <span class='ocrx_word' id='word_1_533' title='bbox 1739 1065 1770 1093; x_wconf 92' lang='lat' dir='ltr'><em>Et</em></span> <span class='ocrx_word' id='word_1_534' title='bbox 1797 1066 1862 1102; x_wconf 86' lang='lat' dir='ltr'><em>quia</em></span> <span class='ocrx_word' id='word_1_535' title='bbox 1883 1074 1927 1094; x_wconf 87' lang='lat' dir='ltr'><em>ar-</em></span> 
     </span>
     <span class='ocr_line' id='line_1_78' title="bbox 1081 1109 1926 1147; baseline 0.008 -13"><span class='ocrx_word' id='word_1_536' title='bbox 1081 1114 1148 1135; x_wconf 85' lang='lat' dir='ltr'><em>cana</em></span> <span class='ocrx_word' id='word_1_537' title='bbox 1170 1111 1196 1135; x_wconf 87' lang='lat' dir='ltr'><em>et</em></span> <span class='ocrx_word' id='word_1_538' title='bbox 1218 1111 1323 1136; x_wconf 85' lang='lat' dir='ltr'><em>secreta</em></span> <span class='ocrx_word' id='word_1_539' title='bbox 1344 1109 1451 1138; x_wconf 87' lang='lat' dir='ltr'><em>divinae</em></span> <span class='ocrx_word' id='word_1_540' title='bbox 1473 1111 1620 1146; x_wconf 86' lang='lat' dir='ltr'><em>sapientlae</em></span> <span class='ocrx_word' id='word_1_541' title='bbox 1650 1112 1674 1139; x_wconf 91' lang='lat' dir='ltr'><em>in</em></span> <span class='ocrx_word' id='word_1_542' title='bbox 1698 1120 1726 1140; x_wconf 89' lang='lat' dir='ltr'><em>se</em></span> <span class='ocrx_word' id='word_1_543' title='bbox 1755 1113 1926 1147; x_wconf 80' lang='lat' dir='ltr'><em>continebat,</em></span> 
     </span>
     <span class='ocr_line' id='line_1_79' title="bbox 1083 1154 1927 1195; baseline 0.008 -14"><span class='ocrx_word' id='word_1_544' title='bbox 1083 1154 1181 1182; x_wconf 90' lang='lat' dir='ltr'><em>merito</em></span> <span class='ocrx_word' id='word_1_545' title='bbox 1195 1154 1297 1183; x_wconf 86' lang='lat' dir='ltr'><em>dicitur</em></span> <span class='ocrx_word' id='word_1_546' title='bbox 1318 1158 1345 1183; x_wconf 80' lang='lat' dir='ltr'><em>el.</em></span> <span class='ocrx_word' id='word_1_547' title='bbox 1366 1160 1407 1184; x_wconf 88' lang='lat' dir='ltr'><em>est</em></span> <span class='ocrx_word' id='word_1_548' title='bbox 1422 1165 1495 1185; x_wconf 81' lang='lat' dir='ltr'><em>area</em></span> <span class='ocrx_word' id='word_1_549' title='bbox 1512 1159 1682 1192; x_wconf 77' lang='lat' dir='ltr'><em>testamenti,</em></span> <span class='ocrx_word' id='word_1_550' title='bbox 1698 1159 1763 1195; x_wconf 89' lang='lat' dir='ltr'><em>quia</em></span> <span class='ocrx_word' id='word_1_551' title='bbox 1778 1160 1803 1187; x_wconf 92' lang='lat' dir='ltr'><em>in</em></span> <span class='ocrx_word' id='word_1_552' title='bbox 1820 1168 1848 1188; x_wconf 89' lang='lat' dir='ltr'><em>se</em></span> <span class='ocrx_word' id='word_1_553' title='bbox 1863 1168 1927 1188; x_wconf 87' lang='lat' dir='ltr'><em>con-</em></span> 
     </span>
     <span class='ocr_line' id='line_1_80' title="bbox 1082 1201 1928 1240; baseline 0.008 -12"><span class='ocrx_word' id='word_1_554' title='bbox 1082 1201 1164 1229; x_wconf 89' lang='lat' dir='ltr'><em>tinuit</em></span> <span class='ocrx_word' id='word_1_555' title='bbox 1186 1209 1296 1230; x_wconf 80' lang='lat' dir='ltr'><em>carnem</em></span> <span class='ocrx_word' id='word_1_556' title='bbox 1318 1202 1435 1235; x_wconf 80' lang='lat' dir='ltr'><em>Christi,</em></span> <span class='ocrx_word' id='word_1_557' title='bbox 1458 1204 1483 1231; x_wconf 89' lang='lat' dir='ltr'><em>in</em></span> <span class='ocrx_word' id='word_1_558' title='bbox 1507 1212 1562 1240; x_wconf 85' lang='lat' dir='ltr'><em>quo</em></span> <span class='ocrx_word' id='word_1_559' title='bbox 1583 1208 1650 1232; x_wconf 82' lang='lat' dir='ltr'><em>sunt</em></span> <span class='ocrx_word' id='word_1_560' title='bbox 1678 1214 1774 1233; x_wconf 84' lang='lat' dir='ltr'><em>omnes</em></span> <span class='ocrx_word' id='word_1_561' title='bbox 1796 1206 1928 1235; x_wconf 81' lang='lat' dir='ltr'><em>thesauri</em></span> 
     </span>
     <span class='ocr_line' id='line_1_81' title="bbox 1081 1249 1928 1290; baseline 0.007 -14"><span class='ocrx_word' id='word_1_562' title='bbox 1081 1249 1243 1285; x_wconf 75' lang='lat' dir='ltr'><em>sapientiae</em></span> <span class='ocrx_word' id='word_1_563' title='bbox 1257 1252 1282 1277; x_wconf 87' lang='lat' dir='ltr'><em>et</em></span> <span class='ocrx_word' id='word_1_564' title='bbox 1296 1250 1433 1278; x_wconf 84' lang='lat' dir='ltr'><em>scientiae</em></span> <span class='ocrx_word' id='word_1_565' title='bbox 1449 1250 1617 1279; x_wconf 74' lang='lat' dir='ltr'><em>absconditi.</em></span> <span class='ocrx_word' id='word_1_566' title='bbox 1631 1252 1705 1280; x_wconf 81' lang='lat' dir='ltr'><em>Unde</em></span> <span class='ocrx_word' id='word_1_567' title='bbox 1720 1256 1743 1280; x_wconf 84' lang='lat' dir='ltr'><em>et</em></span> <span class='ocrx_word' id='word_1_568' title='bbox 1757 1253 1928 1290; x_wconf 85' lang='lat' dir='ltr'><em>quicumque</em></span> 
     </span>
     <span class='ocr_line' id='line_1_82' title="bbox 1082 1295 1926 1335; baseline 0.007 -13"><span class='ocrx_word' id='word_1_569' title='bbox 1082 1295 1114 1322; x_wconf 89' lang='lat' dir='ltr'><em>ad</em></span> <span class='ocrx_word' id='word_1_570' title='bbox 1137 1295 1296 1331; x_wconf 85' lang='lat' dir='ltr'><em>sapientiam</em></span> <span class='ocrx_word' id='word_1_571' title='bbox 1315 1296 1374 1323; x_wconf 89' lang='lat' dir='ltr'><em>vult</em></span> <span class='ocrx_word' id='word_1_572' title='bbox 1396 1297 1554 1332; x_wconf 83' lang='lat' dir='ltr'><em>pervenire,</em></span> <span class='ocrx_word' id='word_1_573' title='bbox 1577 1301 1697 1334; x_wconf 86' lang='lat' dir='ltr'><em>oportet,</em></span> <span class='ocrx_word' id='word_1_574' title='bbox 1721 1302 1751 1327; x_wconf 92' lang='lat' dir='ltr'><em>ut</em></span> <span class='ocrx_word' id='word_1_575' title='bbox 1772 1307 1821 1335; x_wconf 88' lang='lat' dir='ltr'><em>per</em></span> <span class='ocrx_word' id='word_1_576' title='bbox 1835 1307 1926 1328; x_wconf 84' lang='lat' dir='ltr'><em>arcam</em></span> 
     </span>
     <span class='ocr_line' id='line_1_83' title="bbox 1082 1341 1928 1383; baseline 0.006 -14"><span class='ocrx_word' id='word_1_577' title='bbox 1082 1341 1236 1370; x_wconf 76' lang='lat' dir='ltr'><em>deducatur</em></span> <span class='ocrx_word' id='word_1_578' title='bbox 1264 1341 1296 1369; x_wconf 88' lang='lat' dir='ltr'><em>ad</em></span> <span class='ocrx_word' id='word_1_579' title='bbox 1326 1342 1564 1379; x_wconf 81' lang='lat' dir='ltr'><em>propitiatorium,</em></span> <span class='ocrx_word' id='word_1_580' title='bbox 1586 1344 1632 1372; x_wconf 90' lang='lat' dir='ltr'><em>ubi</em></span> <span class='ocrx_word' id='word_1_581' title='bbox 1657 1344 1811 1374; x_wconf 72' lang='lat' dir='ltr'><em>Cherubim</em></span> <span class='ocrx_word' id='word_1_582' title='bbox 1838 1346 1928 1383; x_wconf 80' lang='lat' dir='ltr'><em>respi-</em></span> 
     </span>
     <span class='ocr_line' id='line_1_84' title="bbox 1083 1389 1928 1429; baseline 0.006 -13"><span class='ocrx_word' id='word_1_583' title='bbox 1083 1389 1163 1416; x_wconf 83' lang='lat' dir='ltr'><em>ciunt</em></span> <span class='ocrx_word' id='word_1_584' title='bbox 1183 1397 1213 1417; x_wconf 85' lang='lat' dir='ltr'><em>se</em></span> <span class='ocrx_word' id='word_1_585' title='bbox 1233 1393 1349 1423; x_wconf 88' lang='lat' dir='ltr'><em>mutuo,</em></span> <span class='ocrx_word' id='word_1_586' title='bbox 1365 1390 1457 1418; x_wconf 73' lang='lat' dir='ltr'><em>versis</em></span> <span class='ocrx_word' id='word_1_587' title='bbox 1472 1390 1598 1419; x_wconf 75' lang='lat' dir='ltr'><em>millibus</em></span> <span class='ocrx_word' id='word_1_588' title='bbox 1620 1392 1650 1419; x_wconf 88' lang='lat' dir='ltr'><em>in</em></span> <span class='ocrx_word' id='word_1_589' title='bbox 1670 1393 1928 1429; x_wconf 78' lang='lat' dir='ltr'><em>propitiatorium,</em></span> 
     </span>
     <span class='ocr_line' id='line_1_85' title="bbox 1083 1436 1930 1473; baseline 0.006 -10"><span class='ocrx_word' id='word_1_590' title='bbox 1083 1436 1147 1472; x_wconf 86' lang='lat' dir='ltr'><em>quia</em></span> <span class='ocrx_word' id='word_1_591' title='bbox 1170 1439 1225 1464; x_wconf 87' lang='lat' dir='ltr'><em>tota</em></span> <span class='ocrx_word' id='word_1_592' title='bbox 1246 1436 1388 1472; x_wconf 85' lang='lat' dir='ltr'><em>sapientia,</em></span> <span class='ocrx_word' id='word_1_593' title='bbox 1404 1445 1474 1473; x_wconf 88' lang='lat' dir='ltr'><em>quae</em></span> <span class='ocrx_word' id='word_1_594' title='bbox 1496 1437 1522 1465; x_wconf 92' lang='lat' dir='ltr'><em>in</em></span> <span class='ocrx_word' id='word_1_595' title='bbox 1544 1437 1653 1466; x_wconf 87' lang='lat' dir='ltr'><em>duobus</em></span> <span class='ocrx_word' id='word_1_596' title='bbox 1668 1439 1849 1468; x_wconf 86' lang='lat' dir='ltr'><em>Testamentis</em></span> <span class='ocrx_word' id='word_1_597' title='bbox 1868 1447 1930 1468; x_wconf 89' lang='lat' dir='ltr'><em>cou-</em></span> 
     </span>
     <span class='ocr_line' id='line_1_86' title="bbox 1084 1483 1929 1519; baseline 0.006 -9"><span class='ocrx_word' id='word_1_598' title='bbox 1084 1483 1196 1516; x_wconf 89' lang='lat' dir='ltr'><em>tinetur,</em></span> <span class='ocrx_word' id='word_1_599' title='bbox 1219 1483 1330 1519; x_wconf 86' lang='lat' dir='ltr'><em>respicit</em></span> <span class='ocrx_word' id='word_1_600' title='bbox 1350 1483 1383 1511; x_wconf 85' lang='lat' dir='ltr'><em>ad</em></span> <span class='ocrx_word' id='word_1_601' title='bbox 1405 1483 1544 1512; x_wconf 90' lang='lat' dir='ltr'><em>Christum</em></span> <span class='ocrx_word' id='word_1_602' title='bbox 1567 1485 1750 1519; x_wconf 85' lang='lat' dir='ltr'><em>crncifixuui;</em></span> <span class='ocrx_word' id='word_1_603' title='bbox 1774 1486 1846 1514; x_wconf 89' lang='lat' dir='ltr'><em>unde</em></span> <span class='ocrx_word' id='word_1_604' title='bbox 1862 1486 1929 1515; x_wconf 89' lang='lat' dir='ltr'><em>Pau-</em></span> 
     </span>
     <span class='ocr_line' id='line_1_87' title="bbox 1085 1530 1928 1568; baseline 0.004 -10"><span class='ocrx_word' id='word_1_605' title='bbox 1085 1530 1142 1563; x_wconf 86' lang='lat' dir='ltr'><em>lus,</em></span> <span class='ocrx_word' id='word_1_606' title='bbox 1165 1530 1383 1566; x_wconf 84' lang='lat' dir='ltr'><em>sapientissimus</em></span> <span class='ocrx_word' id='word_1_607' title='bbox 1405 1531 1612 1567; x_wconf 85' lang='lat' dir='ltr'><em>Apostolorum,</em></span> <span class='ocrx_word' id='word_1_608' title='bbox 1634 1532 1741 1560; x_wconf 87' lang='lat' dir='ltr'><em>dicebat</em></span> <span class='ocrx_word' id='word_1_609' title='bbox 1762 1533 1867 1568; x_wconf 82' lang='lat' dir='ltr'><em>primae</em></span> <span class='ocrx_word' id='word_1_610' title='bbox 1895 1533 1928 1561; x_wconf 89' lang='lat' dir='ltr'><em>ad</em></span> 
     </span>
     <span class='ocr_line' id='line_1_88' title="bbox 1083 1577 1928 1612; baseline 0.004 -8"><span class='ocrx_word' id='word_1_611' title='bbox 1083 1577 1239 1605; x_wconf 88' lang='lat' dir='ltr'><em>Corinthios</em></span> <span class='ocrx_word' id='word_1_612' title='bbox 1261 1577 1381 1605; x_wconf 85' lang='lat' dir='ltr'><em>secundo</em></span> <span class='ocrx_word' id='word_1_613' title='bbox 1396 1577 1423 1605; x_wconf 69' lang='lat'><em>³:</em></span> <span class='ocrx_word' id='word_1_614' title='bbox 1446 1577 1510 1605; x_wconf 89' lang='lat' dir='ltr'><em>Non</em></span> <span class='ocrx_word' id='word_1_615' title='bbox 1532 1578 1664 1606; x_wconf 76' lang='lat' dir='ltr'><em>iudicavi</em></span> <span class='ocrx_word' id='word_1_616' title='bbox 1671 1601 1679 1612; x_wconf 85' lang='lat'><em>,</em></span> <span class='ocrx_word' id='word_1_617' title='bbox 1709 1587 1752 1606; x_wconf 87' lang='lat' dir='ltr'><em>me</em></span> <span class='ocrx_word' id='word_1_618' title='bbox 1772 1579 1847 1607; x_wconf 76' lang='lat' dir='ltr'><em>scire</em></span> <span class='ocrx_word' id='word_1_619' title='bbox 1875 1579 1928 1607; x_wconf 85' lang='lat' dir='ltr'><em>ali-</em></span> 
     </span>
     <span class='ocr_line' id='line_1_89' title="bbox 1084 1624 1928 1660; baseline 0.002 -8"><span class='ocrx_word' id='word_1_620' title='bbox 1084 1624 1155 1660; x_wconf 81' lang='lat' dir='ltr'><em>quid</em></span> <span class='ocrx_word' id='word_1_621' title='bbox 1177 1624 1251 1652; x_wconf 84' lang='lat' dir='ltr'><em>inter</em></span> <span class='ocrx_word' id='word_1_622' title='bbox 1272 1632 1322 1652; x_wconf 79' lang='lat' dir='ltr'><em>vos</em></span> <span class='ocrx_word' id='word_1_623' title='bbox 1343 1624 1402 1652; x_wconf 79' lang='lat' dir='ltr'><em>nisi</em></span> <span class='ocrx_word' id='word_1_624' title='bbox 1424 1625 1517 1652; x_wconf 81' lang='lat' dir='ltr'><em>lesum</em></span> <span class='ocrx_word' id='word_1_625' title='bbox 1536 1624 1694 1658; x_wconf 85' lang='lat' dir='ltr'><em>Christum,</em></span> <span class='ocrx_word' id='word_1_626' title='bbox 1717 1630 1740 1653; x_wconf 85' lang='lat' dir='ltr'><em>ct</em></span> <span class='ocrx_word' id='word_1_627' title='bbox 1762 1624 1839 1654; x_wconf 86' lang='lat' dir='ltr'><em>hunc</em></span> <span class='ocrx_word' id='word_1_628' title='bbox 1860 1635 1928 1654; x_wconf 82' lang='lat' dir='ltr'><em>cru-</em></span> 
     </span>
     <span class='ocr_line' id='line_1_90' title="bbox 1085 1670 1214 1706; baseline -0.008 -7"><span class='ocrx_word' id='word_1_629' title='bbox 1085 1670 1214 1706; x_wconf 68' lang='lat' dir='ltr'><em>cisitcum.</em></span> 
     </span>
    </p>

    <p class='ocr_par' dir='ltr' id='par_1_15' title="bbox 1084 1718 1931 2597">
     <span class='ocr_line' id='line_1_91' title="bbox 1165 1718 1928 1756; baseline 0.004 -11"><span class='ocrx_word' id='word_1_630' title='bbox 1165 1718 1204 1745; x_wconf 87' lang='grc' dir='ltr'>ΙΙΙ.</span> <span class='ocrx_word' id='word_1_631' title='bbox 1225 1718 1285 1746; x_wconf 87' lang='lat' dir='ltr'><em>Post</em></span> <span class='ocrx_word' id='word_1_632' title='bbox 1308 1718 1374 1746; x_wconf 86' lang='lat' dir='ltr'><em>haec</em></span> <span class='ocrx_word' id='word_1_633' title='bbox 1396 1718 1592 1746; x_wconf 88' lang='lat' dir='ltr'><em>consideranda</em></span> <span class='ocrx_word' id='word_1_634' title='bbox 1619 1722 1660 1747; x_wconf 90' lang='lat' dir='ltr'><em>est</em></span> <span class='ocrx_word' id='word_1_635' title='bbox 1680 1727 1760 1747; x_wconf 82' lang='lat' dir='ltr'><em>arcae</em></span> <span class='ocrx_word' id='word_1_636' title='bbox 1780 1719 1928 1756; x_wconf 77' lang='lat' dir='ltr'><em>efficacia,</em></span> 
     </span>
     <span class='ocr_line' id='line_1_92' title="bbox 1086 1765 1929 1802; baseline 0.001 -9"><span class='ocrx_word' id='word_1_637' title='bbox 1086 1773 1135 1801; x_wconf 87' lang='lat' dir='ltr'><em>per</em></span> <span class='ocrx_word' id='word_1_638' title='bbox 1157 1773 1239 1801; x_wconf 91' lang='lat' dir='ltr'><em>quam</em></span> <span class='ocrx_word' id='word_1_639' title='bbox 1263 1768 1487 1801; x_wconf 87' lang='lat' dir='ltr'><em>repraesentatur</em></span> <span class='ocrx_word' id='word_1_640' title='bbox 1511 1765 1592 1801; x_wconf 84' lang='lat' dir='ltr'><em>Virgo</em></span> <span class='ocrx_word' id='word_1_641' title='bbox 1620 1766 1703 1793; x_wconf 84' lang='lat' dir='ltr'><em>Maria</em></span> <span class='ocrx_word' id='word_1_642' title='bbox 1732 1769 1866 1802; x_wconf 86' lang='lat' dir='ltr'><em>quantum</em></span> <span class='ocrx_word' id='word_1_643' title='bbox 1896 1766 1929 1794; x_wconf 84' lang='lat' dir='ltr'><em>ad</em></span> 
     </span>
     <span class='ocr_line' id='line_1_93' title="bbox 1086 1812 1930 1849; baseline 0 -9"><span class='ocrx_word' id='word_1_644' title='bbox 1086 1812 1111 1841; x_wconf 90' lang='lat' dir='ltr'><em>id</em></span> <span class='ocrx_word' id='word_1_645' title='bbox 1134 1812 1207 1849; x_wconf 89' lang='lat' dir='ltr'><em>quod</em></span> <span class='ocrx_word' id='word_1_646' title='bbox 1229 1816 1270 1840; x_wconf 84' lang='lat' dir='ltr'><em>est</em></span> <span class='ocrx_word' id='word_1_647' title='bbox 1284 1812 1320 1840; x_wconf 87' lang='lat' dir='ltr'><em>ab</em></span> <span class='ocrx_word' id='word_1_648' title='bbox 1344 1812 1408 1848; x_wconf 86' lang='lat' dir='ltr'><em>ipsa.</em></span> <span class='ocrx_word' id='word_1_649' title='bbox 1430 1812 1496 1840; x_wconf 89' lang='lat' dir='ltr'><em>Nam</em></span> <span class='ocrx_word' id='word_1_650' title='bbox 1520 1812 1564 1840; x_wconf 89' lang='lat' dir='ltr'><em>illa</em></span> <span class='ocrx_word' id='word_1_651' title='bbox 1579 1820 1643 1840; x_wconf 80' lang='lat' dir='ltr'><em>arca</em></span> <span class='ocrx_word' id='word_1_652' title='bbox 1664 1812 1796 1849; x_wconf 85' lang='lat' dir='ltr'><em>infigura</em></span> <span class='ocrx_word' id='word_1_653' title='bbox 1810 1812 1930 1849; x_wconf 88' lang='lat' dir='ltr'><em>Virginis</em></span> 
     </span>
     <span class='ocr_line' id='line_1_94' title="bbox 1086 1858 1929 1895; baseline 0 -9"><span class='ocrx_word' id='word_1_654' title='bbox 1086 1859 1186 1887; x_wconf 81' lang='lat' dir='ltr'><em>efficax</em></span> <span class='ocrx_word' id='word_1_655' title='bbox 1201 1859 1268 1887; x_wconf 85' lang='lat' dir='ltr'><em>fuit:</em></span> <span class='ocrx_word' id='word_1_656' title='bbox 1291 1859 1390 1895; x_wconf 80' lang='lat' dir='ltr'><em>primo,</em></span> <span class='ocrx_word' id='word_1_657' title='bbox 1406 1858 1431 1886; x_wconf 89' lang='lat' dir='ltr'><em>in</em></span> <span class='ocrx_word' id='word_1_658' title='bbox 1447 1858 1599 1895; x_wconf 61' lang='lat' dir='ltr'><em>dirigendo</em></span> <span class='ocrx_word' id='word_1_659' title='bbox 1613 1858 1809 1895; x_wconf 77' lang='lat' dir='ltr'><em>proficientes,</em></span> <span class='ocrx_word' id='word_1_660' title='bbox 1832 1866 1929 1887; x_wconf 90' lang='lat' dir='ltr'><em>secuu-</em></span> 
     </span>
     <span class='ocr_line' id='line_1_95' title="bbox 1085 1905 1929 1942; baseline -0.001 -8"><span class='ocrx_word' id='word_1_661' title='bbox 1085 1906 1151 1934; x_wconf 89' lang='lat' dir='ltr'><em>dum</em></span> <span class='ocrx_word' id='word_1_662' title='bbox 1174 1906 1242 1934; x_wconf 87' lang='lat' dir='ltr'><em>illud</em></span> <span class='ocrx_word' id='word_1_663' title='bbox 1262 1906 1447 1934; x_wconf 88' lang='lat' dir='ltr'><em>Numerorum</em></span> <span class='ocrx_word' id='word_1_664' title='bbox 1469 1905 1611 1933; x_wconf 82' lang='lat' dir='ltr'><em>decimo⁹:</em></span> <span class='ocrx_word' id='word_1_665' title='bbox 1627 1907 1707 1933; x_wconf 81' lang='lat' dir='ltr'><em>Area</em></span> <span class='ocrx_word' id='word_1_666' title='bbox 1726 1905 1852 1942; x_wconf 76' lang='lat' dir='ltr'><em>foederis</em></span> <span class='ocrx_word' id='word_1_667' title='bbox 1875 1906 1929 1934; x_wconf 93' lang='lat' dir='ltr'><em>Do-</em></span> 
     </span>
     <span class='ocr_line' id='line_1_96' title="bbox 1085 1952 1929 1989; baseline -0.001 -9"><span class='ocrx_word' id='word_1_668' title='bbox 1085 1953 1161 1980; x_wconf 89' lang='lat' dir='ltr'><em>mini</em></span> <span class='ocrx_word' id='word_1_669' title='bbox 1179 1952 1370 1989; x_wconf 76' lang='lat' dir='ltr'><em>praecedebat</em></span> <span class='ocrx_word' id='word_1_670' title='bbox 1390 1960 1452 1986; x_wconf 71' lang='lat' dir='ltr'><em>eOS,</em></span> <span class='ocrx_word' id='word_1_671' title='bbox 1471 1960 1525 1988; x_wconf 79' lang='lat' dir='ltr'><em>per</em></span> <span class='ocrx_word' id='word_1_672' title='bbox 1547 1956 1604 1980; x_wconf 77' lang='lat' dir='ltr'><em>tres</em></span> <span class='ocrx_word' id='word_1_673' title='bbox 1625 1952 1685 1980; x_wconf 81' lang='lat' dir='ltr'><em>dies</em></span> <span class='ocrx_word' id='word_1_674' title='bbox 1703 1952 1860 1988; x_wconf 70' lang='lat' dir='ltr'><em>providens</em></span> <span class='ocrx_word' id='word_1_675' title='bbox 1881 1960 1929 1980; x_wconf 90' lang='lat' dir='ltr'><em>ca-</em></span> 
     </span>
     <span class='ocr_line' id='line_1_97' title="bbox 1085 1998 1930 2035; baseline 0 -8"><span class='ocrx_word' id='word_1_676' title='bbox 1085 2003 1217 2028; x_wconf 83' lang='lat' dir='ltr'><em>strorum</em></span> <span class='ocrx_word' id='word_1_677' title='bbox 1240 1998 1343 2027; x_wconf 84' lang='lat' dir='ltr'><em>iocum.</em></span> <span class='ocrx_word' id='word_1_678' title='bbox 1367 1999 1416 2027; x_wconf 89' lang='lat' dir='ltr'><em>Per</em></span> <span class='ocrx_word' id='word_1_679' title='bbox 1437 1999 1504 2027; x_wconf 86' lang='lat' dir='ltr'><em>istos</em></span> <span class='ocrx_word' id='word_1_680' title='bbox 1518 2002 1575 2027; x_wconf 74' lang='lat' dir='ltr'><em>tres</em></span> <span class='ocrx_word' id='word_1_681' title='bbox 1592 1999 1652 2027; x_wconf 83' lang='lat' dir='ltr'><em>dies</em></span> <span class='ocrx_word' id='word_1_682' title='bbox 1674 1999 1835 2035; x_wconf 80' lang='lat' dir='ltr'><em>intelligitur</em></span> <span class='ocrx_word' id='word_1_683' title='bbox 1851 2006 1930 2035; x_wconf 85' lang='lat' dir='ltr'><em>prae-</em></span> 
     </span>
     <span class='ocr_line' id='line_1_98' title="bbox 1087 2046 1930 2082; baseline -0.001 -7"><span class='ocrx_word' id='word_1_684' title='bbox 1087 2054 1150 2075; x_wconf 90' lang='lat' dir='ltr'><em>sens</em></span> <span class='ocrx_word' id='word_1_685' title='bbox 1171 2046 1226 2074; x_wconf 89' lang='lat' dir='ltr'><em>vita</em></span> <span class='ocrx_word' id='word_1_686' title='bbox 1255 2049 1309 2074; x_wconf 87' lang='lat' dir='ltr'><em>tota</em></span> <span class='ocrx_word' id='word_1_687' title='bbox 1330 2049 1464 2082; x_wconf 87' lang='lat' dir='ltr'><em>quantum</em></span> <span class='ocrx_word' id='word_1_688' title='bbox 1494 2046 1526 2074; x_wconf 83' lang='lat' dir='ltr'><em>ad</em></span> <span class='ocrx_word' id='word_1_689' title='bbox 1555 2046 1677 2080; x_wconf 84' lang='lat' dir='ltr'><em>initium,</em></span> <span class='ocrx_word' id='word_1_690' title='bbox 1700 2053 1875 2082; x_wconf 87' lang='lat' dir='ltr'><em>progressum</em></span> <span class='ocrx_word' id='word_1_691' title='bbox 1903 2050 1930 2074; x_wconf 88' lang='lat' dir='ltr'><em>et</em></span> 
     </span>
     <span class='ocr_line' id='line_1_99' title="bbox 1087 2092 1929 2129; baseline -0.001 -7"><span class='ocrx_word' id='word_1_692' title='bbox 1087 2101 1231 2126; x_wconf 80' lang='lat' dir='ltr'><em>occasum;</em></span> <span class='ocrx_word' id='word_1_693' title='bbox 1254 2093 1297 2121; x_wconf 87' lang='lat' dir='ltr'><em>vel</em></span> <span class='ocrx_word' id='word_1_694' title='bbox 1318 2096 1453 2129; x_wconf 88' lang='lat' dir='ltr'><em>quantum</em></span> <span class='ocrx_word' id='word_1_695' title='bbox 1475 2092 1508 2121; x_wconf 88' lang='lat' dir='ltr'><em>ad</em></span> <span class='ocrx_word' id='word_1_696' title='bbox 1528 2093 1629 2129; x_wconf 87' lang='lat' dir='ltr'><em>triplex</em></span> <span class='ocrx_word' id='word_1_697' title='bbox 1653 2096 1763 2125; x_wconf 79' lang='lat' dir='ltr'><em>votum,</em></span> <span class='ocrx_word' id='word_1_698' title='bbox 1786 2100 1834 2129; x_wconf 85' lang='lat' dir='ltr'><em>per</em></span> <span class='ocrx_word' id='word_1_699' title='bbox 1855 2092 1929 2129; x_wconf 88' lang='lat' dir='ltr'><em>quod</em></span> 
     </span>
     <span class='ocr_line' id='line_1_100' title="bbox 1088 2139 1929 2176; baseline -0.002 -7"><span class='ocrx_word' id='word_1_700' title='bbox 1088 2141 1169 2169; x_wconf 87' lang='lat' dir='ltr'><em>homo</em></span> <span class='ocrx_word' id='word_1_701' title='bbox 1192 2140 1265 2168; x_wconf 84' lang='lat' dir='ltr'><em>vadit</em></span> <span class='ocrx_word' id='word_1_702' title='bbox 1286 2139 1311 2167; x_wconf 93' lang='lat' dir='ltr'><em>in</em></span> <span class='ocrx_word' id='word_1_703' title='bbox 1334 2139 1474 2167; x_wconf 87' lang='lat' dir='ltr'><em>desertum</em></span> <span class='ocrx_word' id='word_1_704' title='bbox 1498 2139 1659 2176; x_wconf 83' lang='lat' dir='ltr'><em>Religionis,</em></span> <span class='ocrx_word' id='word_1_705' title='bbox 1681 2139 1758 2176; x_wconf 89' lang='lat' dir='ltr'><em>quasi</em></span> <span class='ocrx_word' id='word_1_706' title='bbox 1787 2147 1836 2175; x_wconf 86' lang='lat' dir='ltr'><em>per</em></span> <span class='ocrx_word' id='word_1_707' title='bbox 1858 2139 1929 2167; x_wconf 89' lang='lat' dir='ltr'><em>viam</em></span> 
     </span>
     <span class='ocr_line' id='line_1_101' title="bbox 1088 2186 1931 2223; baseline -0.002 -7"><span class='ocrx_word' id='word_1_708' title='bbox 1088 2188 1178 2216; x_wconf 79' lang='lat' dir='ltr'><em>trium</em></span> <span class='ocrx_word' id='word_1_709' title='bbox 1200 2187 1331 2220; x_wconf 82' lang='lat' dir='ltr'><em>dierum,</em></span> <span class='ocrx_word' id='word_1_710' title='bbox 1353 2186 1455 2215; x_wconf 86' lang='lat' dir='ltr'><em>scilicet</em></span> <span class='ocrx_word' id='word_1_711' title='bbox 1483 2186 1681 2220; x_wconf 85' lang='lat' dir='ltr'><em>continentiae,</em></span> <span class='ocrx_word' id='word_1_712' title='bbox 1707 2186 1877 2223; x_wconf 77' lang='lat' dir='ltr'><em>paupertatis</em></span> <span class='ocrx_word' id='word_1_713' title='bbox 1903 2189 1931 2214; x_wconf 88' lang='lat' dir='ltr'><em>et</em></span> 
     </span>
     <span class='ocr_line' id='line_1_102' title="bbox 1088 2233 1930 2269; baseline -0.002 -6"><span class='ocrx_word' id='word_1_714' title='bbox 1088 2234 1273 2267; x_wconf 84' lang='lat' dir='ltr'><em>obedientiae,</em></span> <span class='ocrx_word' id='word_1_715' title='bbox 1295 2236 1322 2262; x_wconf 91' lang='lat' dir='ltr'><em>et</em></span> <span class='ocrx_word' id='word_1_716' title='bbox 1336 2233 1388 2261; x_wconf 88' lang='lat' dir='ltr'><em>hoc</em></span> <span class='ocrx_word' id='word_1_717' title='bbox 1411 2233 1612 2261; x_wconf 78' lang='lat' dir='ltr'><em>manuducente</em></span> <span class='ocrx_word' id='word_1_718' title='bbox 1628 2233 1705 2261; x_wconf 84' lang='lat' dir='ltr'><em>beata</em></span> <span class='ocrx_word' id='word_1_719' title='bbox 1721 2233 1843 2269; x_wconf 85' lang='lat' dir='ltr'><em>Virgine,</em></span> <span class='ocrx_word' id='word_1_720' title='bbox 1859 2240 1930 2269; x_wconf 88' lang='lat' dir='ltr'><em>quae</em></span> 
     </span>
     <span class='ocr_line' id='line_1_103' title="bbox 1089 2280 1928 2318; baseline -0.002 -9"><span class='ocrx_word' id='word_1_721' title='bbox 1089 2281 1139 2309; x_wconf 87' lang='lat' dir='ltr'><em>fuit</em></span> <span class='ocrx_word' id='word_1_722' title='bbox 1161 2280 1348 2318; x_wconf 88' lang='lat' dir='ltr'><em>pauperrima,</em></span> <span class='ocrx_word' id='word_1_723' title='bbox 1364 2280 1519 2308; x_wconf 86' lang='lat' dir='ltr'><em>humillima</em></span> <span class='ocrx_word' id='word_1_724' title='bbox 1534 2283 1560 2308; x_wconf 89' lang='lat' dir='ltr'><em>et</em></span> <span class='ocrx_word' id='word_1_725' title='bbox 1583 2280 1767 2316; x_wconf 84' lang='lat' dir='ltr'><em>integerrima.</em></span> <span class='ocrx_word' id='word_1_726' title='bbox 1784 2280 1842 2316; x_wconf 81' lang='lat' dir='ltr'><em>Ipsa</em></span> <span class='ocrx_word' id='word_1_727' title='bbox 1857 2280 1928 2308; x_wconf 89' lang='lat' dir='ltr'><em>enim</em></span> 
     </span>
     <span class='ocr_line' id='line_1_104' title="bbox 1084 2326 1930 2365; baseline -0.002 -9"><span class='ocrx_word' id='word_1_728' title='bbox 1084 2328 1234 2365; x_wconf 73' lang='lat' dir='ltr'><em>praecedit</em></span> <span class='ocrx_word' id='word_1_729' title='bbox 1254 2330 1281 2356; x_wconf 87' lang='lat' dir='ltr'><em>et</em></span> <span class='ocrx_word' id='word_1_730' title='bbox 1302 2327 1372 2355; x_wconf 88' lang='lat' dir='ltr'><em>viam</em></span> <span class='ocrx_word' id='word_1_731' title='bbox 1396 2330 1483 2363; x_wconf 85' lang='lat' dir='ltr'><em>parat,</em></span> <span class='ocrx_word' id='word_1_732' title='bbox 1505 2334 1651 2363; x_wconf 89' lang='lat' dir='ltr'><em>quousque</em></span> <span class='ocrx_word' id='word_1_733' title='bbox 1674 2326 1805 2362; x_wconf 83' lang='lat' dir='ltr'><em>perducat.</em></span> <span class='ocrx_word' id='word_1_734' title='bbox 1826 2326 1852 2354; x_wconf 93' lang='lat' dir='ltr'><em>in</em></span> <span class='ocrx_word' id='word_1_735' title='bbox 1875 2329 1930 2354; x_wconf 86' lang='lat' dir='ltr'><em>ter-</em></span> 
     </span>
     <span class='ocr_line' id='line_1_105' title="bbox 1088 2372 1930 2411; baseline -0.004 -8"><span class='ocrx_word' id='word_1_736' title='bbox 1088 2383 1146 2403; x_wconf 85' lang='lat' dir='ltr'><em>ram</em></span> <span class='ocrx_word' id='word_1_737' title='bbox 1168 2374 1371 2411; x_wconf 86' lang='lat' dir='ltr'><em>promissionis;</em></span> <span class='ocrx_word' id='word_1_738' title='bbox 1401 2374 1478 2402; x_wconf 89' lang='lat' dir='ltr'><em>losue</em></span> <span class='ocrx_word' id='word_1_739' title='bbox 1503 2373 1599 2402; x_wconf 90' lang='lat' dir='ltr'><em>tertio:</em></span> <span class='ocrx_word' id='word_1_740' title='bbox 1622 2374 1703 2401; x_wconf 83' lang='lat' dir='ltr'><em>Arca</em></span> <span class='ocrx_word' id='word_1_741' title='bbox 1727 2372 1853 2410; x_wconf 84' lang='lat' dir='ltr'><em>foederis</em></span> <span class='ocrx_word' id='word_1_742' title='bbox 1878 2373 1930 2400; x_wconf 83' lang='lat' dir='ltr'><em>Do-</em></span> 
     </span>
     <span class='ocr_line' id='line_1_106' title="bbox 1088 2420 1929 2457; baseline -0.004 -7"><span class='ocrx_word' id='word_1_743' title='bbox 1088 2422 1162 2450; x_wconf 86' lang='lat' dir='ltr'><em>mini</em></span> <span class='ocrx_word' id='word_1_744' title='bbox 1182 2421 1277 2450; x_wconf 83' lang='lat' dir='ltr'><em>omnis</em></span> <span class='ocrx_word' id='word_1_745' title='bbox 1299 2425 1395 2449; x_wconf 84' lang='lat' dir='ltr'><em>terrae</em></span> <span class='ocrx_word' id='word_1_746' title='bbox 1415 2420 1559 2448; x_wconf 81' lang='lat' dir='ltr'><em>antecedet</em></span> <span class='ocrx_word' id='word_1_747' title='bbox 1578 2428 1627 2448; x_wconf 81' lang='lat' dir='ltr'><em>vos</em></span> <span class='ocrx_word' id='word_1_748' title='bbox 1640 2428 1692 2457; x_wconf 78' lang='lat' dir='ltr'><em>per</em></span> <span class='ocrx_word' id='word_1_749' title='bbox 1714 2420 1888 2452; x_wconf 87' lang='lat' dir='ltr'><em>Iordanem,·</em></span> <span class='ocrx_word' id='word_1_750' title='bbox 1902 2422 1929 2447; x_wconf 88' lang='lat' dir='ltr'><em>et</em></span> 
     </span>
     <span class='ocr_line' id='line_1_107' title="bbox 1088 2466 1931 2506; baseline -0.004 -9"><span class='ocrx_word' id='word_1_751' title='bbox 1088 2469 1224 2506; x_wconf 80' lang='lat' dir='ltr'><em>sequitur,</em></span> <span class='ocrx_word' id='word_1_752' title='bbox 1245 2467 1318 2505; x_wconf 89' lang='lat' dir='ltr'><em>quod</em></span> <span class='ocrx_word' id='word_1_753' title='bbox 1340 2468 1455 2496; x_wconf 86' lang='lat' dir='ltr'><em>siccatae</em></span> <span class='ocrx_word' id='word_1_754' title='bbox 1476 2470 1541 2496; x_wconf 90' lang='lat' dir='ltr'><em>sunt</em></span> <span class='ocrx_word' id='word_1_755' title='bbox 1561 2474 1649 2503; x_wconf 87' lang='lat' dir='ltr'><em>aquae</em></span> <span class='ocrx_word' id='word_1_756' title='bbox 1669 2466 1700 2494; x_wconf 87' lang='lat' dir='ltr'><em>ad</em></span> <span class='ocrx_word' id='word_1_757' title='bbox 1717 2466 1871 2503; x_wconf 85' lang='lat' dir='ltr'><em>ingressum</em></span> <span class='ocrx_word' id='word_1_758' title='bbox 1886 2474 1931 2494; x_wconf 85' lang='lat' dir='ltr'><em>ar-</em></span> 
     </span>
     <span class='ocr_line' id='line_1_108' title="bbox 1088 2512 1930 2552; baseline -0.005 -8"><span class='ocrx_word' id='word_1_759' title='bbox 1088 2524 1150 2550; x_wconf 88' lang='lat' dir='ltr'><em>cae,</em></span> <span class='ocrx_word' id='word_1_760' title='bbox 1172 2515 1237 2552; x_wconf 88' lang='lat' dir='ltr'><em>quia</em></span> <span class='ocrx_word' id='word_1_761' title='bbox 1267 2523 1315 2551; x_wconf 89' lang='lat' dir='ltr'><em>per</em></span> <span class='ocrx_word' id='word_1_762' title='bbox 1346 2514 1515 2543; x_wconf 88' lang='lat' dir='ltr'><em>adiutorium</em></span> <span class='ocrx_word' id='word_1_763' title='bbox 1537 2514 1657 2550; x_wconf 86' lang='lat' dir='ltr'><em>Virginis</em></span> <span class='ocrx_word' id='word_1_764' title='bbox 1688 2513 1733 2541; x_wconf 85' lang='lat' dir='ltr'><em>illa</em></span> <span class='ocrx_word' id='word_1_765' title='bbox 1764 2521 1835 2550; x_wconf 87' lang='lat' dir='ltr'><em>quae</em></span> <span class='ocrx_word' id='word_1_766' title='bbox 1857 2512 1930 2541; x_wconf 89' lang='lat' dir='ltr'><em>vide-</em></span> 
     </span>
     <span class='ocr_line' id='line_1_109' title="bbox 1088 2560 1798 2597; baseline -0.004 -6"><span class='ocrx_word' id='word_1_767' title='bbox 1088 2563 1189 2592; x_wconf 87' lang='lat' dir='ltr'><em>bantur</em></span> <span class='ocrx_word' id='word_1_768' title='bbox 1210 2562 1346 2595; x_wconf 86' lang='lat' dir='ltr'><em>difficilia‚</em></span> <span class='ocrx_word' id='word_1_769' title='bbox 1369 2562 1439 2590; x_wconf 85' lang='lat' dir='ltr'><em>fiunt</em></span> <span class='ocrx_word' id='word_1_770' title='bbox 1460 2561 1548 2590; x_wconf 84' lang='lat' dir='ltr'><em>facilia</em></span> <span class='ocrx_word' id='word_1_771' title='bbox 1569 2561 1602 2589; x_wconf 87' lang='lat' dir='ltr'><em>ad</em></span> <span class='ocrx_word' id='word_1_772' title='bbox 1625 2560 1798 2597; x_wconf 86' lang='lat' dir='ltr'><em>portandum.</em></span> 
     </span>
    </p>

    <p class='ocr_par' dir='ltr' id='par_1_16' title="bbox 1088 2606 1931 2693">
     <span class='ocr_line' id='line_1_110' title="bbox 1167 2606 1931 2644; baseline -0.003 -7"><span class='ocrx_word' id='word_1_773' title='bbox 1167 2609 1291 2638; x_wconf 85' lang='lat' dir='ltr'><em>Secundo</em></span> <span class='ocrx_word' id='word_1_774' title='bbox 1312 2609 1392 2637; x_wconf 85' lang='lat' dir='ltr'><em>etiam</em></span> <span class='ocrx_word' id='word_1_775' title='bbox 1414 2617 1478 2637; x_wconf 82' lang='lat' dir='ltr'><em>arca.</em></span> <span class='ocrx_word' id='word_1_776' title='bbox 1499 2608 1524 2636; x_wconf 93' lang='lat' dir='ltr'><em>in</em></span> <span class='ocrx_word' id='word_1_777' title='bbox 1548 2608 1637 2644; x_wconf 83' lang='lat' dir='ltr'><em>figura</em></span> <span class='ocrx_word' id='word_1_778' title='bbox 1655 2607 1774 2643; x_wconf 84' lang='lat' dir='ltr'><em>Virginis</em></span> <span class='ocrx_word' id='word_1_779' title='bbox 1794 2609 1854 2635; x_wconf 83' lang='lat' dir='ltr'><em>erat</em></span> <span class='ocrx_word' id='word_1_780' title='bbox 1873 2606 1931 2635; x_wconf 89' lang='lat' dir='ltr'><em>effi-</em></span> 
     </span>
     <span class='ocr_line' id='line_1_111' title="bbox 1088 2654 1931 2693; baseline -0.005 -8"><span class='ocrx_word' id='word_1_781' title='bbox 1088 2665 1138 2685; x_wconf 87' lang='lat' dir='ltr'><em>cax</em></span> <span class='ocrx_word' id='word_1_782' title='bbox 1155 2656 1181 2684; x_wconf 89' lang='lat' dir='ltr'><em>in</em></span> <span class='ocrx_word' id='word_1_783' title='bbox 1198 2655 1373 2693; x_wconf 78' lang='lat' dir='ltr'><em>defensando</em></span> <span class='ocrx_word' id='word_1_784' title='bbox 1385 2658 1566 2692; x_wconf 69' lang='lat' dir='ltr'><em>puyizantes;</em></span> <span class='ocrx_word' id='word_1_785' title='bbox 1581 2654 1692 2683; x_wconf 89' lang='lat' dir='ltr'><em>secundi</em></span> <span class='ocrx_word' id='word_1_786' title='bbox 1709 2654 1931 2690; x_wconf 83' lang='lat' dir='ltr'><em>Paralipomenon</em></span> 
     </span>
    </p>
   </div>
   <div class='ocr_carea' id='block_1_12' title="bbox 804 2759 1318 2765">
    <p class='ocr_par' dir='ltr' id='par_1_17' title="bbox 804 2759 1318 2765">
     <span class='ocr_line' id='line_1_112' title="bbox 804 2759 1318 2765; baseline 0 0"><span class='ocrx_word' id='word_1_787' title='bbox 804 2759 1318 2765; x_wconf 95' lang='lat' dir='ltr'><em> </em></span> 
     </span>
    </p>
   </div>
   <div class='ocr_carea' id='block_1_13' title="bbox 188 2837 1031 3022">
    <p class='ocr_par' dir='ltr' id='par_1_18' title="bbox 251 2837 710 2866">
     <span class='ocr_line' id='line_1_113' title="bbox 251 2837 710 2866; baseline -0.004 -5"><span class='ocrx_word' id='word_1_788' title='bbox 251 2838 257 2851; x_wconf 92' lang='lat'>¹</span> <span class='ocrx_word' id='word_1_789' title='bbox 278 2838 344 2861; x_wconf 84' lang='lat' dir='ltr'><em>Vers.</em></span> <span class='ocrx_word' id='word_1_790' title='bbox 361 2839 403 2865; x_wconf 82' lang='lat'><em>33;</em></span> <span class='ocrx_word' id='word_1_791' title='bbox 421 2838 525 2866; x_wconf 80' lang='lat' dir='ltr'><em>sequitur</em></span> <span class='ocrx_word' id='word_1_792' title='bbox 542 2837 611 2859; x_wconf 81' lang='lat' dir='ltr'><em>Hebr.</em></span> <span class='ocrx_word' id='word_1_793' title='bbox 630 2838 671 2864; x_wconf 71' lang='grc'><em>13,</em></span> <span class='ocrx_word' id='word_1_794' title='bbox 689 2837 710 2859; x_wconf 83' lang='grc'><em>9.</em></span> 
     </span>
    </p>

    <p class='ocr_par' dir='ltr' id='par_1_19' title="bbox 250 2876 952 2905">
     <span class='ocr_line' id='line_1_114' title="bbox 250 2876 952 2905; baseline -0.003 -6"><span class='ocrx_word' id='word_1_795' title='bbox 250 2877 259 2890; x_wconf 78' lang='lat'><strong>²</strong></span> <span class='ocrx_word' id='word_1_796' title='bbox 277 2877 342 2899; x_wconf 79' lang='lat' dir='ltr'><em>Vers.</em></span> <span class='ocrx_word' id='word_1_797' title='bbox 360 2878 383 2899; x_wconf 77' lang='lat'><em>8.</em></span> <span class='ocrx_word' id='word_1_798' title='bbox 404 2878 442 2904; x_wconf 77' lang='lat'><em>103</em></span> <span class='ocrx_word' id='word_1_799' title='bbox 459 2879 588 2905; x_wconf 81' lang='lat' dir='ltr'><em>sequuntur</em></span> <span class='ocrx_word' id='word_1_800' title='bbox 606 2876 654 2898; x_wconf 83' lang='lat' dir='ltr'><em>lsai.</em></span> <span class='ocrx_word' id='word_1_801' title='bbox 675 2876 709 2903; x_wconf 89' lang='lat' dir='ltr'><em>ll,</em></span> <span class='ocrx_word' id='word_1_802' title='bbox 731 2876 748 2897; x_wconf 93' lang='lat' dir='ltr'><em>l.</em></span> <span class='ocrx_word' id='word_1_803' title='bbox 766 2878 788 2898; x_wconf 84' lang='lat' dir='ltr'><em>et</em></span> <span class='ocrx_word' id='word_1_804' title='bbox 803 2876 858 2898; x_wconf 87' lang='lat' dir='ltr'><em>Luc.</em></span> <span class='ocrx_word' id='word_1_805' title='bbox 879 2876 898 2902; x_wconf 89' lang='grc'><em>1,</em></span> <span class='ocrx_word' id='word_1_806' title='bbox 916 2876 952 2897; x_wconf 82' lang='grc'><em>35.</em></span> 
     </span>
    </p>

    <p class='ocr_par' dir='ltr' id='par_1_20' title="bbox 188 2915 1031 2982">
     <span class='ocr_line' id='line_1_115' title="bbox 250 2915 1031 2944; baseline -0.003 -6"><span class='ocrx_word' id='word_1_807' title='bbox 250 2916 259 2928; x_wconf 84' lang='lat'>³</span> <span class='ocrx_word' id='word_1_808' title='bbox 276 2916 332 2944; x_wconf 80' lang='lat' dir='ltr'><em>Cap.</em></span> <span class='ocrx_word' id='word_1_809' title='bbox 358 2916 400 2943; x_wconf 77' lang='lat' dir='ltr'><em>3l,</em></span> <span class='ocrx_word' id='word_1_810' title='bbox 428 2916 465 2943; x_wconf 79' lang='lat'><em>¹0;</em></span> <span class='ocrx_word' id='word_1_811' title='bbox 491 2918 619 2944; x_wconf 82' lang='lat' dir='ltr'><em>sequuntur</em></span> <span class='ocrx_word' id='word_1_812' title='bbox 645 2915 709 2937; x_wconf 72' lang='lat' dir='ltr'><em>eccli.</em></span> <span class='ocrx_word' id='word_1_813' title='bbox 737 2915 779 2941; x_wconf 72' lang='lat'><em>24,</em></span> <span class='ocrx_word' id='word_1_814' title='bbox 802 2915 839 2937; x_wconf 63' lang='lat'><em>425.</em></span> <span class='ocrx_word' id='word_1_815' title='bbox 866 2921 914 2943; x_wconf 84' lang='lat' dir='ltr'><em>seq.</em></span> <span class='ocrx_word' id='word_1_816' title='bbox 942 2917 964 2936; x_wconf 85' lang='lat' dir='ltr'><em>et</em></span> <span class='ocrx_word' id='word_1_817' title='bbox 990 2915 1031 2936; x_wconf 83' lang='lat' dir='ltr'><em>lcr.</em></span> 
     </span>
     <span class='ocr_line' id='line_1_116' title="bbox 188 2955 304 2982; baseline -0.009 -5"><span class='ocrx_word' id='word_1_818' title='bbox 188 2955 225 2982; x_wconf 83' lang='lat'><em>·17,</em></span> <span class='ocrx_word' id='word_1_819' title='bbox 243 2955 265 2976; x_wconf 85' lang='lat'><em>7.</em></span> <span class='ocrx_word' id='word_1_820' title='bbox 284 2956 304 2977; x_wconf 76' lang='lat'><em>5.</em></span> 
     </span>
    </p>

    <p class='ocr_par' dir='ltr' id='par_1_21' title="bbox 250 2993 976 3022">
     <span class='ocr_line' id='line_1_117' title="bbox 250 2993 976 3022; baseline -0.004 -6"><span class='ocrx_word' id='word_1_821' title='bbox 250 2993 259 3005; x_wconf 79' lang='lat'><strong>⁴</strong></span> <span class='ocrx_word' id='word_1_822' title='bbox 278 2994 343 3016; x_wconf 83' lang='lat' dir='ltr'><em>Vers.</em></span> <span class='ocrx_word' id='word_1_823' title='bbox 368 2994 404 3021; x_wconf 79' lang='lat' dir='ltr'><em>{fi;</em></span> <span class='ocrx_word' id='word_1_824' title='bbox 422 2998 551 3022; x_wconf 79' lang='lat' dir='ltr'><em>seqiumtur</em></span> <span class='ocrx_word' id='word_1_825' title='bbox 568 2993 622 3015; x_wconf 89' lang='lat' dir='ltr'><em>Luc.</em></span> <span class='ocrx_word' id='word_1_826' title='bbox 641 2993 666 3019; x_wconf 83' lang='lat'><em>2,</em></span> <span class='ocrx_word' id='word_1_827' title='bbox 688 2993 720 3014; x_wconf 77' lang='grc'><em>19.</em></span> <span class='ocrx_word' id='word_1_828' title='bbox 738 2996 760 3014; x_wconf 87' lang='lat' dir='ltr'><em>et</em></span> <span class='ocrx_word' id='word_1_829' title='bbox 777 2993 812 3014; x_wconf 84' lang='lat' dir='ltr'><em>Ps.</em></span> <span class='ocrx_word' id='word_1_830' title='bbox 830 2993 870 3019; x_wconf 75' lang='lat'><em>39,</em></span> <span class='ocrx_word' id='word_1_831' title='bbox 889 2993 911 3014; x_wconf 83' lang='lat'><em>8.</em></span> <span class='ocrx_word' id='word_1_832' title='bbox 927 2998 976 3020; x_wconf 85' lang='lat' dir='ltr'><em>seq.</em></span> 
     </span>
    </p>
   </div>
   <div class='ocr_carea' id='block_1_14' title="bbox 1058 2835 1060 2926">
    <p class='ocr_par' dir='ltr' id='par_1_22' title="bbox 1058 2835 1060 2926">
     <span class='ocr_line' id='line_1_118' title="bbox 1058 2835 1060 2926; baseline 0 422"><span class='ocrx_word' id='word_1_833' title='bbox 1058 2835 1060 2926; x_wconf 95' lang='lat' dir='ltr'><em> </em></span> 
     </span>
    </p>
   </div>
   <div class='ocr_carea' id='block_1_15' title="bbox 1058 2927 1060 3020">
    <p class='ocr_par' dir='ltr' id='par_1_23' title="bbox 1058 2927 1060 3020">
     <span class='ocr_line' id='line_1_119' title="bbox 1058 2927 1060 3020; baseline 0 0"><span class='ocrx_word' id='word_1_834' title='bbox 1058 2927 1060 3020; x_wconf 95' lang='lat' dir='ltr'><em> </em></span> 
     </span>
    </p>
   </div>
   <div class='ocr_carea' id='block_1_16' title="bbox 1088 2830 1932 3016">
    <p class='ocr_par' dir='ltr' id='par_1_24' title="bbox 1088 2830 1932 3016">
     <span class='ocr_line' id='line_1_120' title="bbox 1150 2830 1932 2861; baseline -0.006 -5"><span class='ocrx_word' id='word_1_835' title='bbox 1150 2834 1159 2846; x_wconf 86' lang='lat'>⁵</span> <span class='ocrx_word' id='word_1_836' title='bbox 1179 2835 1242 2856; x_wconf 62' lang='lat' dir='ltr'><em>x&#39;ers.</em></span> <span class='ocrx_word' id='word_1_837' title='bbox 1260 2833 1298 2855; x_wconf 75' lang='lat'><em>24.</em></span> <span class='ocrx_word' id='word_1_838' title='bbox 1317 2845 1347 2849; x_wconf 92' lang='lat'><strong>—</strong></span> <span class='ocrx_word' id='word_1_839' title='bbox 1365 2833 1497 2861; x_wconf 79' lang='lat' dir='ltr'><em>Sequuntur</em></span> <span class='ocrx_word' id='word_1_840' title='bbox 1515 2832 1614 2857; x_wconf 67' lang='lat' dir='ltr'><em>Aristot,</em></span> <span class='ocrx_word' id='word_1_841' title='bbox 1636 2832 1658 2853; x_wconf 90' lang='lat' dir='ltr'><em>u.</em></span> <span class='ocrx_word' id='word_1_842' title='bbox 1683 2831 1752 2852; x_wconf 84' lang='lat' dir='ltr'><em>Ethic.</em></span> <span class='ocrx_word' id='word_1_843' title='bbox 1775 2836 1795 2851; x_wconf 76' lang='lat' dir='ltr'><em>e.</em></span> <span class='ocrx_word' id='word_1_844' title='bbox 1813 2831 1835 2852; x_wconf 85' lang='lat'><em>6.</em></span> <span class='ocrx_word' id='word_1_845' title='bbox 1857 2833 1879 2851; x_wconf 88' lang='lat' dir='ltr'><em>et</em></span> <span class='ocrx_word' id='word_1_846' title='bbox 1897 2830 1932 2851; x_wconf 82' lang='lat' dir='ltr'><em>Ps.</em></span> 
     </span>
     <span class='ocr_line' id='line_1_121' title="bbox 1089 2867 1932 2900; baseline -0.007 -5"><span class='ocrx_word' id='word_1_847' title='bbox 1089 2874 1141 2899; x_wconf 71' lang='lat'><em>418,</em></span> <span class='ocrx_word' id='word_1_848' title='bbox 1163 2873 1211 2894; x_wconf 75' lang='lat'><em>126.</em></span> <span class='ocrx_word' id='word_1_849' title='bbox 1229 2878 1277 2900; x_wconf 83' lang='lat' dir='ltr'><em>seq.</em></span> <span class='ocrx_word' id='word_1_850' title='bbox 1799 2867 1809 2880; x_wconf 65' lang='grc' dir='ltr'>θ</span> <span class='ocrx_word' id='word_1_851' title='bbox 1827 2868 1890 2889; x_wconf 82' lang='lat' dir='ltr'><em>Vers.</em></span> <span class='ocrx_word' id='word_1_852' title='bbox 1910 2868 1932 2889; x_wconf 80' lang='lat'><em>8.</em></span> 
     </span>
     <span class='ocr_line' id='line_1_122' title="bbox 1151 2907 1932 2933; baseline -0.008 0"><span class='ocrx_word' id='word_1_853' title='bbox 1151 2911 1158 2923; x_wconf 87' lang='lat'>⁷</span> <span class='ocrx_word' id='word_1_854' title='bbox 1177 2912 1250 2933; x_wconf 75' lang='lat' dir='ltr'><em>Serui.</em></span> <span class='ocrx_word' id='word_1_855' title='bbox 1268 2911 1290 2933; x_wconf 90' lang='lat' dir='ltr'><em>in</em></span> <span class='ocrx_word' id='word_1_856' title='bbox 1309 2911 1399 2932; x_wconf 87' lang='lat' dir='ltr'><em>Domiu.</em></span> <span class='ocrx_word' id='word_1_857' title='bbox 1422 2910 1478 2931; x_wconf 85' lang='lat' dir='ltr'><em>infra</em></span> <span class='ocrx_word' id='word_1_858' title='bbox 1502 2909 1550 2931; x_wconf 84' lang='lat' dir='ltr'><em>Oct.</em></span> <span class='ocrx_word' id='word_1_859' title='bbox 1569 2909 1667 2930; x_wconf 77' lang='lat' dir='ltr'><em>Assumt.</em></span> <span class='ocrx_word' id='word_1_860' title='bbox 1687 2908 1711 2929; x_wconf 84' lang='grc' dir='ltr'><em>Β.</em></span> <span class='ocrx_word' id='word_1_861' title='bbox 1731 2907 1759 2929; x_wconf 89' lang='lat' dir='ltr'><em>V.</em></span> <span class='ocrx_word' id='word_1_862' title='bbox 1778 2907 1805 2929; x_wconf 85' lang='grc' dir='ltr'><em>Μ.</em></span> <span class='ocrx_word' id='word_1_863' title='bbox 1823 2913 1846 2928; x_wconf 89' lang='lat' dir='ltr'><em>n.</em></span> <span class='ocrx_word' id='word_1_864' title='bbox 1864 2907 1884 2928; x_wconf 83' lang='lat'><em>3.</em></span> <span class='ocrx_word' id='word_1_865' title='bbox 1902 2918 1932 2922; x_wconf 98' lang='lat'><strong>—</strong></span> 
     </span>
     <span class='ocr_line' id='line_1_123' title="bbox 1088 2945 1932 2980; baseline -0.006 -7"><span class='ocrx_word' id='word_1_866' title='bbox 1088 2952 1221 2980; x_wconf 83' lang='lat' dir='ltr'><em>Sequuntur</em></span> <span class='ocrx_word' id='word_1_867' title='bbox 1238 2950 1323 2972; x_wconf 81' lang='lat' dir='ltr'><em>Coloss.</em></span> <span class='ocrx_word' id='word_1_868' title='bbox 1342 2950 1363 2976; x_wconf 79' lang='lat'><em>2,</em></span> <span class='ocrx_word' id='word_1_869' title='bbox 1381 2950 1402 2971; x_wconf 81' lang='lat'><em>3.</em></span> <span class='ocrx_word' id='word_1_870' title='bbox 1420 2952 1442 2971; x_wconf 83' lang='lat' dir='ltr'><em>et</em></span> <span class='ocrx_word' id='word_1_871' title='bbox 1458 2948 1528 2971; x_wconf 81' lang='lat' dir='ltr'><em>Exod.</em></span> <span class='ocrx_word' id='word_1_872' title='bbox 1546 2947 1588 2974; x_wconf 71' lang='lat'><em>⁶25,</em></span> <span class='ocrx_word' id='word_1_873' title='bbox 1606 2948 1642 2969; x_wconf 75' lang='lat'><em>20.</em></span> <span class='ocrx_word' id='word_1_874' title='bbox 1800 2945 1809 2958; x_wconf 62' lang='grc' dir='ltr'><strong>Β</strong></span> <span class='ocrx_word' id='word_1_875' title='bbox 1828 2946 1893 2968; x_wconf 84' lang='lat' dir='ltr'><em>Vers.</em></span> <span class='ocrx_word' id='word_1_876' title='bbox 1910 2947 1932 2968; x_wconf 80' lang='lat'><em>2.</em></span> 
     </span>
     <span class='ocr_line' id='line_1_124' title="bbox 1150 2987 1659 3016; baseline -0.008 -4"><span class='ocrx_word' id='word_1_877' title='bbox 1150 2988 1159 3001; x_wconf 78' lang='lat'><strong>⁹</strong></span> <span class='ocrx_word' id='word_1_878' title='bbox 1178 2990 1241 3012; x_wconf 82' lang='lat' dir='ltr'><em>Vcrs.</em></span> <span class='ocrx_word' id='word_1_879' title='bbox 1261 2990 1302 3016; x_wconf 74' lang='lat'><em>33;</em></span> <span class='ocrx_word' id='word_1_880' title='bbox 1320 2988 1424 3016; x_wconf 88' lang='lat' dir='ltr'><em>sequitur</em></span> <span class='ocrx_word' id='word_1_881' title='bbox 1442 2989 1482 3009; x_wconf 83' lang='lat' dir='ltr'><em>los.</em></span> <span class='ocrx_word' id='word_1_882' title='bbox 1502 2988 1523 3014; x_wconf 75' lang='lat'><em>3,</em></span> <span class='ocrx_word' id='word_1_883' title='bbox 1542 2987 1549 3008; x_wconf 80' lang='lat' dir='ltr'><em>l</em></span> <span class='ocrx_word' id='word_1_884' title='bbox 1561 2987 1578 3008; x_wconf 92' lang='lat' dir='ltr'><em>l.</em></span> <span class='ocrx_word' id='word_1_885' title='bbox 1595 2992 1659 3015; x_wconf 83' lang='lat' dir='ltr'><em>seqq.</em></span> 
     </span>
    </p>
   </div>
   <div class='ocr_carea' id='block_1_17' title="bbox 1943 650 2057 673">
    <p class='ocr_par' dir='ltr' id='par_1_25' title="bbox 1943 650 2057 673">
     <span class='ocr_line' id='line_1_125' title="bbox 1943 650 2057 673; baseline 0 -5"><span class='ocrx_word' id='word_1_886' title='bbox 1943 650 1970 668; x_wconf 84' lang='lat' dir='ltr'><em>De</em></span> <span class='ocrx_word' id='word_1_887' title='bbox 1983 651 2057 673; x_wconf 80' lang='lat' dir='ltr'><em>quai-to.</em></span> 
     </span>
    </p>
   </div>
   <div class='ocr_carea' id='block_1_18' title="bbox 1942 1721 2075 1792">
    <p class='ocr_par' dir='ltr' id='par_1_26' title="bbox 1942 1721 2075 1792">
     <span class='ocr_line' id='line_1_126' title="bbox 1942 1721 2075 1741; baseline 0 -1"><span class='ocrx_word' id='word_1_888' title='bbox 1942 1722 1989 1740; x_wconf 80' lang='lat' dir='ltr'><em>Pars</em></span> <span class='ocrx_word' id='word_1_889' title='bbox 2002 1721 2031 1741; x_wconf 77' lang='grc' dir='ltr'><em>ΙΙΙ.</em></span> <span class='ocrx_word' id='word_1_890' title='bbox 2045 1722 2075 1740; x_wconf 72' lang='lat' dir='ltr'><em>Et-</em></span> 
     </span>
     <span class='ocr_line' id='line_1_127' title="bbox 1942 1745 2074 1764; baseline 0 0"><span class='ocrx_word' id='word_1_891' title='bbox 1942 1745 2006 1764; x_wconf 79' lang='lat' dir='ltr'><em>ficacia</em></span> <span class='ocrx_word' id='word_1_892' title='bbox 2019 1750 2074 1764; x_wconf 79' lang='lat' dir='ltr'><em>arcae</em></span> 
     </span>
     <span class='ocr_line' id='line_1_128' title="bbox 1943 1769 2066 1792; baseline 0 -5"><span class='ocrx_word' id='word_1_893' title='bbox 1943 1769 2066 1792; x_wconf 80' lang='lat' dir='ltr'><em>quadruplex.</em></span> 
     </span>
    </p>
   </div>
   <div class='ocr_carea' id='block_1_19' title="bbox 1947 1862 2054 1886">
    <p class='ocr_par' dir='ltr' id='par_1_27' title="bbox 1947 1862 2054 1886">
     <span class='ocr_line' id='line_1_129' title="bbox 1947 1862 2054 1886; baseline 0.009 -6"><span class='ocrx_word' id='word_1_894' title='bbox 1947 1862 1974 1881; x_wconf 80' lang='lat' dir='ltr'><em>De</em></span> <span class='ocrx_word' id='word_1_895' title='bbox 1987 1862 2054 1886; x_wconf 82' lang='lat' dir='ltr'><em>primo.</em></span> 
     </span>
    </p>
   </div>
   <div class='ocr_carea' id='block_1_20' title="bbox 1949 2610 2076 2630">
    <p class='ocr_par' dir='ltr' id='par_1_28' title="bbox 1949 2610 2076 2630">
     <span class='ocr_line' id='line_1_130' title="bbox 1949 2610 2076 2630; baseline 0.008 -2"><span class='ocrx_word' id='word_1_896' title='bbox 1949 2610 1976 2629; x_wconf 81' lang='lat' dir='ltr'><em>De</em></span> <span class='ocrx_word' id='word_1_897' title='bbox 1986 2611 2076 2630; x_wconf 76' lang='lat' dir='ltr'><em>seeundo.</em></span> 
     </span>
    </p>
   </div>
  </div>
 </body>
</html>
