2243 3348
0 860 2 873 ι

0 876 3 900 l

14 868 79 890 Tertio,
92 867 116 886 de

5 891 123 912 deiformitate

0 934 2 937 ,
26 915 99 939 gloriae.

10 1240 53 1260 §tola
63 1239 123 1264 prima

10 1265 26 1283 et
37 1263 122 1283 secunda.

12 2351 13 2393 1
23 2360 123 2380 iti-oduario.

776 177 807 205 IN
829 177 1047 205 PENTECOSTE.
1070 177 1178 206 sERMO
1200 178 1227 206 ΙΙ.

135 257 242 292 gratum
264 253 400 286 facientis,
422 256 449 282 et
470 253 503 282 ad
524 261 621 282 eorum
650 254 850 290 promotionem
879 257 907 282 et
934 261 976 282 sa-

135 301 218 328 lutem
240 299 386 327 consecuti
405 303 475 327 sunt
495 307 653 333 coronam,
674 299 862 336 principatus,
887 303 913 327 et
933 299 976 327 di-

132 346 296 384 9nationem
312 345 543 382 cori-oyationis;
564 353 685 382 quorum
701 345 818 382 dignitas
832 349 859 374 et
874 345 976 382 princi-

135 396 215 430 patus
236 391 409 428 protenditur
430 392 464 419 ab
485 391 629 420 altitudine
651 392 717 420 caeli
738 399 827 428 usqne
851 392 884 420 ad
913 400 976 428 pro-

134 439 294 468 funditatem
310 438 424 471 inferni;
442 438 543 466 habent
563 438 634 466 enim
651 440 814 474 potestatem
832 438 974 466 claudendi

135 486 239 514 caelum
260 487 287 513 et
309 484 406 521 ligandi
429 488 512 521 atque
533 484 653 512 solvendi
668 485 678 500 ¹
699 484 803 512 animas
823 484 976 517 hominum,

135 531 270 561 calcandi
282 539 378 568 supra
391 534 534 567 serpentes
549 534 575 559 et
588 530 753 567 scorpiones
767 534 794 559 et
808 530 975 567 reprimendi

135 579 248 616 spiritus
268 577 439 612 immundos;
462 578 526 614 quia
548 585 645 606 eorum
669 577 778 614 linguae
793 577 870 613 quasi
887 577 977 606 claves

135 626 263 654 caelestes
284 624 379 652 ianuas
400 624 467 653 caeli
489 624 622 652 claudunt
637 627 663 652 et
684 627 819 657 reserant,
835 627 861 652 et
879 631 976 652 eorum

134 674 279 708 praecepto
300 671 429 699 subditur
451 671 526 699 salus
540 674 567 699 et
582 671 699 707 languor
713 670 837 699 omnium
854 673 880 698 et
895 670 976 698 etiam

135 718 185 755 ipsi
206 717 320 754 spiritus
342 717 491 751 immundi,
513 717 586 754 quod
615 720 656 745 est
684 717 814 745 indicium
840 716 977 745 maximae

135 763 275 801 potestatis
295 767 322 792 et
343 763 490 800 dignitatis.

212 810 303 839 Tertio
324 810 432 838 ornavit
453 818 499 838 eos
520 813 681 839 ornamento
696 808 904 847 deiformitatis
917 810 976 846 ylo-

135 858 198 886 riae
218 860 353 894 quantum
375 857 409 886 ad
430 857 622 886 excellentiam
645 857 850 894 praemiorun];
872 860 899 885 et
913 864 977 893 pro-

135 907 196 942 pter
216 904 269 932 hoc
290 904 417 932 convenit
438 904 550 932 cuilibet
571 912 668 932 eorum
698 903 765 932 illud
797 903 977 932 Ecclesiastici

135 951 345 989 quadragesimo
359 951 456 987 quinto
469 952 494 978 2;
513 951 628 979 Corona
643 959 738 979 aurea
752 959 841 987 super
854 951 976 979 mitram

135 998 213 1032 eius,
234 1006 373 1034 expressa
399 998 483 1035 signo
514 998 679 1026 sanctitatis
710 1002 736 1026 et
761 997 859 1035 yloria
891 996 977 1025 liono—

135 1046 188 1079 ris,
204 1053 275 1082 opus
293 1045 411 1073 virtutis
432 1047 457 1073 et
477 1044 623 1073 desideria
641 1044 794 1073 oculorum
808 1047 924 1072 ornata.
940 1059 976 1065 —

135 1092 184 1120 Per
205 1099 344 1119 coronam
365 1099 490 1119 auream
512 1091 626 1127 positam
649 1098 733 1127 super
761 1094 844 1127 caput
864 1090 978 1119 cuiusli-

135 1139 180 1167 bet
199 1138 334 1174 Apostoli,
356 1139 382 1166 in
406 1141 540 1175 quantum
573 1140 614 1166 est
644 1146 784 1174 expressa
804 1137 888 1174 sipno
909 1145 978 1165 san-

135 1184 251 1218 ctitatis,
271 1185 369 1222 yloria
390 1189 415 1212 et
437 1184 543 1213 ltonore
565 1185 692 1221 praemii,
714 1184 876 1221 intelligitur
897 1192 978 1212 orna-

135 1235 257 1260 mentum
278 1231 335 1260 sive
353 1231 457 1268 pri-ma
477 1231 547 1260 stola
573 1231 695 1265 animae;
718 1231 763 1260 sed
789 1231 816 1259 in
842 1234 976 1267 quantum

135 1278 275 1307 desiderio
297 1278 450 1306 oculorum
464 1282 585 1312 ornata,
600 1278 763 1314 intelligitur
784 1280 978 1306 ornamentum

136 1324 194 1354 sive
214 1325 344 1353 secunda
366 1325 435 1353 stola
459 1325 592 1361 corporis.
618 1325 690 1353 Stola
711 1325 802 1361 prima
820 1325 877 1353 sive
897 1332 978 1352 orna-

136 1374 258 1401 mentum
280 1372 387 1400 animae
409 1372 532 1401 consistit
553 1372 579 1400 in
595 1372 695 1408 triplici
715 1371 793 1405 dote,
816 1371 919 1400 scilicet
939 1371 979 1399 vi-

136 1419 218 1448 sionis
239 1419 342 1452 cIarae,
364 1419 493 1447 tentionis
514 1426 629 1447 securae
650 1421 677 1447 et
701 1418 840 1447 fruitionis
854 1418 978 1455 quietae;

136 1465 255 1494 secunda
276 1474 342 1494 vero
374 1466 442 1494 stola
470 1466 528 1494 sive
548 1469 741 1494 ornamentum
765 1465 889 1501 corporis
914 1472 979 1493 con-

136 1513 207 1541 sistit
227 1512 254 1540 in
277 1512 451 1549 quadruplici
473 1512 551 1546 dote,
573 1512 676 1541 scilicet
703 1512 845 1549 agilitatis,
871 1512 980 1540 clarita-

136 1559 185 1594 tis⁷
207 1558 367 1587 subtilitatis
388 1562 415 1586 et
437 1558 672 1595 impassibilitatis.
705 1558 780 1586 Unde
810 1558 980 1595 Augustinus

136 1604 169 1633 de
190 1604 304 1633 Civitate
319 1605 365 1633 Dei
379 1605 405 1632 3:
426 1616 438 1629 α
451 1605 470 1633 Α
485 1604 649 1641 corporibus
664 1604 815 1633 electorum
841 1605 980 1633 amovebi-

136 1655 183 1680 tur
203 1652 293 1680 omnis
314 1652 482 1686 deformitas,
498 1652 587 1680 omnis
610 1652 738 1685 tarditas,
760 1652 849 1680 omnis
864 1651 980 1680 infirmi-

137 1701 191 1733 tas,
213 1698 302 1727 omnis
330 1699 472 1736 corruptio
487 1711 514 1733 »Α
536 1699 609 1735 quod
639 1699 848 1735 adimplebitur,
870 1699 980 1735 quando

137 1753 236 1774 corona
257 1745 460 1774 humanitatis4
485 1749 595 1774 nostrae
616 1746 669 1774 erit
689 1746 776 1782 gloria
797 1746 980 1780 circumdata,

137 1795 163 1820 et
188 1792 333 1821 desideria
354 1793 507 1821 oculorum
535 1796 659 1826 ornata,
683 1800 715 1821 eo
736 1792 810 1829 quod
831 1793 926 1821 oculos
944 1793 980 1821 in-

137 1839 272 1867 tuentium
287 1839 471 1868 delectabunt.
487 1840 519 1868 Et
533 1847 628 1868 omnes
642 1840 708 1868 istas
721 1839 799 1868 dotes
813 1840 981 1868 excellenter

137 1889 164 1915 et
184 1886 361 1923 singulariter
375 1887 518 1915 habebunt
538 1887 666 1923 Apostoli.
686 1887 822 1923 Rogemus
843 1894 909 1924 ergo
930 1889 980 1915 etc.

478 1973 569 2001 Sanno
591 1972 612 2000 ll
623 1973 643 2000 ⁵.

207 2050 290 2075 Sermo
308 2049 396 2074 fratris
414 2050 605 2075 Bonaventurae
623 2050 649 2074 in
668 2050 705 2074 die
724 2049 883 2075 Pentecostes
901 2049 982 2074 factus

138 2092 249 2117 Parisius
267 2093 293 2117 in
312 2093 382 2118 domo
401 2093 519 2117 Fratrum
539 2093 663 2118 Minorum
682 2100 764 2117 coram
783 2093 878 2117 multis.

218 2166 374 2204 Effundam
397 2175 486 2204 super
509 2167 627 2195 domurn
653 2167 747 2195 David
768 2171 792 2195 et
819 2176 909 2204 super
931 2166 982 2195 ha-

140 2212 275 2242 bitatores
296 2213 457 2242 Ierusalem
478 2214 620 2250 spiritum
642 2214 760 2251 gratiae
774 2217 798 2241 et
810 2222 942 2250 precum,
958 2218 983 2242 et

139 2261 280 2297 aspicient
302 2261 342 2289 ad
362 2269 420 2294 me,
443 2269 526 2298 quem
548 2260 762 2297 confixerunffi.

216 2307 325 2336 Fratres
354 2307 419 2341 mei,
441 2308 590 2336 attendenti
609 2308 618 2324 ⁷
652 2308 717 2336 mihi
745 2311 848 2336 attente
880 2308 983 2344 pariter

140 2356 166 2381 et
186 2353 283 2382 devote
304 2353 423 2390 Spiritus
444 2354 529 2382 sancti
555 2354 735 2382 desideratam
763 2354 933 2383 influentiam
956 2354 982 2382 in

140 2399 190 2428 hac
212 2400 354 2436 praeclara
373 2400 417 2429 die
442 2408 526 2437 super
555 2400 698 2429 credentes
719 2400 832 2429 effusam
856 2404 910 2429 tam
933 2401 984 2429 lar-

139 2446 209 2483 giter
230 2455 312 2483 quam
336 2449 476 2483 potenter,
497 2455 568 2484 quae
589 2447 615 2475 in
641 2455 719 2475 sacra
741 2447 884 2483 Scriptura
904 2455 984 2483 prae-

1816 186 1871 215 333

1032 254 1151 290 figurata
1172 258 1213 283 est
1240 256 1461 292 multiformiter,
1483 258 1585 287 scilicet
1607 267 1654 295 per
1675 260 1799 296 fluvium
1817 271 1872 298 pa-

1032 301 1168 329 radisum
1196 301 1371 338 irriyantem
1383 303 1404 336 Β,
1438 312 1486 340 per
1516 304 1623 341 fontem
1650 307 1871 342 scaturientem,

1033 355 1082 383 per
1108 347 1234 383 fluvium
1263 348 1296 376 de
1323 349 1387 377 sede
1420 350 1470 378 Dei
1494 354 1519 378 et
1542 352 1640 388 Apnffi³
1659 354 1872 388 procedentem,

1033 400 1082 428 per
1102 397 1221 430 puteum
1243 394 1364 423 viventis
1385 399 1409 423 et
1434 396 1556 425 videntis
1587 406 1646 431 me,
1676 406 1725 434 per
1754 404 1873 435 puteum

1033 448 1183 477 aquarum
1204 440 1377 474 viventium,
1399 450 1448 477 per
1470 447 1586 471 ventum
1607 443 1808 479 vehementem,
1824 454 1872 481 per

1032 489 1149 513 ventum
1170 486 1206 514 ab
1229 490 1331 515 austro
1351 486 1486 523 flantem,
1503 497 1552 525 per
1567 498 1676 518 auram
1691 490 1874 528 refrigeran-

1034 535 1088 559 tem
1100 532 1133 565 ¹⁰,
1155 540 1203 568 per
1225 532 1339 561 alueum
1361 534 1511 568 torrentis,
1534 543 1583 571 per
1604 544 1700 573 aquas
1718 536 1872 572 Gedeonis,

1033 585 1083 614 per
1104 578 1204 607 cellam
1229 579 1397 613 vinariam,
1430 588 1479 616 per
1510 581 1609 609 cellam
1635 582 1873 619 pipnzentariam.

1033 624 1148 652 Videtur
1171 625 1252 658 mihi,
1274 625 1348 661 quod
1369 626 1420 654 ista
1445 627 1593 663 singularis
1623 629 1779 657 solemnitas
1801 633 1874 659 tanto

1034 670 1226 698 venerabiliori
1249 671 1349 699 ass'ectu
1371 675 1397 700 et
1418 672 1567 701 ardentiori
1595 673 1686 702 studio
1708 675 1742 702 sit
1763 676 1874 704 colenda

1034 720 1060 745 et
1082 717 1246 745 ruminanda
1267 720 1294 746 et
1315 718 1518 754 amplectenda,
1534 723 1637 755 quanto
1652 720 1874 756 profundioribus

1035 763 1173 799 mysteriis
1204 767 1294 792 exstat
1326 764 1461 801 insignita.
1492 766 1657 802 Eapropter‚
1679 771 1709 795 ut
1730 768 1763 796 de
1790 776 1821 797 ea
1841 769 1874 797 ad

1035 809 1080 837 Dei
1104 809 1236 838 honorem
1259 813 1286 838 et
1304 813 1425 838 nostram
1442 812 1653 840 consolationem
1668 813 1770 849 aliquid
1785 814 1874 843 dicere

1034 858 1061 884 et
1081 855 1178 883 audire
1199 856 1355 889 valeamus,
1381 856 1408 884 in
1437 857 1571 893 principio
1600 858 1757 894 rogabimus
1784 860 1875 888 Domi-

1034 910 1101 930 num
1124 902 1211 930 Iesum
1234 902 1391 936 Christum,
1414 903 1483 931 lucis
1504 907 1631 932 aeternae
1645 904 1745 933 fontem
1762 908 1789 934 et
1802 914 1876 934 arno-

1034 949 1086 983 ris,
1107 948 1209 978 fontem
1225 948 1347 983 decoris,
1363 949 1465 978 fontem
1482 951 1584 987 vigoris
1598 954 1659 985 etc„
1674 955 1810 988 quatenus
1824 956 1874 981 etc.

1114 995 1272 1033 Effundam
1294 1000 1344 1025 etc.
1368 997 1395 1025 ln
1418 997 1461 1025 his
1482 998 1575 1026 verbis
1599 998 1707 1034 scriptis
1722 1006 1797 1027 sacer
1813 999 1876 1027 Pro-

1034 1043 1133 1080 pheta,
1156 1043 1407 1079 supernaturaliter
1436 1043 1605 1077 illustratus,
1628 1052 1663 1072 ex
1692 1053 1807 1081 persona
1829 1046 1874 1074 Dei

1035 1090 1092 1118 sive
1113 1090 1200 1126 ipsius
1221 1090 1327 1118 Domini
1361 1090 1421 1119 lesu
1442 1090 1543 1119 Christi
1571 1091 1692 1120 declarat
1713 1092 1790 1121 nobis
1812 1093 1877 1121 Reli-

1035 1136 1118 1173 giosis
1139 1137 1258 1173 Spiritus
1289 1137 1374 1165 sancti
1406 1137 1588 1166 desideratam
1617 1138 1786 1167 influentiam
1809 1147 1876 1175 qua-

1035 1184 1215 1220 drupliciter,
1238 1184 1341 1212 scilicet
1362 1187 1393 1212 ut
1424 1184 1582 1212 liberaliter
1613 1185 1790 1221 impensam,
1812 1186 1877 1222 quia

1035 1229 1200 1268 effundam,
1222 1231 1327 1267 inquit;
1359 1234 1391 1259 ut
1416 1231 1556 1268 signanter
1587 1231 1791 1265 distributam,
1813 1233 1878 1268 quia

1034 1286 1124 1313 super
1145 1278 1263 1305 domum
1288 1277 1383 1306 David
1403 1282 1430 1306 et
1449 1286 1538 1315 super
1560 1277 1735 1306 habitatores
1761 1279 1877 1307 Jerusa-

1036 1323 1106 1357 lem;
1127 1327 1159 1352 ut
1178 1324 1348 1353 deiformiter
1370 1324 1550 1361 opulentam,
1572 1325 1637 1361 quia
1657 1325 1793 1362 spiritum
1808 1334 1878 1362 yra-

1036 1371 1110 1404 tiae‚·
1131 1374 1163 1399 ut
1184 1371 1390 1408 configuraliter
1404 1370 1602 1409 fructuosam,
1618 1372 1683 1408 quia
1700 1376 1725 1400 et
1742 1381 1878 1409 preeum;

1036 1418 1156 1454 pretium
1179 1418 1290 1452 mundi,
1312 1426 1376 1447 cum
1397 1418 1558 1455 aspicerent
1577 1419 1617 1447 ad
1635 1427 1692 1453 me,
1711 1428 1793 1456 quem
1814 1428 1879 1448 eon-

1035 1464 1172 1501 fioeerunt.

1114 1512 1131 1539 l.
1153 1512 1316 1540 Declaratur
1337 1520 1403 1549 ergo
1435 1513 1524 1549 primo
1553 1516 1584 1541 ut
1607 1513 1767 1542 mirabiliter
1788 1514 1878 1550 laryi-

1035 1557 1114 1594 flua,
1137 1566 1200 1587 cum
1221 1558 1338 1587 dicitur:
1363 1558 1528 1596 Effundam.
1552 1559 1598 1588 Est
1618 1562 1709 1588 autem
1725 1560 1803 1588 istius
1819 1560 1880 1588 bea-

1036 1608 1080 1633 tae
1100 1605 1260 1634 influentiae
1285 1605 1395 1634 diffusio
1426 1605 1644 1643 quadriformis
1671 1606 1751 1643 digne
1782 1615 1810 1635 se
1840 1607 1880 1635 di-

1037 1652 1217 1688 sponentibus
1243 1652 1277 1680 ad
1304 1660 1363 1681 eam
1386 1653 1514 1689 exemplo
1535 1653 1743 1689 Apostolorum:
1765 1654 1879 1681 mundi-

1036 1698 1131 1735 ficans
1161 1706 1210 1735 per
1242 1698 1401 1735 pudicitiam
1430 1702 1624 1733 renovantem;
1654 1700 1801 1728 Ezechielis
1831 1700 1880 1728 tri-

1037 1745 1141 1781 gesimo
1172 1748 1252 1773 sexto
1264 1746 1302 1772 ¹¹:
1335 1746 1367 1773 Et
1397 1744 1544 1782 effundam
1577 1754 1667 1782 super
1697 1755 1746 1774 vos
1771 1754 1880 1783 aquam

1038 1792 1195 1825 mundam,
1211 1795 1237 1819 et
1250 1791 1469 1820 mundabimini
1482 1792 1519 1820 ab
1534 1792 1668 1821 omnibus
1683 1792 1881 1830 inquinamen-

1039 1838 1076 1867 tis
1097 1838 1200 1867 vestris
1221 1841 1271 1867 etc.
1296 1839 1330 1866 Et
1351 1838 1425 1867 dabo
1450 1839 1530 1867 vobis
1551 1847 1601 1867 cor
1621 1847 1728 1867 novum
1750 1843 1775 1867 et
1794 1839 1881 1876 spiri-

1040 1890 1101 1914 tum
1121 1894 1230 1914 nouum
1248 1894 1359 1922 ponam
1374 1885 1405 1914 in
1420 1886 1513 1914 medio
1528 1886 1624 1914 vestri.
1642 1886 1721 1914 Dabo
1736 1885 1814 1914 vobis
1832 1894 1882 1914 cor

1039 1941 1144 1961 novun]
1167 1932 1248 1966 dicit,
1270 1933 1335 1969 quia
1363 1933 1477 1961 effectus
1503 1933 1587 1961 huius
1614 1933 1758 1962 infusionis
1785 1936 1825 1961 est
1855 1933 1881 1960 in

1040 1979 1172 2008 castitatis
1189 1979 1350 2008 fortitudine
1365 1980 1500 2009 collocare
1520 1983 1547 2008 et
1568 1980 1657 2008 solum
1672 1980 1705 2008 ad
1721 1979 1882 2008 invisibilem

1040 2025 1253 2063 pulcritudinem
1270 2026 1409 2054 anhelare.
1428 2026 1515 2055 Debet
1535 2026 1608 2054 enim
1630 2026 1793 2055 erubescere
1814 2026 1882 2053 irra—

1040 2072 1183 2101 tionabiles
1205 2076 1296 2100 motus
1318 2072 1399 2100 homo
1420 2073 1492 2101 sicut
1523 2073 1605 2101 homo
1637 2081 1652 2100 a
1681 2073 1836 2109 principatu
1857 2074 1884 2100 et

1039 2119 1171 2156 dignitate
1183 2121 1228 2155 (?).
1256 2131 1268 2144 α
1284 2119 1418 2148 Dominus
1432 2120 1505 2148 enim
1524 2123 1647 2156 acceptat
1661 2120 1746 2148 amari
1767 2128 1783 2147 a
1804 2127 1883 2147 mun-

1040 2166 1081 2195 dis
1096 2178 1122 2194 ».
1145 2166 1281 2195 Accedens
1301 2174 1368 2195 vero
1389 2166 1422 2194 ad
1443 2167 1538 2195 altaris
1553 2167 1760 2195 Sacramentum
1776 2167 1817 2195 vel
1839 2174 1884 2194 eo-

1041 2221 1104 2241 rum
1120 2213 1167 2249 qui
1183 2213 1274 2242 carnis
1288 2216 1353 2242 sunt
1365 2214 1409 2249 (t),
1431 2213 1512 2242 debet
1527 2214 1612 2247 scire;
1628 2214 1700 2242 sicut
1714 2213 1780 2241 haec
1794 2213 1883 2241 omnia

1040 2260 1105 2288 dicit
1118 2260 1263 2296 Dionysius
1277 2260 1310 2288 de
1323 2260 1435 2289 Caelesti
1452 2260 1610 2289 Hierarchia
1621 2261 1644 2277 ¹2
1659 2264 1685 2289 et
1701 2260 1884 2289 Ecclesiastica

1041 2307 1068 2334 in
1097 2307 1274 2343 responsione
1302 2307 1334 2335 ad
1364 2307 1617 2335 archimandritam.
1646 2324 1684 2327 —
1710 2307 1884 2343 Ctarificans

1041 2361 1090 2389 per
1105 2353 1265 2390 sapientiam
1288 2353 1471 2386 revelantem;
1495 2354 1571 2382 Ioelis
1592 2354 1712 2382 secundo
1725 2354 1763 2381 ¹³:
1786 2352 1884 2391 Effun-

1041 2400 1111 2428 dam
1132 2400 1272 2437 spiritum
1292 2409 1389 2428 meum
1402 2409 1492 2438 super
1507 2409 1619 2429 omnem
1634 2409 1766 2433 earnem,
1781 2404 1804 2428 et
1817 2408 1885 2437 pro-

1038 2446 1201 2483 phetabunt
1220 2446 1275 2483 filu·
1296 2448 1384 2476 vestri
1397 2451 1423 2475 et
1442 2447 1520 2484 filiae
1534 2452 1646 2476 vestrae
1661 2451 1711 2476 etc.
1728 2446 1885 2484 Effundam

203 2611 211 2624 ¹
229 2612 359 2639 Respicitur
376 2612 453 2634 Matth.
471 2612 511 2638 18,
531 2612 566 2633 ts.
584 2615 606 2634 et
623 2614 702 2640 postea
719 2612 773 2635 Luc¹
792 2613 828 2639 to,
848 2613 884 2634 19.

204 2649 212 2662 ²
231 2651 296 2673 Vers.
314 2651 351 2673 44.

204 2687 213 2701 ³
230 2688 292 2711 Libr.
309 2689 378 2711 XXII.
397 2695 417 2711 c.
434 2689 472 2711 20.
484 2695 507 2710 n.
525 2689 547 2711 3.

204 2727 214 2740 ⁴²
232 2729 262 2750 lta
279 2728 307 2754 F;
326 2728 433 2750 Vaticana
452 2727 521 2750 habet
538 2727 687 2751 humilitatis.

205 2766 214 2779 ⁵
231 2767 261 2789 Ex
279 2768 297 2789 A
314 2767 352 2789 sol.
370 2768 413 2789 ’126
432 2773 443 2789 r
460 2770 482 2790 et
499 2768 515 2789 B
533 2768 569 2789 fol.
587 2767 616 2789 52
635 2774 667 2794 r.;
684 2767 725 2790 sed
743 2767 764 2789 in
783 2768 799 2790 Β
816 2767 913 2790 habetur
938 2767 987 2790 bre-

143 2806 207 2832 vius,
224 2806 265 2834 qui
281 2806 396 2828 interdum
415 2809 490 2828 tamen
508 2807 595 2835 aliquid
612 2806 676 2829 addit
696 2807 731 2828 vel
753 2809 885 2829 commutat.
904 2807 988 2829 Variae

144 2845 287 2871 corruptelae
304 2845 327 2866 in
345 2845 362 2866 Α
380 2844 438 2867 bene
454 2845 538 2872 corrigi
556 2851 600 2867 non
619 2848 756 2873 potuerunt,
769 2845 833 2873 quod
845 2846 909 2873 plura
922 2846 987 2873 signa

144 2883 305 2910 interrogativa
324 2883 431 2906 indicant.
777 2882 787 2895 ⁴³
804 2884 871 2906 Zach.
890 2885 931 2912 ⁴2,
951 2884 988 2906 40.

206 2920 214 2933 ⁷
233 2921 310 2944 Verba
328 2922 425 2945 Fratres
450 2922 507 2949 mei,
530 2922 659 2945 attendenti
682 2924 724 2944 etc.
750 2928 824 2951 usque
848 2923 877 2945 ad
906 2922 989 2952 Effun-

144 2960 200 2983 dam
218 2964 275 2987 etc„
293 2961 376 2983 desunt
392 2961 414 2982 in
432 2961 457 2982 Β.

1106 2611 1115 2624 ⁸
1132 2613 1188 2635 Gen.
1206 2613 1227 2640 2,
1246 2612 1286 2639 v105
1305 2612 1357 2634 dein
1381 2612 1484 2640 sequitur
1509 2613 1589 2634 Esther
1617 2612 1656 2640 10,
1674 2612 1701 2634 6:
1719 2613 1804 2634 Parvus
1822 2612 1885 2639 sons,

1044 2652 1083 2680 qui
1101 2652 1174 2674 crevit
1190 2652 1212 2674 in
1225 2652 1323 2674 fluvium
1335 2654 1357 2674 et
1369 2652 1392 2673 in
1408 2652 1483 2674 lucem
1501 2652 1621 2680 solemque
1637 2657 1764 2674 conversus
1781 2653 1825 2679 θεὶς
1844 2651 1883 2672 cfr.

1044 2697 1064 2713 c,
1085 2690 1123 2717 ll,
1145 2690 1178 2712 10.

1108 2728 1117 2740 ⁹
1134 2729 1206 2757 Apoc.
1223 2730 1261 2756 22,
1279 2729 1304 2757 ’1;
1321 2732 1450 2757 sequuntur
1467 2730 1522 2751 Gen.
1541 2730 1583 2757 46,
1604 2729 1643 2756 143
1660 2728 1723 2751 Cant.
1743 2728 1767 2755 4,
1785 2729 1826 2754 ·15;
1846 2727 1886 2749 lob

1046 2769 1067 2795 l,
1085 2769 1122 2790 l19.
1140 2772 1161 2791 et
1177 2769 1231 2791 Luc.
1250 2769 1287 2795 42,
1305 2769 1342 2791 55.

1107 2806 1127 2819 ¹⁰
1144 2807 1190 2830 Cfr.
1209 2808 1266 2829 Gen.
1284 2808 1310 2835 3,
1328 2808 1354 2835 8;
1371 2810 1499 2836 sequuntur
1512 2808 1548 2830 lV.
1563 2809 1619 2835 Reg.
1637 2808 1662 2835 3,
1681 2808 1721 2834 46;
1739 2807 1807 2829 ludic.
1825 2806 1852 2832 7,
1865 2806 1886 2828 5.

1045 2848 1067 2868 et
1084 2846 1147 2869 Cant.
1165 2847 1191 2873 2,
1211 2846 1232 2869 t.
1251 2853 1277 2868 ac
1294 2847 1415 2874 respicitur
1433 2847 1464 2868 111.
1482 2847 1537 2874 Reg.
1557 2847 1599 2873 20,
1618 2847 1654 2868 13.

1108 2884 1127 2897 ¹¹
1146 2886 1210 2907 Vers.
1229 2886 1265 2907 25.
1283 2892 1331 2914 seq.
1350 2898 1378 2901 —
1397 2886 1438 2907 Pro
1454 2886 1608 2908 renovantem
1625 2886 1641 2907 B
1658 2886 1803 2908 renovatam.

1108 2923 1128 2936 ¹2
1145 2924 1200 2951 Cap.
1218 2925 1239 2946 2.
1257 2923 1270 2951 S
1287 2924 1312 2952 [ις
1330 2927 1351 2946 et
1369 2925 1397 2946 de
1415 2924 1542 2946 Ecclesiast.
1558 2925 1674 2946 Hierarch.
1692 2930 1712 2946 c.
1727 2925 1747 2946 5.
1762 2930 1784 2951 p.
1796 2924 1829 2945 lll.
1841 2922 1854 2951 S
1866 2924 1887 2945 2.

1112 2961 1131 2974 ¹⁵
1149 2962 1215 2984 Vei-s.
1232 2962 1268 2983 28.
1286 2974 1316 2978 -
1335 2963 1376 2984 Pro
1393 2962 1536 2985 revelantem
1553 2963 1569 2984 B
1586 2962 1721 2985 revelatam.

1887 270 1965 294 Figurae
1977 272 2006 291 12.

1892 1009 1963 1028 Sermo.

1895 1194 1971 1215 Divisio.

1896 1520 1941 1539 Pars
1953 1521 1967 1539 Ι.
1980 1521 2016 1540 De-

1892 1544 1972 1563 claratur
1980 1544 2015 1563 lai·-

1896 1568 1951 1590 gissua
1967 1573 2012 1591 qua-

1893 1591 2011 1615 urupliciter.

1896 1660 1928 1679 Est
1939 1661 2012 1680 muudi-

1923 1684 1986 1703 ficana.

1898 2314 2011 2333 Clarifieans.
