<?xml version="1.0" encoding="UTF-8"?>
<!DOCTYPE html PUBLIC "-//W3C//DTD XHTML 1.0 Transitional//EN"
    "http://www.w3.org/TR/xhtml1/DTD/xhtml1-transitional.dtd">
<html xmlns="http://www.w3.org/1999/xhtml" xml:lang="en" lang="en">
 <head>
  <title>
</title>
<meta http-equiv="Content-Type" content="text/html;charset=utf-8" />
  <meta name='ocr-system' content='tesseract 3.04.00' />
  <meta name='ocr-capabilities' content='ocr_page ocr_carea ocr_par ocr_line ocrx_word'/>
</head>
<body>
  <div class='ocr_page' id='page_1' title='image "./doctorisseraphic09bona_0324.png"; bbox 0 0 2243 3348; ppageno 0'>
   <div class='ocr_carea' id='block_1_1' title="bbox 361 214 417 242">
    <p class='ocr_par' dir='ltr' id='par_1_1' title="bbox 361 214 417 242">
     <span class='ocr_line' id='line_1_1' title="bbox 361 214 417 242; baseline 0 0"><span class='ocrx_word' id='word_1_1' title='bbox 361 214 417 242; x_wconf 73' lang='lat' dir='ltr'>29ss</span> 
     </span>
    </p>
   </div>
   <div class='ocr_carea' id='block_1_2' title="bbox 361 284 1208 421">
    <p class='ocr_par' dir='ltr' id='par_1_2' title="bbox 361 284 1208 421">
     <span class='ocr_line' id='line_1_2' title="bbox 361 284 1208 328; baseline -0.011 -7"><span class='ocrx_word' id='word_1_2' title='bbox 361 291 484 328; x_wconf 87' lang='lat' dir='ltr'>prudens</span> <span class='ocrx_word' id='word_1_3' title='bbox 505 294 598 328; x_wconf 88' lang='lat' dir='ltr'>pastor</span> <span class='ocrx_word' id='word_1_4' title='bbox 620 298 673 318; x_wconf 91' lang='lat' dir='ltr'>non</span> <span class='ocrx_word' id='word_1_5' title='bbox 689 289 782 326; x_wconf 87' lang='lat' dir='ltr'>posuit</span> <span class='ocrx_word' id='word_1_6' title='bbox 800 288 918 316; x_wconf 90' lang='lat' dir='ltr'>animam</span> <span class='ocrx_word' id='word_1_7' title='bbox 940 294 1018 315; x_wconf 90' lang='lat' dir='ltr'>suam</span> <span class='ocrx_word' id='word_1_8' title='bbox 1038 293 1089 322; x_wconf 92' lang='lat' dir='ltr'>pro</span> <span class='ocrx_word' id='word_1_9' title='bbox 1110 284 1208 313; x_wconf 90' lang='lat' dir='ltr'>ovibus</span> 
     </span>
     <span class='ocr_line' id='line_1_3' title="bbox 361 332 1207 374; baseline -0.011 -7"><span class='ocrx_word' id='word_1_10' title='bbox 361 338 457 367; x_wconf 85' lang='lat' dir='ltr'>alienis</span> <span class='ocrx_word' id='word_1_11' title='bbox 478 346 527 374; x_wconf 91' lang='lat' dir='ltr'>per</span> <span class='ocrx_word' id='word_1_12' title='bbox 548 336 798 366; x_wconf 75' lang='lat' dir='ltr'>dissimilitudinem</span> <span class='ocrx_word' id='word_1_13' title='bbox 824 334 912 367; x_wconf 84' lang='lat' dir='ltr'>vitae,</span> <span class='ocrx_word' id='word_1_14' title='bbox 934 336 966 361; x_wconf 93' lang='lat' dir='ltr'>ut</span> <span class='ocrx_word' id='word_1_15' title='bbox 986 340 1032 361; x_wconf 84' lang='lat' dir='ltr'>eas</span> <span class='ocrx_word' id='word_1_16' title='bbox 1060 332 1207 365; x_wconf 86' lang='lat' dir='ltr'>liberaret,</span> 
     </span>
     <span class='ocr_line' id='line_1_4' title="bbox 362 380 1208 421; baseline -0.011 -8"><span class='ocrx_word' id='word_1_17' title='bbox 362 384 408 413; x_wconf 87' lang='lat' dir='ltr'>sed</span> <span class='ocrx_word' id='word_1_18' title='bbox 431 392 481 421; x_wconf 88' lang='lat' dir='ltr'>pro</span> <span class='ocrx_word' id='word_1_19' title='bbox 502 384 600 412; x_wconf 88' lang='lat' dir='ltr'>ovibus</span> <span class='ocrx_word' id='word_1_20' title='bbox 621 383 694 416; x_wconf 85' lang='lat' dir='ltr'>suis,</span> <span class='ocrx_word' id='word_1_21' title='bbox 717 388 787 418; x_wconf 91' lang='lat' dir='ltr'>quae</span> <span class='ocrx_word' id='word_1_22' title='bbox 816 380 957 408; x_wconf 73' lang='lat' dir='ltr'>Christum</span> <span class='ocrx_word' id='word_1_23' title='bbox 980 380 1138 414; x_wconf 87' lang='lat' dir='ltr'>sequuntur</span> <span class='ocrx_word' id='word_1_24' title='bbox 1166 384 1208 405; x_wconf 89' lang='grc'>56-</span> 
     </span>
    </p>
   </div>
   <div class='ocr_carea' id='block_1_3' title="bbox 230 423 1209 466">
    <p class='ocr_par' dir='ltr' id='par_1_3' title="bbox 230 423 1209 466">
     <span class='ocr_line' id='line_1_5' title="bbox 230 423 1209 466; baseline -0.01 -6"><span class='ocrx_word' id='word_1_25' title='bbox 230 438 345 457; x_wconf 77' lang='lat' dir='ltr'>Suhdivisio-</span> <span class='ocrx_word' id='word_1_26' title='bbox 362 431 484 460; x_wconf 88' lang='lat' dir='ltr'>cundum</span> <span class='ocrx_word' id='word_1_27' title='bbox 507 430 641 466; x_wconf 79' lang='lat' dir='ltr'>triplicem</span> <span class='ocrx_word' id='word_1_28' title='bbox 664 427 859 464; x_wconf 79' lang='lat' dir='ltr'>proprietatem</span> <span class='ocrx_word' id='word_1_29' title='bbox 882 425 948 454; x_wconf 80' lang='lat' dir='ltr'>ovis.</span> <span class='ocrx_word' id='word_1_30' title='bbox 965 425 1030 453; x_wconf 89' lang='lat' dir='ltr'>Nam</span> <span class='ocrx_word' id='word_1_31' title='bbox 1052 423 1111 452; x_wconf 90' lang='lat' dir='ltr'>ovis</span> <span class='ocrx_word' id='word_1_32' title='bbox 1126 423 1209 451; x_wconf 87' lang='lat' dir='ltr'>habet</span> 
     </span>
    </p>
   </div>
   <div class='ocr_carea' id='block_1_4' title="bbox 362 470 1211 975">
    <p class='ocr_par' dir='ltr' id='par_1_4' title="bbox 362 470 1211 975">
     <span class='ocr_line' id='line_1_6' title="bbox 362 470 1208 514; baseline -0.011 -8"><span class='ocrx_word' id='word_1_33' title='bbox 362 477 575 514; x_wconf 71' lang='lat' dir='ltr'>simplicitatem</span> <span class='ocrx_word' id='word_1_34' title='bbox 597 474 767 503; x_wconf 80' lang='lat' dir='ltr'>innocentiae</span> <span class='ocrx_word' id='word_1_35' title='bbox 789 473 815 500; x_wconf 90' lang='lat' dir='ltr'>in</span> <span class='ocrx_word' id='word_1_36' title='bbox 845 480 899 500; x_wconf 88' lang='lat' dir='ltr'>non</span> <span class='ocrx_word' id='word_1_37' title='bbox 927 470 1075 504; x_wconf 82' lang='lat' dir='ltr'>laedendO,</span> <span class='ocrx_word' id='word_1_38' title='bbox 1097 473 1208 498; x_wconf 71' lang='lat' dir='ltr'>tracta-</span> 
     </span>
     <span class='ocr_line' id='line_1_7' title="bbox 363 517 1208 559; baseline -0.009 -7"><span class='ocrx_word' id='word_1_39' title='bbox 363 524 499 552; x_wconf 77' lang='lat' dir='ltr'>bilitatem</span> <span class='ocrx_word' id='word_1_40' title='bbox 528 522 673 559; x_wconf 88' lang='lat' dir='ltr'>patientiae</span> <span class='ocrx_word' id='word_1_41' title='bbox 702 520 729 548; x_wconf 91' lang='lat' dir='ltr'>in</span> <span class='ocrx_word' id='word_1_42' title='bbox 757 519 918 548; x_wconf 88' lang='lat' dir='ltr'>sustinendo</span> <span class='ocrx_word' id='word_1_43' title='bbox 943 521 970 547; x_wconf 89' lang='lat' dir='ltr'>et</span> <span class='ocrx_word' id='word_1_44' title='bbox 1000 517 1208 555; x_wconf 83' lang='lat' dir='ltr'>fecunditatem</span> 
     </span>
     <span class='ocr_line' id='line_1_8' title="bbox 363 563 1208 605; baseline -0.008 -7"><span class='ocrx_word' id='word_1_45' title='bbox 363 569 541 605; x_wconf 82' lang='lat' dir='ltr'>multiplicem</span> <span class='ocrx_word' id='word_1_46' title='bbox 563 568 589 595; x_wconf 91' lang='lat' dir='ltr'>in</span> <span class='ocrx_word' id='word_1_47' title='bbox 611 566 812 595; x_wconf 78' lang='lat' dir='ltr'>fructificando.</span> <span class='ocrx_word' id='word_1_48' title='bbox 836 565 885 593; x_wconf 92' lang='lat' dir='ltr'>Per</span> <span class='ocrx_word' id='word_1_49' title='bbox 901 565 985 593; x_wconf 90' lang='lat' dir='ltr'>istum</span> <span class='ocrx_word' id='word_1_50' title='bbox 1007 563 1118 592; x_wconf 91' lang='lat' dir='ltr'>modum</span> <span class='ocrx_word' id='word_1_51' title='bbox 1142 563 1208 591; x_wconf 87' lang='lat' dir='ltr'>istae</span> 
     </span>
     <span class='ocr_line' id='line_1_9' title="bbox 362 609 1210 649; baseline -0.008 -5"><span class='ocrx_word' id='word_1_52' title='bbox 362 618 427 644; x_wconf 88' lang='lat' dir='ltr'>sunt</span> <span class='ocrx_word' id='word_1_53' title='bbox 448 622 513 643; x_wconf 85' lang='lat' dir='ltr'>oves</span> <span class='ocrx_word' id='word_1_54' title='bbox 534 621 614 646; x_wconf 86' lang='lat' dir='ltr'>suae,</span> <span class='ocrx_word' id='word_1_55' title='bbox 637 620 687 649; x_wconf 90' lang='lat' dir='ltr'>pro</span> <span class='ocrx_word' id='word_1_56' title='bbox 709 619 828 648; x_wconf 87' lang='lat' dir='ltr'>quarum</span> <span class='ocrx_word' id='word_1_57' title='bbox 845 610 1006 639; x_wconf 76' lang='lat' dir='ltr'>liberatione</span> <span class='ocrx_word' id='word_1_58' title='bbox 1029 609 1151 646; x_wconf 87' lang='lat' dir='ltr'>prudeus</span> <span class='ocrx_word' id='word_1_59' title='bbox 1165 617 1210 646; x_wconf 89' lang='lat' dir='ltr'>pa-</span> 
     </span>
     <span class='ocr_line' id='line_1_10' title="bbox 363 655 1208 696; baseline -0.008 -6"><span class='ocrx_word' id='word_1_60' title='bbox 363 665 420 690; x_wconf 86' lang='lat' dir='ltr'>stor</span> <span class='ocrx_word' id='word_1_61' title='bbox 441 661 568 689; x_wconf 87' lang='lat' dir='ltr'>Christus</span> <span class='ocrx_word' id='word_1_62' title='bbox 590 659 681 696; x_wconf 83' lang='lat' dir='ltr'>posuit</span> <span class='ocrx_word' id='word_1_63' title='bbox 703 658 821 686; x_wconf 88' lang='lat' dir='ltr'>animam</span> <span class='ocrx_word' id='word_1_64' title='bbox 838 665 934 690; x_wconf 87' lang='lat' dir='ltr'>suam,</span> <span class='ocrx_word' id='word_1_65' title='bbox 949 664 1020 693; x_wconf 83' lang='lat' dir='ltr'>quae</span> <span class='ocrx_word' id='word_1_66' title='bbox 1042 656 1145 684; x_wconf 87' lang='lat' dir='ltr'>habent</span> <span class='ocrx_word' id='word_1_67' title='bbox 1160 655 1208 684; x_wconf 88' lang='lat' dir='ltr'>tri-</span> 
     </span>
     <span class='ocr_line' id='line_1_11' title="bbox 362 703 1209 745; baseline -0.007 -9"><span class='ocrx_word' id='word_1_68' title='bbox 362 708 459 745; x_wconf 83' lang='lat' dir='ltr'>plicem</span> <span class='ocrx_word' id='word_1_69' title='bbox 474 707 671 744; x_wconf 77' lang='lat' dir='ltr'>proprietatem</span> <span class='ocrx_word' id='word_1_70' title='bbox 687 704 871 742; x_wconf 80' lang='lat' dir='ltr'>praedictam:</span> <span class='ocrx_word' id='word_1_71' title='bbox 885 704 983 741; x_wconf 91' lang='lat' dir='ltr'>primo,</span> <span class='ocrx_word' id='word_1_72' title='bbox 994 703 1209 740; x_wconf 80' lang='lat' dir='ltr'>simplicitatem</span> 
     </span>
     <span class='ocr_line' id='line_1_12' title="bbox 362 750 1210 789; baseline -0.007 -6"><span class='ocrx_word' id='word_1_73' title='bbox 362 753 542 783; x_wconf 71' lang='lat' dir='ltr'>innocentiae</span> <span class='ocrx_word' id='word_1_74' title='bbox 563 760 612 789; x_wconf 88' lang='lat' dir='ltr'>per</span> <span class='ocrx_word' id='word_1_75' title='bbox 640 751 834 780; x_wconf 78' lang='lat' dir='ltr'>rectitudinem</span> <span class='ocrx_word' id='word_1_76' title='bbox 856 758 943 787; x_wconf 87' lang='lat' dir='ltr'>purae</span> <span class='ocrx_word' id='word_1_77' title='bbox 971 750 1145 784; x_wconf 82' lang='lat' dir='ltr'>intentionis3</span> <span class='ocrx_word' id='word_1_78' title='bbox 1168 757 1210 778; x_wconf 89' lang='lat' dir='ltr'>se-</span> 
     </span>
     <span class='ocr_line' id='line_1_13' title="bbox 363 795 1208 834; baseline -0.007 -5"><span class='ocrx_word' id='word_1_79' title='bbox 363 800 468 833; x_wconf 85' lang='lat' dir='ltr'>cund0,</span> <span class='ocrx_word' id='word_1_80' title='bbox 498 798 735 828; x_wconf 68' lang='lat' dir='ltr'>{motabilitatem</span> <span class='ocrx_word' id='word_1_81' title='bbox 764 797 924 834; x_wconf 74' lang='lat' dir='ltr'>patientiae</span> <span class='ocrx_word' id='word_1_82' title='bbox 955 804 1004 833; x_wconf 91' lang='lat' dir='ltr'>per</span> <span class='ocrx_word' id='word_1_83' title='bbox 1036 795 1208 824; x_wconf 79' lang='lat' dir='ltr'>tolerantiam</span> 
     </span>
     <span class='ocr_line' id='line_1_14' title="bbox 363 842 1210 881; baseline -0.006 -6"><span class='ocrx_word' id='word_1_84' title='bbox 363 846 535 875; x_wconf 86' lang='lat' dir='ltr'>omnimodae</span> <span class='ocrx_word' id='word_1_85' title='bbox 556 845 757 879; x_wconf 75' lang='lat' dir='ltr'>tribulationis:</span> <span class='ocrx_word' id='word_1_86' title='bbox 781 844 878 878; x_wconf 87' lang='lat' dir='ltr'>tertio,</span> <span class='ocrx_word' id='word_1_87' title='bbox 898 843 1106 881; x_wconf 80' lang='lat' dir='ltr'>fecunditatem</span> <span class='ocrx_word' id='word_1_88' title='bbox 1135 842 1210 871; x_wconf 88' lang='lat' dir='ltr'>mul-</span> 
     </span>
     <span class='ocr_line' id='line_1_15' title="bbox 364 889 1143 930; baseline -0.006 -8"><span class='ocrx_word' id='word_1_89' title='bbox 364 893 487 930; x_wconf 79' lang='lat' dir='ltr'>tiplicem</span> <span class='ocrx_word' id='word_1_90' title='bbox 509 900 558 929; x_wconf 91' lang='lat' dir='ltr'>per</span> <span class='ocrx_word' id='word_1_91' title='bbox 581 891 836 928; x_wconf 87' lang='lat' dir='ltr'>multiplicationem</span> <span class='ocrx_word' id='word_1_92' title='bbox 859 890 947 919; x_wconf 89' lang='lat' dir='ltr'>bonae</span> <span class='ocrx_word' id='word_1_93' title='bbox 967 889 1143 927; x_wconf 86' lang='lat' dir='ltr'>operationis.</span> 
     </span>
     <span class='ocr_line' id='line_1_16' title="bbox 444 937 1211 975; baseline -0.004 -8"><span class='ocrx_word' id='word_1_94' title='bbox 444 940 534 968; x_wconf 88' lang='lat' dir='ltr'>Primo</span> <span class='ocrx_word' id='word_1_95' title='bbox 562 947 629 975; x_wconf 84' lang='lat' dir='ltr'>ergo</span> <span class='ocrx_word' id='word_1_96' title='bbox 657 938 785 966; x_wconf 89' lang='lat' dir='ltr'>Christus</span> <span class='ocrx_word' id='word_1_97' title='bbox 813 937 911 966; x_wconf 91' lang='lat' dir='ltr'>liberat</span> <span class='ocrx_word' id='word_1_98' title='bbox 938 944 1004 965; x_wconf 84' lang='lat' dir='ltr'>oves</span> <span class='ocrx_word' id='word_1_99' title='bbox 1031 944 1111 970; x_wconf 88' lang='lat' dir='ltr'>suas,</span> <span class='ocrx_word' id='word_1_100' title='bbox 1140 943 1211 972; x_wconf 87' lang='lat' dir='ltr'>quae</span> 
     </span>
    </p>
   </div>
   <div class='ocr_carea' id='block_1_5' title="bbox 226 982 1211 1023">
    <p class='ocr_par' dir='ltr' id='par_1_5' title="bbox 226 982 1211 1023">
     <span class='ocr_line' id='line_1_17' title="bbox 226 982 1211 1023; baseline -0.004 -9"><span class='ocrx_word' id='word_1_101' title='bbox 226 994 349 1014; x_wconf 69' lang='lat' dir='ltr'>oememnro</span> <span class='ocrx_word' id='word_1_102' title='bbox 364 986 467 1015; x_wconf 87' lang='lat' dir='ltr'>habent</span> <span class='ocrx_word' id='word_1_103' title='bbox 490 985 704 1023; x_wconf 80' lang='lat' dir='ltr'>simplicitatem</span> <span class='ocrx_word' id='word_1_104' title='bbox 732 984 912 1012; x_wconf 69' lang='lat' dir='ltr'>innocentiae</span> <span class='ocrx_word' id='word_1_105' title='bbox 939 990 988 1020; x_wconf 90' lang='lat' dir='ltr'>per</span> <span class='ocrx_word' id='word_1_106' title='bbox 1018 982 1211 1011; x_wconf 84' lang='lat' dir='ltr'>rectitudinem</span> 
     </span>
    </p>
   </div>
   <div class='ocr_carea' id='block_1_6' title="bbox 255 1018 323 1042">
    <p class='ocr_par' dir='ltr' id='par_1_6' title="bbox 255 1018 323 1042">
     <span class='ocr_line' id='line_1_18' title="bbox 255 1018 323 1042; baseline -0.015 -5"><span class='ocrx_word' id='word_1_107' title='bbox 255 1018 323 1042; x_wconf 84' lang='lat' dir='ltr'>primo.</span> 
     </span>
    </p>
   </div>
   <div class='ocr_carea' id='block_1_7' title="bbox 364 1029 1214 1579">
    <p class='ocr_par' dir='ltr' id='par_1_7' title="bbox 364 1029 1214 1579">
     <span class='ocr_line' id='line_1_19' title="bbox 364 1029 1211 1070; baseline -0.005 -9"><span class='ocrx_word' id='word_1_108' title='bbox 364 1041 451 1070; x_wconf 88' lang='lat' dir='ltr'>purae</span> <span class='ocrx_word' id='word_1_109' title='bbox 473 1031 639 1061; x_wconf 87' lang='lat' dir='ltr'>intentionis.</span> <span class='ocrx_word' id='word_1_110' title='bbox 670 1031 716 1059; x_wconf 90' lang='lat' dir='ltr'>Illa</span> <span class='ocrx_word' id='word_1_111' title='bbox 743 1030 815 1059; x_wconf 90' lang='lat' dir='ltr'>enim</span> <span class='ocrx_word' id='word_1_112' title='bbox 844 1030 936 1058; x_wconf 87' lang='lat' dir='ltr'>anima</span> <span class='ocrx_word' id='word_1_113' title='bbox 963 1032 1005 1058; x_wconf 92' lang='lat' dir='ltr'>est</span> <span class='ocrx_word' id='word_1_114' title='bbox 1032 1029 1110 1066; x_wconf 85' lang='lat' dir='ltr'>quasi</span> <span class='ocrx_word' id='word_1_115' title='bbox 1136 1029 1211 1063; x_wconf 87' lang='lat' dir='ltr'>ovis,</span> 
     </span>
     <span class='ocr_line' id='line_1_20' title="bbox 364 1075 1211 1116; baseline -0.005 -8"><span class='ocrx_word' id='word_1_116' title='bbox 364 1088 435 1116; x_wconf 88' lang='lat' dir='ltr'>quae</span> <span class='ocrx_word' id='word_1_117' title='bbox 457 1079 490 1108; x_wconf 85' lang='lat' dir='ltr'>ad</span> <span class='ocrx_word' id='word_1_118' title='bbox 511 1079 623 1107; x_wconf 90' lang='lat' dir='ltr'>modum</span> <span class='ocrx_word' id='word_1_119' title='bbox 645 1078 704 1106; x_wconf 91' lang='lat' dir='ltr'>ovis</span> <span class='ocrx_word' id='word_1_120' title='bbox 719 1077 871 1106; x_wconf 90' lang='lat' dir='ltr'>innocentis</span> <span class='ocrx_word' id='word_1_121' title='bbox 886 1076 963 1105; x_wconf 90' lang='lat' dir='ltr'>nulla</span> <span class='ocrx_word' id='word_1_122' title='bbox 983 1076 1066 1105; x_wconf 90' lang='lat' dir='ltr'>habet</span> <span class='ocrx_word' id='word_1_123' title='bbox 1086 1084 1164 1104; x_wconf 87' lang='lat' dir='ltr'>arma</span> <span class='ocrx_word' id='word_1_124' title='bbox 1178 1075 1211 1104; x_wconf 88' lang='lat' dir='ltr'>ad</span> 
     </span>
     <span class='ocr_line' id='line_1_21' title="bbox 364 1122 1211 1163; baseline -0.006 -8"><span class='ocrx_word' id='word_1_125' title='bbox 364 1126 599 1163; x_wconf 88' lang='lat' dir='ltr'>impugnandum,</span> <span class='ocrx_word' id='word_1_126' title='bbox 614 1133 668 1153; x_wconf 86' lang='lat' dir='ltr'>non</span> <span class='ocrx_word' id='word_1_127' title='bbox 684 1132 789 1153; x_wconf 90' lang='lat' dir='ltr'>cornua</span> <span class='ocrx_word' id='word_1_128' title='bbox 804 1123 966 1160; x_wconf 85' lang='lat' dir='ltr'>superbiae,</span> <span class='ocrx_word' id='word_1_129' title='bbox 982 1131 1036 1151; x_wconf 91' lang='lat' dir='ltr'>non</span> <span class='ocrx_word' id='word_1_130' title='bbox 1052 1123 1140 1151; x_wconf 89' lang='lat' dir='ltr'>calces</span> <span class='ocrx_word' id='word_1_131' title='bbox 1154 1122 1211 1150; x_wconf 83' lang='lat' dir='ltr'>vio—</span> 
     </span>
     <span class='ocr_line' id='line_1_22' title="bbox 365 1169 1211 1207; baseline -0.005 -6"><span class='ocrx_word' id='word_1_132' title='bbox 365 1173 477 1207; x_wconf 83' lang='lat' dir='ltr'>lentiae,</span> <span class='ocrx_word' id='word_1_133' title='bbox 499 1180 552 1200; x_wconf 91' lang='lat' dir='ltr'>non</span> <span class='ocrx_word' id='word_1_134' title='bbox 575 1172 671 1200; x_wconf 87' lang='lat' dir='ltr'>dentes</span> <span class='ocrx_word' id='word_1_135' title='bbox 692 1170 879 1203; x_wconf 80' lang='lat' dir='ltr'>crudelitatis,</span> <span class='ocrx_word' id='word_1_136' title='bbox 901 1178 955 1198; x_wconf 93' lang='lat' dir='ltr'>non</span> <span class='ocrx_word' id='word_1_137' title='bbox 977 1177 1085 1206; x_wconf 87' lang='lat' dir='ltr'>ungues</span> <span class='ocrx_word' id='word_1_138' title='bbox 1106 1169 1211 1205; x_wconf 89' lang='lat' dir='ltr'>rapaci-</span> 
     </span>
     <span class='ocr_line' id='line_1_23' title="bbox 365 1215 1212 1253; baseline -0.006 -5"><span class='ocrx_word' id='word_1_139' title='bbox 365 1220 442 1253; x_wconf 85' lang='lat' dir='ltr'>tatis,</span> <span class='ocrx_word' id='word_1_140' title='bbox 465 1227 519 1247; x_wconf 91' lang='lat' dir='ltr'>non</span> <span class='ocrx_word' id='word_1_141' title='bbox 542 1226 679 1247; x_wconf 87' lang='lat' dir='ltr'>venenum</span> <span class='ocrx_word' id='word_1_142' title='bbox 700 1216 886 1253; x_wconf 80' lang='lat' dir='ltr'>malignitatis.</span> <span class='ocrx_word' id='word_1_143' title='bbox 903 1217 1017 1252; x_wconf 87' lang='lat' dir='ltr'>Propter</span> <span class='ocrx_word' id='word_1_144' title='bbox 1038 1216 1090 1244; x_wconf 88' lang='lat' dir='ltr'>hoc</span> <span class='ocrx_word' id='word_1_145' title='bbox 1106 1215 1212 1244; x_wconf 91' lang='lat' dir='ltr'>ratione</span> 
     </span>
     <span class='ocr_line' id='line_1_24' title="bbox 364 1261 1212 1302; baseline -0.007 -7"><span class='ocrx_word' id='word_1_146' title='bbox 364 1267 445 1295; x_wconf 87' lang='lat' dir='ltr'>istius</span> <span class='ocrx_word' id='word_1_147' title='bbox 466 1265 643 1302; x_wconf 82' lang='lat' dir='ltr'>proprietatis</span> <span class='ocrx_word' id='word_1_148' title='bbox 667 1263 839 1292; x_wconf 81' lang='lat' dir='ltr'>innocentiae</span> <span class='ocrx_word' id='word_1_149' title='bbox 863 1262 971 1291; x_wconf 80' lang='lat' dir='ltr'>dicebat</span> <span class='ocrx_word' id='word_1_150' title='bbox 996 1261 1081 1290; x_wconf 89' lang='lat' dir='ltr'>David</span> <span class='ocrx_word' id='word_1_151' title='bbox 1109 1262 1143 1290; x_wconf 90' lang='lat' dir='ltr'>de</span> <span class='ocrx_word' id='word_1_152' title='bbox 1165 1270 1212 1298; x_wconf 91' lang='lat' dir='ltr'>po-</span> 
     </span>
     <span class='ocr_line' id='line_1_25' title="bbox 365 1308 1214 1350; baseline -0.007 -8"><span class='ocrx_word' id='word_1_153' title='bbox 365 1314 430 1350; x_wconf 89' lang='lat' dir='ltr'>pulo</span> <span class='ocrx_word' id='word_1_154' title='bbox 452 1320 503 1341; x_wconf 88' lang='lat' dir='ltr'>suo</span> <span class='ocrx_word' id='word_1_155' title='bbox 524 1311 635 1340; x_wconf 86' lang='lat' dir='ltr'>secundi</span> <span class='ocrx_word' id='word_1_156' title='bbox 653 1312 756 1348; x_wconf 85' lang='lat' dir='ltr'>Regum</span> <span class='ocrx_word' id='word_1_157' title='bbox 772 1310 904 1347; x_wconf 89' lang='lat' dir='ltr'>vigesimo</span> <span class='ocrx_word' id='word_1_158' title='bbox 919 1312 1019 1345; x_wconf 87' lang='lat' dir='ltr'>quarto</span> <span class='ocrx_word' id='word_1_159' title='bbox 1035 1310 1061 1336; x_wconf 95' lang='lat'>¹:</span> <span class='ocrx_word' id='word_1_160' title='bbox 1084 1308 1138 1337; x_wconf 81' lang='lat' dir='ltr'>Isti</span> <span class='ocrx_word' id='word_1_161' title='bbox 1162 1308 1214 1346; x_wconf 83' lang='lat' dir='ltr'>qui</span> 
     </span>
     <span class='ocr_line' id='line_1_26' title="bbox 365 1355 1212 1396; baseline -0.006 -8"><span class='ocrx_word' id='word_1_162' title='bbox 365 1369 429 1388; x_wconf 76' lang='lat' dir='ltr'>oues</span> <span class='ocrx_word' id='word_1_163' title='bbox 459 1362 544 1392; x_wconf 84' lang='lat' dir='ltr'>sunt,</span> <span class='ocrx_word' id='word_1_164' title='bbox 573 1358 644 1396; x_wconf 80' lang='lat' dir='ltr'>quid</span> <span class='ocrx_word' id='word_1_165' title='bbox 664 1357 817 1394; x_wconf 73' lang='lat' dir='ltr'>fecerunt?</span> <span class='ocrx_word' id='word_1_166' title='bbox 846 1357 925 1393; x_wconf 83' lang='lat' dir='ltr'>quasi</span> <span class='ocrx_word' id='word_1_167' title='bbox 947 1356 1035 1385; x_wconf 87' lang='lat' dir='ltr'>dicat:</span> <span class='ocrx_word' id='word_1_168' title='bbox 1057 1356 1126 1383; x_wconf 88' lang='lat' dir='ltr'>nihil</span> <span class='ocrx_word' id='word_1_169' title='bbox 1148 1355 1212 1384; x_wconf 88' lang='lat' dir='ltr'>mali</span> 
     </span>
     <span class='ocr_line' id='line_1_27' title="bbox 365 1402 1212 1440; baseline -0.006 -5"><span class='ocrx_word' id='word_1_170' title='bbox 365 1407 571 1436; x_wconf 88' lang='lat' dir='ltr'>commiserunt.</span> <span class='ocrx_word' id='word_1_171' title='bbox 592 1406 623 1433; x_wconf 89' lang='lat' dir='ltr'>Et</span> <span class='ocrx_word' id='word_1_172' title='bbox 645 1405 697 1433; x_wconf 90' lang='grc'><strong>1106</strong></span> <span class='ocrx_word' id='word_1_173' title='bbox 718 1408 775 1438; x_wconf 87' lang='lat' dir='ltr'>est,</span> <span class='ocrx_word' id='word_1_174' title='bbox 797 1403 908 1440; x_wconf 82' lang='lat' dir='ltr'>quando</span> <span class='ocrx_word' id='word_1_175' title='bbox 927 1404 1009 1431; x_wconf 92' lang='lat' dir='ltr'>homo</span> <span class='ocrx_word' id='word_1_176' title='bbox 1032 1402 1114 1431; x_wconf 85' lang='lat' dir='ltr'>habet</span> <span class='ocrx_word' id='word_1_177' title='bbox 1136 1402 1212 1439; x_wconf 92' lang='lat' dir='ltr'>puri-</span> 
     </span>
     <span class='ocr_line' id='line_1_28' title="bbox 365 1449 1213 1486; baseline -0.006 -5"><span class='ocrx_word' id='word_1_178' title='bbox 365 1456 448 1482; x_wconf 86' lang='lat' dir='ltr'>tatem</span> <span class='ocrx_word' id='word_1_179' title='bbox 472 1453 499 1480; x_wconf 93' lang='lat' dir='ltr'>in</span> <span class='ocrx_word' id='word_1_180' title='bbox 515 1452 670 1485; x_wconf 80' lang='lat' dir='ltr'>affectione,</span> <span class='ocrx_word' id='word_1_181' title='bbox 692 1451 836 1479; x_wconf 88' lang='lat' dir='ltr'>veritatem</span> <span class='ocrx_word' id='word_1_182' title='bbox 854 1450 879 1478; x_wconf 89' lang='lat' dir='ltr'>in</span> <span class='ocrx_word' id='word_1_183' title='bbox 896 1449 1069 1486; x_wconf 88' lang='lat' dir='ltr'>operatione,</span> <span class='ocrx_word' id='word_1_184' title='bbox 1090 1452 1122 1477; x_wconf 90' lang='lat' dir='ltr'>ut</span> <span class='ocrx_word' id='word_1_185' title='bbox 1136 1449 1213 1477; x_wconf 89' lang='lat' dir='ltr'>nulla</span> 
     </span>
     <span class='ocr_line' id='line_1_29' title="bbox 364 1496 1093 1537; baseline -0.005 -9"><span class='ocrx_word' id='word_1_186' title='bbox 364 1500 510 1537; x_wconf 85' lang='lat' dir='ltr'>duplicitas</span> <span class='ocrx_word' id='word_1_187' title='bbox 531 1499 565 1527; x_wconf 91' lang='lat' dir='ltr'>sit</span> <span class='ocrx_word' id='word_1_188' title='bbox 586 1498 718 1531; x_wconf 88' lang='lat' dir='ltr'>interius,</span> <span class='ocrx_word' id='word_1_189' title='bbox 741 1497 817 1525; x_wconf 87' lang='lat' dir='ltr'>nulla</span> <span class='ocrx_word' id='word_1_190' title='bbox 837 1496 941 1525; x_wconf 88' lang='lat' dir='ltr'>falsitas</span> <span class='ocrx_word' id='word_1_191' title='bbox 959 1496 1093 1524; x_wconf 76' lang='lat' dir='ltr'>exterius.</span> 
     </span>
     <span class='ocr_line' id='line_1_30' title="bbox 443 1542 1213 1579; baseline -0.005 -5"><span class='ocrx_word' id='word_1_192' title='bbox 443 1546 568 1575; x_wconf 86' lang='lat' dir='ltr'>Secundo</span> <span class='ocrx_word' id='word_1_193' title='bbox 589 1545 716 1573; x_wconf 86' lang='lat' dir='ltr'>Christus</span> <span class='ocrx_word' id='word_1_194' title='bbox 744 1544 842 1572; x_wconf 86' lang='lat' dir='ltr'>liberat</span> <span class='ocrx_word' id='word_1_195' title='bbox 874 1550 939 1571; x_wconf 85' lang='lat' dir='ltr'>oves</span> <span class='ocrx_word' id='word_1_196' title='bbox 970 1550 1048 1576; x_wconf 91' lang='lat' dir='ltr'>suas,</span> <span class='ocrx_word' id='word_1_197' title='bbox 1072 1550 1143 1579; x_wconf 89' lang='lat' dir='ltr'>quae</span> <span class='ocrx_word' id='word_1_198' title='bbox 1165 1542 1213 1571; x_wconf 88' lang='lat' dir='ltr'>ha-</span> 
     </span>
    </p>
   </div>
   <div class='ocr_carea' id='block_1_8' title="bbox 219 1590 1213 1627">
    <p class='ocr_par' dir='ltr' id='par_1_8' title="bbox 219 1590 1213 1627">
     <span class='ocr_line' id='line_1_31' title="bbox 219 1590 1213 1627; baseline -0.004 -5"><span class='ocrx_word' id='word_1_199' title='bbox 219 1600 247 1619; x_wconf 82' lang='lat' dir='ltr'>ne</span> <span class='ocrx_word' id='word_1_200' title='bbox 260 1599 348 1618; x_wconf 73' lang='lat' dir='ltr'>seeundo·</span> <span class='ocrx_word' id='word_1_201' title='bbox 365 1594 430 1622; x_wconf 86' lang='lat' dir='ltr'>bent</span> <span class='ocrx_word' id='word_1_202' title='bbox 449 1592 684 1621; x_wconf 70' lang='lat' dir='ltr'>[motabilitatem</span> <span class='ocrx_word' id='word_1_203' title='bbox 697 1590 858 1627; x_wconf 82' lang='lat' dir='ltr'>patientiae</span> <span class='ocrx_word' id='word_1_204' title='bbox 872 1598 922 1626; x_wconf 90' lang='lat' dir='ltr'>per</span> <span class='ocrx_word' id='word_1_205' title='bbox 939 1590 1109 1618; x_wconf 85' lang='lat' dir='ltr'>tolerantiam</span> <span class='ocrx_word' id='word_1_206' title='bbox 1125 1590 1213 1618; x_wconf 86' lang='lat' dir='ltr'>omui—</span> 
     </span>
    </p>
   </div>
   <div class='ocr_carea' id='block_1_9' title="bbox 363 1637 1214 2094">
    <p class='ocr_par' dir='ltr' id='par_1_9' title="bbox 363 1637 1214 2048">
     <span class='ocr_line' id='line_1_32' title="bbox 364 1637 1213 1674; baseline -0.004 -6"><span class='ocrx_word' id='word_1_207' title='bbox 364 1640 460 1668; x_wconf 83' lang='lat' dir='ltr'>modae</span> <span class='ocrx_word' id='word_1_208' title='bbox 483 1638 678 1668; x_wconf 85' lang='lat' dir='ltr'>tribulationis.</span> <span class='ocrx_word' id='word_1_209' title='bbox 701 1637 776 1666; x_wconf 86' lang='lat' dir='ltr'>Unde</span> <span class='ocrx_word' id='word_1_210' title='bbox 798 1637 881 1665; x_wconf 82' lang='lat' dir='ltr'>Isaiae</span> <span class='ocrx_word' id='word_1_211' title='bbox 906 1637 1136 1674; x_wconf 82' lang='lat' dir='ltr'>quinquagesimo</span> <span class='ocrx_word' id='word_1_212' title='bbox 1157 1640 1213 1666; x_wconf 89' lang='lat' dir='ltr'>ter-</span> 
     </span>
     <span class='ocr_line' id='line_1_33' title="bbox 363 1683 1213 1716; baseline -0.005 -1"><span class='ocrx_word' id='word_1_213' title='bbox 363 1687 400 1715; x_wconf 85' lang='lat' dir='ltr'>tio</span> <span class='ocrx_word' id='word_1_214' title='bbox 416 1686 441 1714; x_wconf 80' lang='lat'>²:</span> <span class='ocrx_word' id='word_1_215' title='bbox 465 1685 547 1714; x_wconf 86' lang='lat' dir='ltr'>Sicut</span> <span class='ocrx_word' id='word_1_216' title='bbox 568 1684 629 1713; x_wconf 79' lang='lat' dir='ltr'>ovis</span> <span class='ocrx_word' id='word_1_217' title='bbox 644 1684 684 1712; x_wconf 84' lang='lat' dir='ltr'>ad</span> <span class='ocrx_word' id='word_1_218' title='bbox 705 1683 875 1712; x_wconf 82' lang='lat' dir='ltr'>occisionem</span> <span class='ocrx_word' id='word_1_219' title='bbox 891 1683 1031 1716; x_wconf 78' lang='lat' dir='ltr'>ducctur;</span> <span class='ocrx_word' id='word_1_220' title='bbox 1053 1683 1125 1712; x_wconf 88' lang='lat' dir='ltr'>sicut</span> <span class='ocrx_word' id='word_1_221' title='bbox 1139 1683 1213 1712; x_wconf 87' lang='lat' dir='ltr'>enim</span> 
     </span>
     <span class='ocr_line' id='line_1_34' title="bbox 363 1730 1213 1767; baseline -0.005 -5"><span class='ocrx_word' id='word_1_222' title='bbox 363 1734 437 1767; x_wconf 86' lang='lat' dir='ltr'>ovis,</span> <span class='ocrx_word' id='word_1_223' title='bbox 453 1740 516 1761; x_wconf 89' lang='lat' dir='ltr'>cum</span> <span class='ocrx_word' id='word_1_224' title='bbox 532 1732 645 1761; x_wconf 84' lang='lat' dir='ltr'>ducitur</span> <span class='ocrx_word' id='word_1_225' title='bbox 660 1731 692 1759; x_wconf 87' lang='lat' dir='ltr'>ad</span> <span class='ocrx_word' id='word_1_226' title='bbox 708 1730 871 1764; x_wconf 85' lang='lat' dir='ltr'>macellum,</span> <span class='ocrx_word' id='word_1_227' title='bbox 894 1738 947 1758; x_wconf 91' lang='lat' dir='ltr'>non</span> <span class='ocrx_word' id='word_1_228' title='bbox 964 1730 1121 1759; x_wconf 84' lang='lat' dir='ltr'>recalcitrat</span> <span class='ocrx_word' id='word_1_229' title='bbox 1135 1730 1213 1767; x_wconf 88' lang='lat' dir='ltr'>pede,</span> 
     </span>
     <span class='ocr_line' id='line_1_35' title="bbox 364 1777 1214 1813; baseline -0.004 -5"><span class='ocrx_word' id='word_1_230' title='bbox 364 1788 419 1808; x_wconf 93' lang='lat' dir='ltr'>non</span> <span class='ocrx_word' id='word_1_231' title='bbox 447 1779 555 1808; x_wconf 90' lang='lat' dir='ltr'>mordet</span> <span class='ocrx_word' id='word_1_232' title='bbox 581 1778 678 1812; x_wconf 88' lang='lat' dir='ltr'>dente,</span> <span class='ocrx_word' id='word_1_233' title='bbox 707 1785 761 1805; x_wconf 92' lang='lat' dir='ltr'>non</span> <span class='ocrx_word' id='word_1_234' title='bbox 791 1777 899 1813; x_wconf 88' lang='lat' dir='ltr'>impetit</span> <span class='ocrx_word' id='word_1_235' title='bbox 927 1785 1030 1811; x_wconf 64' lang='lat' dir='ltr'>cornu,</span> <span class='ocrx_word' id='word_1_236' title='bbox 1060 1777 1098 1805; x_wconf 88' lang='lat' dir='ltr'>sic</span> <span class='ocrx_word' id='word_1_237' title='bbox 1130 1784 1214 1805; x_wconf 86' lang='lat' dir='ltr'>verus</span> 
     </span>
     <span class='ocr_line' id='line_1_36' title="bbox 364 1823 1213 1864; baseline -0.005 -9"><span class='ocrx_word' id='word_1_238' title='bbox 364 1827 471 1864; x_wconf 89' lang='lat' dir='ltr'>patiens</span> <span class='ocrx_word' id='word_1_239' title='bbox 491 1826 525 1854; x_wconf 90' lang='lat' dir='ltr'>ad</span> <span class='ocrx_word' id='word_1_240' title='bbox 546 1825 705 1861; x_wconf 80' lang='lat' dir='ltr'>exemplum</span> <span class='ocrx_word' id='word_1_241' title='bbox 728 1823 829 1852; x_wconf 86' lang='lat' dir='ltr'>Christi</span> <span class='ocrx_word' id='word_1_242' title='bbox 851 1823 958 1860; x_wconf 88' lang='lat' dir='ltr'>positus</span> <span class='ocrx_word' id='word_1_243' title='bbox 978 1824 1005 1852; x_wconf 91' lang='lat' dir='ltr'>in</span> <span class='ocrx_word' id='word_1_244' title='bbox 1027 1823 1213 1857; x_wconf 88' lang='lat' dir='ltr'>tribulatione,</span> 
     </span>
     <span class='ocr_line' id='line_1_37' title="bbox 364 1870 1213 1906; baseline -0.005 -4"><span class='ocrx_word' id='word_1_245' title='bbox 364 1882 419 1902; x_wconf 86' lang='lat' dir='ltr'>non</span> <span class='ocrx_word' id='word_1_246' title='bbox 440 1873 521 1901; x_wconf 90' lang='lat' dir='ltr'>debet</span> <span class='ocrx_word' id='word_1_247' title='bbox 542 1879 722 1900; x_wconf 87' lang='lat' dir='ltr'>murmurare</span> <span class='ocrx_word' id='word_1_248' title='bbox 737 1871 763 1899; x_wconf 91' lang='lat' dir='ltr'>in</span> <span class='ocrx_word' id='word_1_249' title='bbox 779 1870 877 1904; x_wconf 88' lang='lat' dir='ltr'>corde,</span> <span class='ocrx_word' id='word_1_250' title='bbox 900 1878 954 1898; x_wconf 89' lang='lat' dir='ltr'>non</span> <span class='ocrx_word' id='word_1_251' title='bbox 973 1870 1085 1906; x_wconf 86' lang='lat' dir='ltr'>obloqui</span> <span class='ocrx_word' id='word_1_252' title='bbox 1107 1870 1134 1898; x_wconf 89' lang='lat' dir='ltr'>in</span> <span class='ocrx_word' id='word_1_253' title='bbox 1155 1877 1213 1903; x_wconf 91' lang='lat' dir='ltr'>ore,</span> 
     </span>
     <span class='ocr_line' id='line_1_38' title="bbox 364 1916 1213 1956; baseline -0.006 -7"><span class='ocrx_word' id='word_1_254' title='bbox 364 1928 414 1949; x_wconf 86' lang='grc'><strong>1166</strong></span> <span class='ocrx_word' id='word_1_255' title='bbox 436 1926 592 1956; x_wconf 87' lang='lat' dir='ltr'>repugnare</span> <span class='ocrx_word' id='word_1_256' title='bbox 614 1918 640 1946; x_wconf 94' lang='lat' dir='ltr'>in</span> <span class='ocrx_word' id='word_1_257' title='bbox 663 1925 762 1954; x_wconf 86' lang='lat' dir='ltr'>opere,</span> <span class='ocrx_word' id='word_1_258' title='bbox 790 1921 822 1945; x_wconf 85' lang='lat' dir='ltr'>ut</span> <span class='ocrx_word' id='word_1_259' title='bbox 852 1917 1000 1953; x_wconf 85' lang='lat' dir='ltr'>impleatur</span> <span class='ocrx_word' id='word_1_260' title='bbox 1028 1916 1055 1944; x_wconf 89' lang='lat' dir='ltr'>in</span> <span class='ocrx_word' id='word_1_261' title='bbox 1085 1924 1117 1945; x_wconf 92' lang='lat' dir='ltr'>eo</span> <span class='ocrx_word' id='word_1_262' title='bbox 1146 1916 1213 1945; x_wconf 91' lang='lat' dir='ltr'>illud</span> 
     </span>
     <span class='ocr_line' id='line_1_39' title="bbox 365 1963 1214 2001; baseline -0.005 -6"><span class='ocrx_word' id='word_1_263' title='bbox 365 1967 480 1996; x_wconf 83' lang='lat' dir='ltr'>Psalmi:</span> <span class='ocrx_word' id='word_1_264' title='bbox 518 1965 664 2001; x_wconf 85' lang='lat' dir='ltr'>Quoniam</span> <span class='ocrx_word' id='word_1_265' title='bbox 691 1967 812 2001; x_wconf 75' lang='lat' dir='ltr'>propter</span> <span class='ocrx_word' id='word_1_266' title='bbox 848 1968 872 1992; x_wconf 87' lang='lat' dir='ltr'>te</span> <span class='ocrx_word' id='word_1_267' title='bbox 901 1963 1120 2000; x_wconf 73' lang='lat' dir='ltr'>mortificamur</span> <span class='ocrx_word' id='word_1_268' title='bbox 1155 1967 1214 1992; x_wconf 89' lang='lat' dir='ltr'>tota</span> 
     </span>
     <span class='ocr_line' id='line_1_40' title="bbox 366 2011 1087 2048; baseline -0.006 -5"><span class='ocrx_word' id='word_1_269' title='bbox 366 2014 428 2048; x_wconf 86' lang='lat' dir='ltr'>die,</span> <span class='ocrx_word' id='word_1_270' title='bbox 449 2012 598 2042; x_wconf 87' lang='lat' dir='ltr'>aestimati</span> <span class='ocrx_word' id='word_1_271' title='bbox 617 2020 722 2040; x_wconf 84' lang='lat' dir='ltr'>sumus</span> <span class='ocrx_word' id='word_1_272' title='bbox 742 2011 820 2039; x_wconf 85' lang='lat' dir='ltr'>sicut</span> <span class='ocrx_word' id='word_1_273' title='bbox 841 2019 904 2039; x_wconf 81' lang='lat' dir='ltr'>oves</span> <span class='ocrx_word' id='word_1_274' title='bbox 926 2011 1087 2039; x_wconf 78' lang='lat' dir='ltr'>occisionis.</span> 
     </span>
    </p>

    <p class='ocr_par' dir='ltr' id='par_1_10' title="bbox 445 2057 1214 2094">
     <span class='ocr_line' id='line_1_41' title="bbox 445 2057 1214 2094; baseline -0.004 -6"><span class='ocrx_word' id='word_1_275' title='bbox 445 2060 537 2089; x_wconf 91' lang='lat' dir='ltr'>Tertio</span> <span class='ocrx_word' id='word_1_276' title='bbox 559 2059 687 2087; x_wconf 87' lang='lat' dir='ltr'>Christus</span> <span class='ocrx_word' id='word_1_277' title='bbox 709 2058 808 2086; x_wconf 88' lang='lat' dir='ltr'>liberat</span> <span class='ocrx_word' id='word_1_278' title='bbox 829 2065 894 2086; x_wconf 89' lang='lat' dir='ltr'>oves</span> <span class='ocrx_word' id='word_1_279' title='bbox 916 2065 995 2091; x_wconf 88' lang='lat' dir='ltr'>suas,</span> <span class='ocrx_word' id='word_1_280' title='bbox 1018 2065 1089 2094; x_wconf 87' lang='lat' dir='ltr'>quae</span> <span class='ocrx_word' id='word_1_281' title='bbox 1111 2057 1214 2086; x_wconf 87' lang='lat' dir='ltr'>habent</span> 
     </span>
    </p>
   </div>
   <div class='ocr_carea' id='block_1_10' title="bbox 244 2104 1213 2145">
    <p class='ocr_par' dir='ltr' id='par_1_11' title="bbox 244 2104 1213 2145">
     <span class='ocr_line' id='line_1_42' title="bbox 244 2104 1213 2145; baseline -0.004 -9"><span class='ocrx_word' id='word_1_282' title='bbox 244 2114 347 2134; x_wconf 73' lang='lat' dir='ltr'>netertio.</span> <span class='ocrx_word' id='word_1_283' title='bbox 365 2107 573 2145; x_wconf 79' lang='lat' dir='ltr'>fecunditatem</span> <span class='ocrx_word' id='word_1_284' title='bbox 593 2105 780 2142; x_wconf 73' lang='lat' dir='ltr'>multiplicem</span> <span class='ocrx_word' id='word_1_285' title='bbox 802 2113 852 2142; x_wconf 91' lang='lat' dir='ltr'>per</span> <span class='ocrx_word' id='word_1_286' title='bbox 882 2104 1135 2141; x_wconf 88' lang='lat' dir='ltr'>multiplicationem</span> <span class='ocrx_word' id='word_1_287' title='bbox 1165 2104 1213 2133; x_wconf 90' lang='lat' dir='ltr'>bo-</span> 
     </span>
    </p>
   </div>
   <div class='ocr_carea' id='block_1_11' title="bbox 365 2152 1214 2472">
    <p class='ocr_par' dir='ltr' id='par_1_12' title="bbox 365 2152 1214 2472">
     <span class='ocr_line' id='line_1_43' title="bbox 366 2152 1213 2191; baseline -0.004 -8"><span class='ocrx_word' id='word_1_288' title='bbox 366 2163 417 2183; x_wconf 85' lang='lat' dir='ltr'>nae</span> <span class='ocrx_word' id='word_1_289' title='bbox 438 2153 614 2191; x_wconf 86' lang='lat' dir='ltr'>operationis.</span> <span class='ocrx_word' id='word_1_290' title='bbox 636 2152 711 2181; x_wconf 90' lang='lat' dir='ltr'>Unde</span> <span class='ocrx_word' id='word_1_291' title='bbox 732 2152 823 2181; x_wconf 89' lang='lat' dir='ltr'>bonus</span> <span class='ocrx_word' id='word_1_292' title='bbox 851 2152 1024 2181; x_wconf 83' lang='lat' dir='ltr'>Christianus</span> <span class='ocrx_word' id='word_1_293' title='bbox 1051 2152 1133 2180; x_wconf 91' lang='lat' dir='ltr'>debet</span> <span class='ocrx_word' id='word_1_294' title='bbox 1153 2159 1213 2180; x_wconf 88' lang='lat' dir='ltr'>esse</span> 
     </span>
     <span class='ocr_line' id='line_1_44' title="bbox 365 2199 1213 2236; baseline -0.004 -6"><span class='ocrx_word' id='word_1_295' title='bbox 365 2201 500 2230; x_wconf 84' lang='lat' dir='ltr'>fecundus</span> <span class='ocrx_word' id='word_1_296' title='bbox 522 2200 601 2229; x_wconf 89' lang='lat' dir='ltr'>bonis</span> <span class='ocrx_word' id='word_1_297' title='bbox 621 2199 753 2236; x_wconf 90' lang='lat' dir='ltr'>operibus</span> <span class='ocrx_word' id='word_1_298' title='bbox 774 2199 808 2228; x_wconf 87' lang='lat' dir='ltr'>ad</span> <span class='ocrx_word' id='word_1_299' title='bbox 831 2199 943 2227; x_wconf 90' lang='lat' dir='ltr'>modum</span> <span class='ocrx_word' id='word_1_300' title='bbox 971 2199 1045 2233; x_wconf 89' lang='lat' dir='ltr'>ovis,</span> <span class='ocrx_word' id='word_1_301' title='bbox 1074 2199 1140 2228; x_wconf 91' lang='lat' dir='ltr'>dare</span> <span class='ocrx_word' id='word_1_302' title='bbox 1165 2207 1213 2236; x_wconf 90' lang='lat' dir='ltr'>pa-</span> 
     </span>
     <span class='ocr_line' id='line_1_45' title="bbox 366 2245 1213 2279; baseline -0.002 -3"><span class='ocrx_word' id='word_1_303' title='bbox 366 2248 431 2277; x_wconf 89' lang='lat' dir='ltr'>stori</span> <span class='ocrx_word' id='word_1_304' title='bbox 454 2255 505 2276; x_wconf 92' lang='lat' dir='ltr'>suo</span> <span class='ocrx_word' id='word_1_305' title='bbox 526 2246 635 2275; x_wconf 89' lang='lat' dir='ltr'>Christo</span> <span class='ocrx_word' id='word_1_306' title='bbox 652 2247 692 2275; x_wconf 88' lang='lat' dir='ltr'>lac</span> <span class='ocrx_word' id='word_1_307' title='bbox 713 2245 833 2274; x_wconf 89' lang='lat' dir='ltr'>mundae</span> <span class='ocrx_word' id='word_1_308' title='bbox 847 2246 1013 2279; x_wconf 81' lang='lat' dir='ltr'>affectionis,</span> <span class='ocrx_word' id='word_1_309' title='bbox 1035 2253 1145 2274; x_wconf 87' lang='lat' dir='ltr'>caseum</span> <span class='ocrx_word' id='word_1_310' title='bbox 1165 2246 1213 2274; x_wconf 93' lang='lat' dir='ltr'>bo-</span> 
     </span>
     <span class='ocr_line' id='line_1_46' title="bbox 365 2292 1214 2330; baseline -0.004 -7"><span class='ocrx_word' id='word_1_311' title='bbox 365 2302 416 2323; x_wconf 88' lang='lat' dir='ltr'>nae</span> <span class='ocrx_word' id='word_1_312' title='bbox 437 2293 605 2330; x_wconf 85' lang='lat' dir='ltr'>operationis</span> <span class='ocrx_word' id='word_1_313' title='bbox 626 2296 653 2321; x_wconf 89' lang='lat' dir='ltr'>et</span> <span class='ocrx_word' id='word_1_314' title='bbox 675 2293 764 2321; x_wconf 85' lang='lat' dir='ltr'>lanam</span> <span class='ocrx_word' id='word_1_315' title='bbox 787 2293 919 2321; x_wconf 87' lang='lat' dir='ltr'>honestae</span> <span class='ocrx_word' id='word_1_316' title='bbox 934 2292 1159 2326; x_wconf 82' lang='lat' dir='ltr'>conversationis,</span> <span class='ocrx_word' id='word_1_317' title='bbox 1181 2295 1214 2320; x_wconf 90' lang='lat' dir='ltr'>ut</span> 
     </span>
     <span class='ocr_line' id='line_1_47' title="bbox 366 2338 1213 2378; baseline -0.004 -8"><span class='ocrx_word' id='word_1_318' title='bbox 366 2341 452 2378; x_wconf 80' lang='lat' dir='ltr'>possit</span> <span class='ocrx_word' id='word_1_319' title='bbox 479 2340 530 2369; x_wconf 88' lang='lat' dir='ltr'>dici</span> <span class='ocrx_word' id='word_1_320' title='bbox 563 2340 597 2369; x_wconf 91' lang='lat' dir='ltr'>de</span> <span class='ocrx_word' id='word_1_321' title='bbox 625 2340 679 2368; x_wconf 90' lang='lat' dir='ltr'>eis:</span> <span class='ocrx_word' id='word_1_322' title='bbox 711 2339 781 2368; x_wconf 83' lang='lat' dir='ltr'>Oves</span> <span class='ocrx_word' id='word_1_323' title='bbox 812 2338 937 2376; x_wconf 82' lang='lat' dir='ltr'>fetosae,</span> <span class='ocrx_word' id='word_1_324' title='bbox 970 2339 1154 2367; x_wconf 71' lang='lat' dir='ltr'>abundantes</span> <span class='ocrx_word' id='word_1_325' title='bbox 1182 2339 1213 2367; x_wconf 88' lang='lat' dir='ltr'>in</span> 
     </span>
     <span class='ocr_line' id='line_1_48' title="bbox 365 2385 1211 2424; baseline -0.004 -8"><span class='ocrx_word' id='word_1_326' title='bbox 365 2386 528 2424; x_wconf 63' lang='lat' dir='ltr'>epi-essibus</span> <span class='ocrx_word' id='word_1_327' title='bbox 548 2386 628 2420; x_wconf 82' lang='lat' dir='ltr'>suis,</span> <span class='ocrx_word' id='word_1_328' title='bbox 651 2386 804 2415; x_wconf 87' lang='lat' dir='ltr'>secundum</span> <span class='ocrx_word' id='word_1_329' title='bbox 819 2386 893 2423; x_wconf 89' lang='lat' dir='ltr'>quod</span> <span class='ocrx_word' id='word_1_330' title='bbox 908 2385 1010 2414; x_wconf 84' lang='lat' dir='ltr'>dicitur</span> <span class='ocrx_word' id='word_1_331' title='bbox 1025 2385 1052 2414; x_wconf 92' lang='lat' dir='ltr'>in</span> <span class='ocrx_word' id='word_1_332' title='bbox 1074 2385 1181 2414; x_wconf 88' lang='lat' dir='ltr'>Psalmo</span> <span class='ocrx_word' id='word_1_333' title='bbox 1192 2385 1211 2413; x_wconf 75' lang='lat'>⁸.</span> 
     </span>
     <span class='ocr_line' id='line_1_49' title="bbox 366 2435 661 2472; baseline -0.003 -9"><span class='ocrx_word' id='word_1_334' title='bbox 366 2435 503 2472; x_wconf 78' lang='lat' dir='ltr'>Rogemus</span> <span class='ocrx_word' id='word_1_335' title='bbox 523 2442 589 2471; x_wconf 86' lang='lat' dir='ltr'>ergo</span> <span class='ocrx_word' id='word_1_336' title='bbox 611 2437 661 2462; x_wconf 86' lang='lat' dir='ltr'>etc.</span> 
     </span>
    </p>
   </div>
   <div class='ocr_carea' id='block_1_12' title="bbox 449 2527 1215 2659">
    <p class='ocr_par' dir='ltr' id='par_1_13' title="bbox 449 2527 1215 2659">
     <span class='ocr_line' id='line_1_50' title="bbox 705 2527 870 2555; baseline -0.006 0"><span class='ocrx_word' id='word_1_337' title='bbox 705 2528 796 2555; x_wconf 72' lang='lat' dir='ltr'>Samio</span> <span class='ocrx_word' id='word_1_338' title='bbox 819 2527 837 2555; x_wconf 94' lang='lat' dir='ltr'>Il</span> <span class='ocrx_word' id='word_1_339' title='bbox 850 2528 870 2554; x_wconf 72' lang='lat'>4.</span> 
     </span>
     <span class='ocr_line' id='line_1_51' title="bbox 449 2620 1215 2659; baseline -0.001 -10"><span class='ocrx_word' id='word_1_340' title='bbox 449 2620 582 2650; x_wconf 79' lang='lat' dir='ltr'>Christus</span> <span class='ocrx_word' id='word_1_341' title='bbox 593 2629 703 2658; x_wconf 76' lang='lat' dir='ltr'>passus</span> <span class='ocrx_word' id='word_1_342' title='bbox 718 2625 759 2649; x_wconf 86' lang='lat' dir='ltr'>cst</span> <span class='ocrx_word' id='word_1_343' title='bbox 769 2629 826 2658; x_wconf 79' lang='lat' dir='ltr'>pro</span> <span class='ocrx_word' id='word_1_344' title='bbox 840 2620 940 2655; x_wconf 86' lang='lat' dir='ltr'>nobis,</span> <span class='ocrx_word' id='word_1_345' title='bbox 956 2620 1035 2648; x_wconf 75' lang='lat' dir='ltr'>vobis</span> <span class='ocrx_word' id='word_1_346' title='bbox 1049 2620 1215 2659; x_wconf 78' lang='lat' dir='ltr'>relinquens</span> 
     </span>
    </p>
   </div>
   <div class='ocr_carea' id='block_1_13' title="bbox 369 2667 1215 2743">
    <p class='ocr_par' dir='ltr' id='par_1_14' title="bbox 369 2667 1215 2743">
     <span class='ocr_line' id='line_1_52' title="bbox 369 2667 1215 2705; baseline -0.001 -9"><span class='ocrx_word' id='word_1_347' title='bbox 369 2668 541 2705; x_wconf 73' lang='lat' dir='ltr'>exemplum,</span> <span class='ocrx_word' id='word_1_348' title='bbox 563 2671 596 2696; x_wconf 59' lang='lat' dir='ltr'>&lt;ut</span> <span class='ocrx_word' id='word_1_349' title='bbox 616 2668 782 2705; x_wconf 80' lang='lat' dir='ltr'>sequamini</span> <span class='ocrx_word' id='word_1_350' title='bbox 802 2667 924 2705; x_wconf 71' lang='lat' dir='ltr'>vestzyz&#39;a</span> <span class='ocrx_word' id='word_1_351' title='bbox 945 2667 1024 2701; x_wconf 82' lang='lat' dir='ltr'>eius,</span> <span class='ocrx_word' id='word_1_352' title='bbox 1047 2667 1153 2704; x_wconf 87' lang='lat' dir='ltr'>primae</span> <span class='ocrx_word' id='word_1_353' title='bbox 1167 2667 1215 2696; x_wconf 88' lang='lat' dir='ltr'>Pe-</span> 
     </span>
     <span class='ocr_line' id='line_1_53' title="bbox 369 2714 577 2743; baseline -0.005 0"><span class='ocrx_word' id='word_1_354' title='bbox 369 2715 404 2743; x_wconf 88' lang='lat' dir='ltr'>tri</span> <span class='ocrx_word' id='word_1_355' title='bbox 427 2714 546 2743; x_wconf 85' lang='lat' dir='ltr'>secundo</span> <span class='ocrx_word' id='word_1_356' title='bbox 558 2715 577 2742; x_wconf 87' lang='lat'>⁵.</span> 
     </span>
    </p>
   </div>
   <div class='ocr_carea' id='block_1_14' title="bbox 1026 206 1448 237">
    <p class='ocr_par' dir='ltr' id='par_1_15' title="bbox 1026 206 1448 237">
     <span class='ocr_line' id='line_1_54' title="bbox 1026 206 1448 237; baseline -0.009 0"><span class='ocrx_word' id='word_1_357' title='bbox 1026 208 1198 237; x_wconf 85' lang='lat' dir='ltr'>SERMONES</span> <span class='ocrx_word' id='word_1_358' title='bbox 1218 207 1262 235; x_wconf 92' lang='lat' dir='ltr'>DE</span> <span class='ocrx_word' id='word_1_359' title='bbox 1284 206 1448 235; x_wconf 83' lang='lat' dir='ltr'>TEMPORE.</span> 
     </span>
    </p>
   </div>
   <div class='ocr_carea' id='block_1_15' title="bbox 1265 282 2121 2328">
    <p class='ocr_par' dir='ltr' id='par_1_16' title="bbox 1265 282 2121 2328">
     <span class='ocr_line' id='line_1_55' title="bbox 1344 282 2110 318; baseline -0.001 -7"><span class='ocrx_word' id='word_1_360' title='bbox 1344 284 1371 311; x_wconf 87' lang='lat' dir='ltr'>ln</span> <span class='ocrx_word' id='word_1_361' title='bbox 1394 284 1445 311; x_wconf 88' lang='lat' dir='ltr'>hoc</span> <span class='ocrx_word' id='word_1_362' title='bbox 1466 282 1551 311; x_wconf 86' lang='lat' dir='ltr'>verbo</span> <span class='ocrx_word' id='word_1_363' title='bbox 1572 282 1738 311; x_wconf 85' lang='lat' dir='ltr'>describitur</span> <span class='ocrx_word' id='word_1_364' title='bbox 1767 283 1929 318; x_wconf 83' lang='lat' dir='ltr'>mysterium</span> <span class='ocrx_word' id='word_1_365' title='bbox 1957 282 2110 311; x_wconf 80' lang='lat' dir='ltr'>dominicae</span> 
     </span>
     <span class='ocr_line' id='line_1_56' title="bbox 1265 328 2110 365; baseline -0.001 -7"><span class='ocrx_word' id='word_1_366' title='bbox 1265 330 1414 365; x_wconf 86' lang='lat' dir='ltr'>passionis,</span> <span class='ocrx_word' id='word_1_367' title='bbox 1436 332 1463 357; x_wconf 91' lang='lat' dir='ltr'>et</span> <span class='ocrx_word' id='word_1_368' title='bbox 1484 328 1544 357; x_wconf 89' lang='lat' dir='ltr'>ideo</span> <span class='ocrx_word' id='word_1_369' title='bbox 1565 328 1592 356; x_wconf 89' lang='lat' dir='ltr'>in</span> <span class='ocrx_word' id='word_1_370' title='bbox 1615 329 1751 365; x_wconf 87' lang='lat' dir='ltr'>praesenti</span> <span class='ocrx_word' id='word_1_371' title='bbox 1784 331 1908 365; x_wconf 88' lang='lat' dir='ltr'>tempore</span> <span class='ocrx_word' id='word_1_372' title='bbox 1936 329 1962 357; x_wconf 92' lang='grc'>111</span> <span class='ocrx_word' id='word_1_373' title='bbox 1992 329 2110 357; x_wconf 86' lang='lat' dir='ltr'>Ecclesia</span> 
     </span>
     <span class='ocr_line' id='line_1_57' title="bbox 1265 375 2110 412; baseline -0.004 -6"><span class='ocrx_word' id='word_1_374' title='bbox 1265 377 1408 410; x_wconf 87' lang='lat' dir='ltr'>recitatur,</span> <span class='ocrx_word' id='word_1_375' title='bbox 1430 383 1464 404; x_wconf 89' lang='lat' dir='ltr'>ne</span> <span class='ocrx_word' id='word_1_376' title='bbox 1486 375 1619 412; x_wconf 86' lang='lat' dir='ltr'>passionis</span> <span class='ocrx_word' id='word_1_377' title='bbox 1643 375 1795 404; x_wconf 86' lang='lat' dir='ltr'>dominicae</span> <span class='ocrx_word' id='word_1_378' title='bbox 1820 375 1907 404; x_wconf 90' lang='lat' dir='ltr'>simus</span> <span class='ocrx_word' id='word_1_379' title='bbox 1935 375 2110 404; x_wconf 87' lang='lat' dir='ltr'>immemores</span> 
     </span>
     <span class='ocr_line' id='line_1_58' title="bbox 1265 421 2110 460; baseline -0.002 -8"><span class='ocrx_word' id='word_1_380' title='bbox 1265 428 1291 453; x_wconf 91' lang='lat' dir='ltr'>et</span> <span class='ocrx_word' id='word_1_381' title='bbox 1312 423 1421 460; x_wconf 86' lang='lat' dir='ltr'>ingrati.</span> <span class='ocrx_word' id='word_1_382' title='bbox 1444 421 1617 451; x_wconf 87' lang='lat' dir='ltr'>Describitur</span> <span class='ocrx_word' id='word_1_383' title='bbox 1637 424 1729 450; x_wconf 87' lang='lat' dir='ltr'>autem</span> <span class='ocrx_word' id='word_1_384' title='bbox 1745 422 1798 450; x_wconf 90' lang='lat' dir='ltr'>sub</span> <span class='ocrx_word' id='word_1_385' title='bbox 1812 422 1912 458; x_wconf 86' lang='lat' dir='ltr'>triplici</span> <span class='ocrx_word' id='word_1_386' title='bbox 1929 422 2043 456; x_wconf 88' lang='lat' dir='ltr'>ratione,</span> <span class='ocrx_word' id='word_1_387' title='bbox 2059 422 2110 450; x_wconf 87' lang='lat' dir='ltr'>sci—</span> 
     </span>
     <span class='ocr_line' id='line_1_59' title="bbox 1265 468 2110 505; baseline -0.004 -6"><span class='ocrx_word' id='word_1_388' title='bbox 1265 471 1327 499; x_wconf 88' lang='lat' dir='ltr'>licet</span> <span class='ocrx_word' id='word_1_389' title='bbox 1348 470 1401 498; x_wconf 90' lang='lat' dir='ltr'>sub</span> <span class='ocrx_word' id='word_1_390' title='bbox 1429 468 1535 497; x_wconf 90' lang='lat' dir='ltr'>ratione</span> <span class='ocrx_word' id='word_1_391' title='bbox 1563 468 1653 505; x_wconf 80' lang='lat' dir='ltr'>pretii</span> <span class='ocrx_word' id='word_1_392' title='bbox 1682 468 1866 502; x_wconf 73' lang='lat' dir='ltr'>redimentis,</span> <span class='ocrx_word' id='word_1_393' title='bbox 1899 476 1961 497; x_wconf 92' lang='lat' dir='ltr'>cum</span> <span class='ocrx_word' id='word_1_394' title='bbox 1993 468 2110 497; x_wconf 87' lang='lat' dir='ltr'>dicitur:</span> 
     </span>
     <span class='ocr_line' id='line_1_60' title="bbox 1267 514 2112 552; baseline -0.002 -8"><span class='ocrx_word' id='word_1_395' title='bbox 1267 515 1401 545; x_wconf 73' lang='lat' dir='ltr'>Christus</span> <span class='ocrx_word' id='word_1_396' title='bbox 1420 523 1529 552; x_wconf 77' lang='lat' dir='ltr'>passus</span> <span class='ocrx_word' id='word_1_397' title='bbox 1550 518 1591 543; x_wconf 88' lang='lat' dir='ltr'>est</span> <span class='ocrx_word' id='word_1_398' title='bbox 1610 523 1664 551; x_wconf 80' lang='lat' dir='ltr'>pro</span> <span class='ocrx_word' id='word_1_399' title='bbox 1685 514 1784 548; x_wconf 78' lang='lat' dir='ltr'>nobis,</span> <span class='ocrx_word' id='word_1_400' title='bbox 1807 514 1833 542; x_wconf 88' lang='lat' dir='ltr'>id</span> <span class='ocrx_word' id='word_1_401' title='bbox 1864 517 1906 543; x_wconf 89' lang='lat' dir='ltr'>est</span> <span class='ocrx_word' id='word_1_402' title='bbox 1936 522 1986 551; x_wconf 92' lang='lat' dir='ltr'>pro</span> <span class='ocrx_word' id='word_1_403' title='bbox 2018 518 2112 543; x_wconf 88' lang='lat' dir='ltr'>nostra</span> 
     </span>
     <span class='ocr_line' id='line_1_61' title="bbox 1265 560 2111 598; baseline -0.002 -8"><span class='ocrx_word' id='word_1_404' title='bbox 1265 561 1468 598; x_wconf 77' lang='lat' dir='ltr'>redemptione:</span> <span class='ocrx_word' id='word_1_405' title='bbox 1491 560 1543 589; x_wconf 91' lang='lat' dir='ltr'>sub</span> <span class='ocrx_word' id='word_1_406' title='bbox 1565 560 1671 589; x_wconf 88' lang='lat' dir='ltr'>ratione</span> <span class='ocrx_word' id='word_1_407' title='bbox 1695 560 1816 597; x_wconf 78' lang='lat' dir='ltr'>exempli</span> <span class='ocrx_word' id='word_1_408' title='bbox 1846 560 2015 597; x_wconf 60' lang='lat' dir='ltr'>dirigentis,</span> <span class='ocrx_word' id='word_1_409' title='bbox 2047 568 2111 588; x_wconf 88' lang='lat' dir='ltr'>cum</span> 
     </span>
     <span class='ocr_line' id='line_1_62' title="bbox 1265 607 2112 645; baseline -0.001 -9"><span class='ocrx_word' id='word_1_410' title='bbox 1265 607 1410 637; x_wconf 84' lang='lat' dir='ltr'>subditur:</span> <span class='ocrx_word' id='word_1_411' title='bbox 1433 607 1512 635; x_wconf 84' lang='lat' dir='ltr'>vobis</span> <span class='ocrx_word' id='word_1_412' title='bbox 1534 607 1699 645; x_wconf 78' lang='lat' dir='ltr'>relinquens</span> <span class='ocrx_word' id='word_1_413' title='bbox 1727 607 1905 644; x_wconf 76' lang='lat' dir='ltr'>exemplum,</span> <span class='ocrx_word' id='word_1_414' title='bbox 1934 607 2038 635; x_wconf 88' lang='grc'><strong>56111661</strong></span> <span class='ocrx_word' id='word_1_415' title='bbox 2062 615 2112 643; x_wconf 92' lang='lat' dir='ltr'>pro</span> 
     </span>
     <span class='ocr_line' id='line_1_63' title="bbox 1266 653 2111 691; baseline -0.001 -8"><span class='ocrx_word' id='word_1_416' title='bbox 1266 657 1361 683; x_wconf 86' lang='lat' dir='ltr'>nostra</span> <span class='ocrx_word' id='word_1_417' title='bbox 1391 654 1556 687; x_wconf 85' lang='lat' dir='ltr'>directione;</span> <span class='ocrx_word' id='word_1_418' title='bbox 1589 653 1642 682; x_wconf 90' lang='lat' dir='ltr'>sub</span> <span class='ocrx_word' id='word_1_419' title='bbox 1667 653 1773 682; x_wconf 88' lang='lat' dir='ltr'>ratione</span> <span class='ocrx_word' id='word_1_420' title='bbox 1793 654 1908 691; x_wconf 76' lang='lat' dir='ltr'>vestiyii</span> <span class='ocrx_word' id='word_1_421' title='bbox 1928 653 2111 687; x_wconf 81' lang='lat' dir='ltr'>deducentis,</span> 
     </span>
     <span class='ocr_line' id='line_1_64' title="bbox 1266 700 2113 738; baseline -0.001 -8"><span class='ocrx_word' id='word_1_422' title='bbox 1266 709 1329 730; x_wconf 89' lang='lat' dir='ltr'>cum</span> <span class='ocrx_word' id='word_1_423' title='bbox 1351 700 1540 730; x_wconf 87' lang='lat' dir='ltr'>subinfertur:</span> <span class='ocrx_word' id='word_1_424' title='bbox 1563 704 1595 728; x_wconf 86' lang='lat' dir='ltr'>ut</span> <span class='ocrx_word' id='word_1_425' title='bbox 1615 700 1781 738; x_wconf 86' lang='lat' dir='ltr'>sequamini</span> <span class='ocrx_word' id='word_1_426' title='bbox 1800 701 1922 738; x_wconf 65' lang='lat' dir='ltr'>vestigia</span> <span class='ocrx_word' id='word_1_427' title='bbox 1942 701 2018 734; x_wconf 77' lang='lat' dir='ltr'>etus,</span> <span class='ocrx_word' id='word_1_428' title='bbox 2041 700 2113 729; x_wconf 87' lang='lat' dir='ltr'>scili-</span> 
     </span>
     <span class='ocr_line' id='line_1_65' title="bbox 1266 747 2113 785; baseline -0.002 -8"><span class='ocrx_word' id='word_1_429' title='bbox 1266 752 1310 777; x_wconf 88' lang='lat' dir='ltr'>cet</span> <span class='ocrx_word' id='word_1_430' title='bbox 1331 749 1357 776; x_wconf 95' lang='lat' dir='ltr'>in</span> <span class='ocrx_word' id='word_1_431' title='bbox 1381 748 1502 785; x_wconf 86' lang='lat' dir='ltr'>perfecta</span> <span class='ocrx_word' id='word_1_432' title='bbox 1523 747 1682 776; x_wconf 89' lang='lat' dir='ltr'>imitatione.</span> <span class='ocrx_word' id='word_1_433' title='bbox 1715 747 1746 775; x_wconf 86' lang='lat' dir='ltr'>Et</span> <span class='ocrx_word' id='word_1_434' title='bbox 1777 747 1930 776; x_wconf 84' lang='lat' dir='ltr'>secundum</span> <span class='ocrx_word' id='word_1_435' title='bbox 1961 747 2029 775; x_wconf 87' lang='lat' dir='ltr'>haec</span> <span class='ocrx_word' id='word_1_436' title='bbox 2060 747 2113 775; x_wconf 88' lang='lat' dir='ltr'>tria</span> 
     </span>
     <span class='ocr_line' id='line_1_66' title="bbox 1267 793 2113 832; baseline -0.002 -8"><span class='ocrx_word' id='word_1_437' title='bbox 1267 795 1357 832; x_wconf 88' lang='lat' dir='ltr'>passio</span> <span class='ocrx_word' id='word_1_438' title='bbox 1378 795 1480 823; x_wconf 88' lang='lat' dir='ltr'>Christi</span> <span class='ocrx_word' id='word_1_439' title='bbox 1503 794 1585 823; x_wconf 89' lang='lat' dir='ltr'>habet</span> <span class='ocrx_word' id='word_1_440' title='bbox 1607 794 1633 822; x_wconf 91' lang='lat' dir='ltr'>in</span> <span class='ocrx_word' id='word_1_441' title='bbox 1656 793 1735 822; x_wconf 89' lang='lat' dir='ltr'>nobis</span> <span class='ocrx_word' id='word_1_442' title='bbox 1757 794 1892 830; x_wconf 85' lang='lat' dir='ltr'>triplicem</span> <span class='ocrx_word' id='word_1_443' title='bbox 1922 794 2049 823; x_wconf 80' lang='lat' dir='ltr'>effectum</span> <span class='ocrx_word' id='word_1_444' title='bbox 2071 801 2113 822; x_wconf 87' lang='lat' dir='ltr'>se-</span> 
     </span>
     <span class='ocr_line' id='line_1_67' title="bbox 1266 840 2114 878; baseline -0.001 -8"><span class='ocrx_word' id='word_1_445' title='bbox 1266 841 1388 870; x_wconf 85' lang='lat' dir='ltr'>cundum</span> <span class='ocrx_word' id='word_1_446' title='bbox 1411 841 1547 878; x_wconf 89' lang='lat' dir='ltr'>triplicem</span> <span class='ocrx_word' id='word_1_447' title='bbox 1569 844 1661 869; x_wconf 88' lang='lat' dir='ltr'>actum</span> <span class='ocrx_word' id='word_1_448' title='bbox 1684 840 1906 874; x_wconf 79' lang='lat' dir='ltr'>hierarchicum,</span> <span class='ocrx_word' id='word_1_449' title='bbox 1928 848 1991 869; x_wconf 90' lang='lat' dir='ltr'>cum</span> <span class='ocrx_word' id='word_1_450' title='bbox 2017 840 2052 869; x_wconf 88' lang='lat' dir='ltr'>sit</span> <span class='ocrx_word' id='word_1_451' title='bbox 2073 844 2114 869; x_wconf 93' lang='lat' dir='ltr'>to-</span> 
     </span>
     <span class='ocr_line' id='line_1_68' title="bbox 1267 887 2115 921; baseline -0.001 -4"><span class='ocrx_word' id='word_1_452' title='bbox 1267 889 1323 917; x_wconf 89' lang='lat' dir='ltr'>tius</span> <span class='ocrx_word' id='word_1_453' title='bbox 1344 888 1518 917; x_wconf 87' lang='lat' dir='ltr'>hierarchiae</span> <span class='ocrx_word' id='word_1_454' title='bbox 1539 887 1739 916; x_wconf 85' lang='lat' dir='ltr'>ecclesiasticae</span> <span class='ocrx_word' id='word_1_455' title='bbox 1760 887 1987 921; x_wconf 84' lang='lat' dir='ltr'>fundamentum,</span> <span class='ocrx_word' id='word_1_456' title='bbox 2012 887 2115 916; x_wconf 87' lang='lat' dir='ltr'>scilicet</span> 
     </span>
     <span class='ocr_line' id='line_1_69' title="bbox 1268 933 2115 972; baseline -0.004 -7"><span class='ocrx_word' id='word_1_457' title='bbox 1268 936 1396 965; x_wconf 82' lang='lat' dir='ltr'>effectum</span> <span class='ocrx_word' id='word_1_458' title='bbox 1415 935 1589 972; x_wconf 71' lang='lat' dir='ltr'>puryandi,</span> <span class='ocrx_word' id='word_1_459' title='bbox 1611 934 1802 963; x_wconf 87' lang='lat' dir='ltr'>illuminandi</span> <span class='ocrx_word' id='word_1_460' title='bbox 1820 937 1847 962; x_wconf 87' lang='lat' dir='ltr'>et</span> <span class='ocrx_word' id='word_1_461' title='bbox 1858 933 2036 971; x_wconf 79' lang='lat' dir='ltr'>perficiendi.</span> <span class='ocrx_word' id='word_1_462' title='bbox 2053 934 2115 963; x_wconf 88' lang='lat' dir='ltr'>Pas-</span> 
     </span>
     <span class='ocr_line' id='line_1_70' title="bbox 1267 981 2115 1019; baseline -0.002 -8"><span class='ocrx_word' id='word_1_463' title='bbox 1267 982 1308 1011; x_wconf 89' lang='lat' dir='ltr'>sio</span> <span class='ocrx_word' id='word_1_464' title='bbox 1328 990 1449 1019; x_wconf 90' lang='lat' dir='ltr'>namque</span> <span class='ocrx_word' id='word_1_465' title='bbox 1470 981 1586 1015; x_wconf 86' lang='lat' dir='ltr'>Christi,</span> <span class='ocrx_word' id='word_1_466' title='bbox 1602 981 1628 1009; x_wconf 89' lang='lat' dir='ltr'>in</span> <span class='ocrx_word' id='word_1_467' title='bbox 1645 983 1780 1018; x_wconf 87' lang='lat' dir='ltr'>quantum</span> <span class='ocrx_word' id='word_1_468' title='bbox 1803 984 1844 1009; x_wconf 88' lang='lat' dir='ltr'>est</span> <span class='ocrx_word' id='word_1_469' title='bbox 1864 981 1985 1018; x_wconf 89' lang='lat' dir='ltr'>pretium</span> <span class='ocrx_word' id='word_1_470' title='bbox 2009 981 2115 1009; x_wconf 90' lang='lat' dir='ltr'>redem-</span> 
     </span>
     <span class='ocr_line' id='line_1_71' title="bbox 1268 1027 2115 1066; baseline -0.002 -8"><span class='ocrx_word' id='word_1_471' title='bbox 1268 1029 1378 1066; x_wconf 91' lang='lat' dir='ltr'>ptionis,</span> <span class='ocrx_word' id='word_1_472' title='bbox 1397 1033 1526 1066; x_wconf 65' lang='lat' dir='ltr'>purgat,-</span> <span class='ocrx_word' id='word_1_473' title='bbox 1548 1029 1575 1057; x_wconf 87' lang='lat' dir='ltr'>in</span> <span class='ocrx_word' id='word_1_474' title='bbox 1597 1032 1732 1065; x_wconf 87' lang='lat' dir='ltr'>quantum</span> <span class='ocrx_word' id='word_1_475' title='bbox 1759 1027 1919 1064; x_wconf 86' lang='lat' dir='ltr'>exemplum</span> <span class='ocrx_word' id='word_1_476' title='bbox 1941 1027 2115 1062; x_wconf 80' lang='lat' dir='ltr'>directionis,</span> 
     </span>
     <span class='ocr_line' id='line_1_72' title="bbox 1268 1074 2116 1112; baseline -0.004 -7"><span class='ocrx_word' id='word_1_477' title='bbox 1268 1076 1417 1105; x_wconf 84' lang='lat' dir='ltr'>illuminat</span> <span class='ocrx_word' id='word_1_478' title='bbox 1425 1085 1435 1108; x_wconf 89' lang='lat'>,·</span> <span class='ocrx_word' id='word_1_479' title='bbox 1457 1075 1483 1103; x_wconf 93' lang='lat' dir='ltr'>in</span> <span class='ocrx_word' id='word_1_480' title='bbox 1506 1078 1640 1112; x_wconf 87' lang='lat' dir='ltr'>quantum</span> <span class='ocrx_word' id='word_1_481' title='bbox 1664 1075 1809 1111; x_wconf 87' lang='lat' dir='ltr'>vestigium</span> <span class='ocrx_word' id='word_1_482' title='bbox 1831 1074 2014 1107; x_wconf 83' lang='lat' dir='ltr'>deductionis,</span> <span class='ocrx_word' id='word_1_483' title='bbox 2029 1074 2116 1112; x_wconf 77' lang='lat' dir='ltr'>perfi—</span> 
     </span>
     <span class='ocr_line' id='line_1_73' title="bbox 1269 1121 2116 1159; baseline -0.002 -7"><span class='ocrx_word' id='word_1_484' title='bbox 1269 1123 1309 1152; x_wconf 88' lang='lat' dir='ltr'>cit</span> <span class='ocrx_word' id='word_1_485' title='bbox 1328 1127 1355 1152; x_wconf 88' lang='lat' dir='ltr'>et</span> <span class='ocrx_word' id='word_1_486' title='bbox 1377 1125 1559 1151; x_wconf 88' lang='lat' dir='ltr'>consummat.</span> <span class='ocrx_word' id='word_1_487' title='bbox 1582 1122 1700 1159; x_wconf 73' lang='lat' dir='ltr'>Purqat</span> <span class='ocrx_word' id='word_1_488' title='bbox 1732 1121 1784 1150; x_wconf 90' lang='lat' dir='ltr'>sub</span> <span class='ocrx_word' id='word_1_489' title='bbox 1813 1121 1919 1150; x_wconf 89' lang='lat' dir='ltr'>ratione</span> <span class='ocrx_word' id='word_1_490' title='bbox 1946 1121 2052 1159; x_wconf 71' lang='lat' dir='ltr'>pretii;</span> <span class='ocrx_word' id='word_1_491' title='bbox 2082 1121 2116 1150; x_wconf 87' lang='lat' dir='ltr'>ad</span> 
     </span>
     <span class='ocr_line' id='line_1_74' title="bbox 1269 1168 2116 1206; baseline -0.004 -7"><span class='ocrx_word' id='word_1_492' title='bbox 1269 1171 1361 1199; x_wconf 92' lang='lat' dir='ltr'>Titum</span> <span class='ocrx_word' id='word_1_493' title='bbox 1383 1169 1541 1198; x_wconf 63' lang='lat' dir='ltr'>secundoG:</span> <span class='ocrx_word' id='word_1_494' title='bbox 1567 1169 1649 1197; x_wconf 89' lang='lat' dir='ltr'>Dedit</span> <span class='ocrx_word' id='word_1_495' title='bbox 1668 1169 1854 1206; x_wconf 83' lang='lat' dir='ltr'>semetipsum</span> <span class='ocrx_word' id='word_1_496' title='bbox 1881 1177 1936 1205; x_wconf 79' lang='lat' dir='ltr'>pro</span> <span class='ocrx_word' id='word_1_497' title='bbox 1964 1168 2063 1203; x_wconf 86' lang='lat' dir='ltr'>nobis,</span> <span class='ocrx_word' id='word_1_498' title='bbox 2085 1171 2116 1197; x_wconf 86' lang='lat' dir='ltr'>ut</span> 
     </span>
     <span class='ocr_line' id='line_1_75' title="bbox 1268 1214 2118 1253; baseline -0.002 -8"><span class='ocrx_word' id='word_1_499' title='bbox 1268 1226 1321 1246; x_wconf 83' lang='lat' dir='ltr'>nos</span> <span class='ocrx_word' id='word_1_500' title='bbox 1343 1217 1497 1245; x_wconf 76' lang='lat' dir='ltr'>redimeret</span> <span class='ocrx_word' id='word_1_501' title='bbox 1517 1215 1554 1244; x_wconf 87' lang='lat' dir='ltr'>ab</span> <span class='ocrx_word' id='word_1_502' title='bbox 1577 1215 1657 1244; x_wconf 88' lang='lat' dir='ltr'>omni</span> <span class='ocrx_word' id='word_1_503' title='bbox 1671 1215 1824 1253; x_wconf 76' lang='lat' dir='ltr'>iniquitate</span> <span class='ocrx_word' id='word_1_504' title='bbox 1849 1218 1873 1243; x_wconf 88' lang='lat' dir='ltr'>et</span> <span class='ocrx_word' id='word_1_505' title='bbox 1888 1215 2047 1243; x_wconf 82' lang='lat' dir='ltr'>mundaret</span> <span class='ocrx_word' id='word_1_506' title='bbox 2060 1214 2118 1243; x_wconf 87' lang='lat' dir='ltr'>sibi</span> 
     </span>
     <span class='ocr_line' id='line_1_76' title="bbox 1266 1261 2115 1300; baseline -0.002 -9"><span class='ocrx_word' id='word_1_507' title='bbox 1266 1263 1410 1300; x_wconf 81' lang='lat' dir='ltr'>populum</span> <span class='ocrx_word' id='word_1_508' title='bbox 1425 1262 1637 1299; x_wconf 81' lang='lat' dir='ltr'>acceptabilem,</span> <span class='ocrx_word' id='word_1_509' title='bbox 1649 1265 1820 1290; x_wconf 76' lang='lat' dir='ltr'>sectatorem</span> <span class='ocrx_word' id='word_1_510' title='bbox 1832 1261 1974 1290; x_wconf 80' lang='lat' dir='ltr'>bonorum</span> <span class='ocrx_word' id='word_1_511' title='bbox 1986 1269 2115 1298; x_wconf 84' lang='lat' dir='ltr'>operum.</span> 
     </span>
     <span class='ocr_line' id='line_1_77' title="bbox 1271 1307 2118 1346; baseline -0.002 -8"><span class='ocrx_word' id='word_1_512' title='bbox 1271 1310 1353 1338; x_wconf 84' lang='lat' dir='ltr'>Dedit</span> <span class='ocrx_word' id='word_1_513' title='bbox 1373 1309 1556 1346; x_wconf 79' lang='lat' dir='ltr'>semetipsum</span> <span class='ocrx_word' id='word_1_514' title='bbox 1575 1317 1632 1345; x_wconf 77' lang='lat' dir='ltr'>pro</span> <span class='ocrx_word' id='word_1_515' title='bbox 1653 1307 1746 1341; x_wconf 86' lang='lat' dir='ltr'>nobis,</span> <span class='ocrx_word' id='word_1_516' title='bbox 1767 1308 1871 1336; x_wconf 85' lang='lat' dir='ltr'>scilicet</span> <span class='ocrx_word' id='word_1_517' title='bbox 1891 1308 1919 1336; x_wconf 93' lang='lat' dir='ltr'>in</span> <span class='ocrx_word' id='word_1_518' title='bbox 1940 1308 2070 1344; x_wconf 90' lang='lat' dir='ltr'>pretium,</span> <span class='ocrx_word' id='word_1_519' title='bbox 2085 1311 2118 1336; x_wconf 87' lang='lat' dir='ltr'>ut</span> 
     </span>
     <span class='ocr_line' id='line_1_78' title="bbox 1269 1354 2117 1384; baseline -0.001 0"><span class='ocrx_word' id='word_1_520' title='bbox 1269 1365 1322 1384; x_wconf 85' lang='lat' dir='ltr'>nos</span> <span class='ocrx_word' id='word_1_521' title='bbox 1336 1356 1489 1384; x_wconf 76' lang='lat' dir='ltr'>redimeret</span> <span class='ocrx_word' id='word_1_522' title='bbox 1509 1359 1536 1384; x_wconf 90' lang='lat' dir='ltr'>et</span> <span class='ocrx_word' id='word_1_523' title='bbox 1558 1355 1717 1383; x_wconf 90' lang='lat' dir='ltr'>redimendo</span> <span class='ocrx_word' id='word_1_524' title='bbox 1731 1355 1897 1383; x_wconf 73' lang='lat' dir='ltr'>mundaret.</span> <span class='ocrx_word' id='word_1_525' title='bbox 1913 1372 1952 1375; x_wconf 97' lang='lat'><strong>—</strong></span> <span class='ocrx_word' id='word_1_526' title='bbox 1966 1354 2117 1383; x_wconf 87' lang='lat' dir='ltr'>Illuminat</span> 
     </span>
     <span class='ocr_line' id='line_1_79' title="bbox 1270 1401 2117 1438; baseline -0.001 -7"><span class='ocrx_word' id='word_1_527' title='bbox 1270 1411 1336 1431; x_wconf 88' lang='lat' dir='ltr'>vero</span> <span class='ocrx_word' id='word_1_528' title='bbox 1358 1402 1410 1431; x_wconf 90' lang='lat' dir='ltr'>sub</span> <span class='ocrx_word' id='word_1_529' title='bbox 1432 1402 1537 1430; x_wconf 82' lang='lat' dir='ltr'>ratione</span> <span class='ocrx_word' id='word_1_530' title='bbox 1559 1401 1699 1438; x_wconf 47' lang='lat' dir='ltr'>exemp&amp;</span> <span class='ocrx_word' id='word_1_531' title='bbox 1720 1401 1882 1438; x_wconf 87' lang='lat' dir='ltr'>exemplum</span> <span class='ocrx_word' id='word_1_532' title='bbox 1911 1401 1984 1430; x_wconf 89' lang='lat' dir='ltr'>enim</span> <span class='ocrx_word' id='word_1_533' title='bbox 2012 1401 2117 1438; x_wconf 87' lang='lat' dir='ltr'>praeci-</span> 
     </span>
     <span class='ocr_line' id='line_1_80' title="bbox 1270 1447 2118 1485; baseline 0 -9"><span class='ocrx_word' id='word_1_534' title='bbox 1270 1456 1357 1485; x_wconf 91' lang='lat' dir='ltr'>puum</span> <span class='ocrx_word' id='word_1_535' title='bbox 1379 1451 1421 1477; x_wconf 91' lang='lat' dir='ltr'>est</span> <span class='ocrx_word' id='word_1_536' title='bbox 1441 1448 1598 1481; x_wconf 82' lang='lat' dir='ltr'>doctrinae,</span> <span class='ocrx_word' id='word_1_537' title='bbox 1621 1447 1692 1476; x_wconf 89' lang='lat' dir='ltr'>sicut</span> <span class='ocrx_word' id='word_1_538' title='bbox 1719 1447 1821 1476; x_wconf 86' lang='lat' dir='ltr'>dicitur</span> <span class='ocrx_word' id='word_1_539' title='bbox 1843 1447 2056 1476; x_wconf 88' lang='lat' dir='ltr'>Proverbiorum</span> <span class='ocrx_word' id='word_1_540' title='bbox 2078 1447 2118 1476; x_wconf 90' lang='lat' dir='ltr'>vi—</span> 
     </span>
     <span class='ocr_line' id='line_1_81' title="bbox 1270 1494 2117 1532; baseline 0 -9"><span class='ocrx_word' id='word_1_541' title='bbox 1270 1495 1374 1532; x_wconf 83' lang='lat' dir='ltr'>gesimo</span> <span class='ocrx_word' id='word_1_542' title='bbox 1395 1498 1510 1531; x_wconf 89' lang='lat' dir='ltr'>quarto:</span> <span class='ocrx_word' id='word_1_543' title='bbox 1534 1495 1628 1523; x_wconf 82' lang='lat' dir='ltr'>Posui</span> <span class='ocrx_word' id='word_1_544' title='bbox 1648 1495 1679 1522; x_wconf 84' lang='lat' dir='ltr'>in</span> <span class='ocrx_word' id='word_1_545' title='bbox 1701 1495 1786 1523; x_wconf 83' lang='lat' dir='ltr'>corde</span> <span class='ocrx_word' id='word_1_546' title='bbox 1807 1503 1867 1523; x_wconf 88' lang='lat' dir='ltr'>meo</span> <span class='ocrx_word' id='word_1_547' title='bbox 1888 1498 1914 1523; x_wconf 89' lang='lat' dir='ltr'>et</span> <span class='ocrx_word' id='word_1_548' title='bbox 1933 1494 2059 1531; x_wconf 70' lang='lat' dir='ltr'>ecccmplo</span> <span class='ocrx_word' id='word_1_549' title='bbox 2074 1495 2117 1523; x_wconf 85' lang='lat' dir='ltr'>(li-</span> 
     </span>
     <span class='ocr_line' id='line_1_82' title="bbox 1270 1541 2118 1578; baseline -0.001 -8"><span class='ocrx_word' id='word_1_550' title='bbox 1270 1541 1330 1570; x_wconf 75' lang='lat' dir='ltr'>(lici</span> <span class='ocrx_word' id='word_1_551' title='bbox 1349 1541 1554 1578; x_wconf 83' lang='lat' dir='ltr'>disciplinam,·</span> <span class='ocrx_word' id='word_1_552' title='bbox 1576 1541 1698 1569; x_wconf 83' lang='lat' dir='ltr'>maxime</span> <span class='ocrx_word' id='word_1_553' title='bbox 1719 1543 1812 1569; x_wconf 89' lang='lat' dir='ltr'>autem</span> <span class='ocrx_word' id='word_1_554' title='bbox 1834 1541 1994 1577; x_wconf 80' lang='lat' dir='ltr'>exemplum</span> <span class='ocrx_word' id='word_1_555' title='bbox 2014 1541 2118 1578; x_wconf 91' lang='lat' dir='ltr'>passio-</span> 
     </span>
     <span class='ocr_line' id='line_1_83' title="bbox 1271 1588 2118 1625; baseline 0 -9"><span class='ocrx_word' id='word_1_556' title='bbox 1271 1589 1313 1617; x_wconf 90' lang='lat' dir='ltr'>nis</span> <span class='ocrx_word' id='word_1_557' title='bbox 1327 1588 1476 1622; x_wconf 90' lang='lat' dir='ltr'>illuminat,</span> <span class='ocrx_word' id='word_1_558' title='bbox 1492 1588 1564 1617; x_wconf 91' lang='lat' dir='ltr'>sicut</span> <span class='ocrx_word' id='word_1_559' title='bbox 1577 1588 1680 1617; x_wconf 87' lang='lat' dir='ltr'>dicitur</span> <span class='ocrx_word' id='word_1_560' title='bbox 1695 1588 1722 1616; x_wconf 91' lang='lat' dir='ltr'>in</span> <span class='ocrx_word' id='word_1_561' title='bbox 1737 1588 1848 1616; x_wconf 88' lang='lat' dir='ltr'>Cantico</span> <span class='ocrx_word' id='word_1_562' title='bbox 1862 1588 2003 1617; x_wconf 88' lang='lat' dir='ltr'>Habacuc:</span> <span class='ocrx_word' id='word_1_563' title='bbox 2019 1588 2118 1625; x_wconf 80' lang='lat' dir='ltr'>Splen-</span> 
     </span>
     <span class='ocr_line' id='line_1_84' title="bbox 1270 1635 2118 1669; baseline 0 -6"><span class='ocrx_word' id='word_1_564' title='bbox 1270 1636 1325 1664; x_wconf 80' lang='lat' dir='ltr'>dor</span> <span class='ocrx_word' id='word_1_565' title='bbox 1345 1636 1408 1664; x_wconf 89' lang='lat' dir='ltr'>eius</span> <span class='ocrx_word' id='word_1_566' title='bbox 1430 1639 1463 1664; x_wconf 87' lang='lat' dir='ltr'>ut</span> <span class='ocrx_word' id='word_1_567' title='bbox 1484 1635 1535 1664; x_wconf 77' lang='lat' dir='ltr'>lux</span> <span class='ocrx_word' id='word_1_568' title='bbox 1556 1635 1628 1668; x_wconf 77' lang='lat' dir='ltr'>erit,</span> <span class='ocrx_word' id='word_1_569' title='bbox 1650 1643 1765 1664; x_wconf 78' lang='lat' dir='ltr'>cornua</span> <span class='ocrx_word' id='word_1_570' title='bbox 1786 1635 1817 1663; x_wconf 84' lang='lat' dir='ltr'>in</span> <span class='ocrx_word' id='word_1_571' title='bbox 1839 1635 1976 1664; x_wconf 82' lang='lat' dir='ltr'>manibus</span> <span class='ocrx_word' id='word_1_572' title='bbox 1997 1635 2076 1669; x_wconf 82' lang='lat' dir='ltr'>eius,</span> <span class='ocrx_word' id='word_1_573' title='bbox 2091 1635 2118 1663; x_wconf 91' lang='lat' dir='ltr'>id</span> 
     </span>
     <span class='ocr_line' id='line_1_85' title="bbox 1270 1681 2118 1718; baseline -0.001 -6"><span class='ocrx_word' id='word_1_574' title='bbox 1270 1686 1312 1712; x_wconf 89' lang='lat' dir='ltr'>est</span> <span class='ocrx_word' id='word_1_575' title='bbox 1333 1683 1361 1711; x_wconf 93' lang='lat' dir='ltr'>in</span> <span class='ocrx_word' id='word_1_576' title='bbox 1382 1682 1503 1711; x_wconf 85' lang='lat' dir='ltr'>brachiis</span> <span class='ocrx_word' id='word_1_577' title='bbox 1524 1682 1624 1711; x_wconf 85' lang='lat' dir='ltr'>erucis.</span> <span class='ocrx_word' id='word_1_578' title='bbox 1649 1699 1683 1702; x_wconf 81' lang='lat'>-</span> <span class='ocrx_word' id='word_1_579' title='bbox 1708 1681 1828 1718; x_wconf 75' lang='lat' dir='ltr'>Perficit</span> <span class='ocrx_word' id='word_1_580' title='bbox 1855 1685 1947 1711; x_wconf 88' lang='lat' dir='ltr'>autem</span> <span class='ocrx_word' id='word_1_581' title='bbox 1975 1682 2033 1711; x_wconf 90' lang='lat' dir='ltr'>sive</span> <span class='ocrx_word' id='word_1_582' title='bbox 2054 1690 2118 1711; x_wconf 87' lang='lat' dir='ltr'>con-</span> 
     </span>
     <span class='ocr_line' id='line_1_86' title="bbox 1271 1728 2118 1766; baseline 0.001 -9"><span class='ocrx_word' id='word_1_583' title='bbox 1271 1732 1392 1758; x_wconf 90' lang='lat' dir='ltr'>summat</span> <span class='ocrx_word' id='word_1_584' title='bbox 1413 1729 1466 1758; x_wconf 91' lang='lat' dir='ltr'>sub</span> <span class='ocrx_word' id='word_1_585' title='bbox 1488 1729 1594 1757; x_wconf 90' lang='lat' dir='ltr'>ratione</span> <span class='ocrx_word' id='word_1_586' title='bbox 1614 1728 1742 1766; x_wconf 65' lang='lat' dir='ltr'>vestigii,</span> <span class='ocrx_word' id='word_1_587' title='bbox 1765 1729 1909 1765; x_wconf 88' lang='lat' dir='ltr'>quoniam,</span> <span class='ocrx_word' id='word_1_588' title='bbox 1931 1729 2002 1758; x_wconf 88' lang='lat' dir='ltr'>sicut</span> <span class='ocrx_word' id='word_1_589' title='bbox 2016 1729 2118 1758; x_wconf 85' lang='lat' dir='ltr'>dicitur</span> 
     </span>
     <span class='ocr_line' id='line_1_87' title="bbox 1271 1775 2120 1813; baseline 0 -9"><span class='ocrx_word' id='word_1_590' title='bbox 1271 1777 1360 1805; x_wconf 88' lang='lat' dir='ltr'>Lucae</span> <span class='ocrx_word' id='word_1_591' title='bbox 1382 1779 1462 1805; x_wconf 85' lang='lat' dir='ltr'>sexto</span> <span class='ocrx_word' id='word_1_592' title='bbox 1474 1776 1494 1810; x_wconf 78' lang='lat'>⁷,</span> <span class='ocrx_word' id='word_1_593' title='bbox 1513 1775 1661 1813; x_wconf 81' lang='lat' dir='ltr'>perfectus</span> <span class='ocrx_word' id='word_1_594' title='bbox 1689 1779 1786 1804; x_wconf 84' lang='lat' dir='ltr'>autem</span> <span class='ocrx_word' id='word_1_595' title='bbox 1815 1776 1910 1805; x_wconf 82' lang='lat' dir='ltr'>omnis</span> <span class='ocrx_word' id='word_1_596' title='bbox 1938 1776 2008 1810; x_wconf 84' lang='lat' dir='ltr'>erit,</span> <span class='ocrx_word' id='word_1_597' title='bbox 2034 1776 2062 1805; x_wconf 89' lang='lat' dir='ltr'>si</span> <span class='ocrx_word' id='word_1_598' title='bbox 2081 1777 2120 1805; x_wconf 85' lang='lat' dir='ltr'>sit</span> 
     </span>
     <span class='ocr_line' id='line_1_88' title="bbox 1270 1823 2120 1861; baseline 0.001 -10"><span class='ocrx_word' id='word_1_599' title='bbox 1270 1823 1347 1851; x_wconf 84' lang='lat' dir='ltr'>sicut</span> <span class='ocrx_word' id='word_1_600' title='bbox 1367 1823 1509 1860; x_wconf 69' lang='lat' dir='ltr'>mayister</span> <span class='ocrx_word' id='word_1_601' title='bbox 1530 1823 1607 1857; x_wconf 81' lang='lat' dir='ltr'>eius,</span> <span class='ocrx_word' id='word_1_602' title='bbox 1630 1823 1655 1851; x_wconf 90' lang='lat' dir='ltr'>id</span> <span class='ocrx_word' id='word_1_603' title='bbox 1678 1826 1732 1857; x_wconf 86' lang='lat' dir='ltr'>est,</span> <span class='ocrx_word' id='word_1_604' title='bbox 1755 1823 1776 1852; x_wconf 91' lang='lat' dir='ltr'>si</span> <span class='ocrx_word' id='word_1_605' title='bbox 1791 1823 1915 1860; x_wconf 83' lang='lat' dir='ltr'>magistri</span> <span class='ocrx_word' id='word_1_606' title='bbox 1931 1823 1991 1852; x_wconf 90' lang='lat' dir='ltr'>eius</span> <span class='ocrx_word' id='word_1_607' title='bbox 2005 1823 2120 1861; x_wconf 85' lang='lat' dir='ltr'>vestigia</span> 
     </span>
     <span class='ocr_line' id='line_1_89' title="bbox 1270 1870 2118 1907; baseline 0 -9"><span class='ocrx_word' id='word_1_608' title='bbox 1270 1870 1467 1907; x_wconf 89' lang='lat' dir='ltr'>subsequatur.</span> <span class='ocrx_word' id='word_1_609' title='bbox 1490 1870 1522 1898; x_wconf 84' lang='lat' dir='ltr'>Et</span> <span class='ocrx_word' id='word_1_610' title='bbox 1545 1870 1595 1898; x_wconf 90' lang='lat' dir='ltr'>hoc</span> <span class='ocrx_word' id='word_1_611' title='bbox 1617 1870 1727 1906; x_wconf 89' lang='lat' dir='ltr'>petebat</span> <span class='ocrx_word' id='word_1_612' title='bbox 1748 1870 1790 1898; x_wconf 82' lang='lat' dir='ltr'>vir</span> <span class='ocrx_word' id='word_1_613' title='bbox 1812 1873 1924 1899; x_wconf 86' lang='lat' dir='ltr'>sanctus</span> <span class='ocrx_word' id='word_1_614' title='bbox 1945 1871 1972 1898; x_wconf 91' lang='lat' dir='ltr'>in</span> <span class='ocrx_word' id='word_1_615' title='bbox 1995 1870 2118 1899; x_wconf 88' lang='lat' dir='ltr'>Psalmo:</span> 
     </span>
     <span class='ocr_line' id='line_1_90' title="bbox 1273 1916 2121 1954; baseline 0.001 -9"><span class='ocrx_word' id='word_1_616' title='bbox 1273 1916 1398 1953; x_wconf 74' lang='lat' dir='ltr'>Perfice,</span> <span class='ocrx_word' id='word_1_617' title='bbox 1427 1917 1532 1954; x_wconf 89' lang='lat' dir='ltr'>inquit,</span> <span class='ocrx_word' id='word_1_618' title='bbox 1552 1925 1674 1954; x_wconf 64' lang='lat' dir='ltr'>pressus</span> <span class='ocrx_word' id='word_1_619' title='bbox 1694 1925 1771 1945; x_wconf 85' lang='lat' dir='ltr'>meos</span> <span class='ocrx_word' id='word_1_620' title='bbox 1793 1917 1824 1945; x_wconf 89' lang='lat' dir='ltr'>in</span> <span class='ocrx_word' id='word_1_621' title='bbox 1851 1917 1961 1945; x_wconf 80' lang='lat' dir='ltr'>semitis</span> <span class='ocrx_word' id='word_1_622' title='bbox 1990 1917 2065 1951; x_wconf 88' lang='lat' dir='ltr'>tuis,</span> <span class='ocrx_word' id='word_1_623' title='bbox 2087 1920 2121 1946; x_wconf 84' lang='lat' dir='ltr'>ut</span> 
     </span>
     <span class='ocr_line' id='line_1_91' title="bbox 1270 1963 2118 2001; baseline 0.002 -10"><span class='ocrx_word' id='word_1_624' title='bbox 1270 1972 1329 1992; x_wconf 87' lang='lat' dir='ltr'>non</span> <span class='ocrx_word' id='word_1_625' title='bbox 1349 1968 1523 1992; x_wconf 73' lang='lat' dir='ltr'>moueantur</span> <span class='ocrx_word' id='word_1_626' title='bbox 1543 1964 1666 2001; x_wconf 61' lang='lat' dir='ltr'>vestigia</span> <span class='ocrx_word' id='word_1_627' title='bbox 1687 1972 1760 1992; x_wconf 87' lang='lat' dir='ltr'>mea.</span> <span class='ocrx_word' id='word_1_628' title='bbox 1783 1963 1868 1992; x_wconf 89' lang='lat' dir='ltr'>Habet</span> <span class='ocrx_word' id='word_1_629' title='bbox 1882 1964 1967 2001; x_wconf 81' lang='lat' dir='ltr'>igitur</span> <span class='ocrx_word' id='word_1_630' title='bbox 1983 1964 2118 2000; x_wconf 88' lang='lat' dir='ltr'>triplicem</span> 
     </span>
     <span class='ocr_line' id='line_1_92' title="bbox 1270 2010 2119 2047; baseline 0.001 -9"><span class='ocrx_word' id='word_1_631' title='bbox 1270 2010 1417 2044; x_wconf 85' lang='lat' dir='ltr'>effectum,</span> <span class='ocrx_word' id='word_1_632' title='bbox 1439 2010 1512 2047; x_wconf 91' lang='lat' dir='ltr'>quod</span> <span class='ocrx_word' id='word_1_633' title='bbox 1535 2010 1668 2039; x_wconf 85' lang='lat' dir='ltr'>brevibus</span> <span class='ocrx_word' id='word_1_634' title='bbox 1690 2010 1798 2044; x_wconf 86' lang='lat' dir='ltr'>verbis,</span> <span class='ocrx_word' id='word_1_635' title='bbox 1821 2010 1866 2039; x_wconf 90' lang='lat' dir='ltr'>sed</span> <span class='ocrx_word' id='word_1_636' title='bbox 1889 2013 1981 2039; x_wconf 88' lang='lat' dir='ltr'>tamen</span> <span class='ocrx_word' id='word_1_637' title='bbox 2010 2013 2119 2040; x_wconf 89' lang='lat' dir='ltr'>senten-</span> 
     </span>
     <span class='ocr_line' id='line_1_93' title="bbox 1270 2057 2118 2094; baseline 0.001 -9"><span class='ocrx_word' id='word_1_638' title='bbox 1270 2057 1362 2091; x_wconf 87' lang='lat' dir='ltr'>tiosis,</span> <span class='ocrx_word' id='word_1_639' title='bbox 1384 2057 1505 2086; x_wconf 89' lang='lat' dir='ltr'>insinuat</span> <span class='ocrx_word' id='word_1_640' title='bbox 1526 2057 1625 2085; x_wconf 89' lang='lat' dir='ltr'>beatus</span> <span class='ocrx_word' id='word_1_641' title='bbox 1647 2057 1743 2086; x_wconf 85' lang='lat' dir='ltr'>Petrus</span> <span class='ocrx_word' id='word_1_642' title='bbox 1765 2058 1791 2085; x_wconf 92' lang='lat' dir='ltr'>in</span> <span class='ocrx_word' id='word_1_643' title='bbox 1814 2057 1957 2094; x_wconf 89' lang='lat' dir='ltr'>proposito</span> <span class='ocrx_word' id='word_1_644' title='bbox 1982 2058 2118 2092; x_wconf 88' lang='lat' dir='ltr'>themate,</span> 
     </span>
     <span class='ocr_line' id='line_1_94' title="bbox 1270 2103 2118 2141; baseline 0.001 -9"><span class='ocrx_word' id='word_1_645' title='bbox 1270 2112 1333 2133; x_wconf 90' lang='lat' dir='ltr'>cum</span> <span class='ocrx_word' id='word_1_646' title='bbox 1355 2104 1435 2133; x_wconf 87' lang='lat' dir='ltr'>dicit:</span> <span class='ocrx_word' id='word_1_647' title='bbox 1460 2103 1595 2132; x_wconf 70' lang='lat' dir='ltr'>Christus</span> <span class='ocrx_word' id='word_1_648' title='bbox 1615 2112 1724 2141; x_wconf 78' lang='lat' dir='ltr'>passus</span> <span class='ocrx_word' id='word_1_649' title='bbox 1755 2108 1797 2132; x_wconf 81' lang='lat' dir='ltr'>est</span> <span class='ocrx_word' id='word_1_650' title='bbox 1823 2108 1889 2139; x_wconf 89' lang='lat' dir='ltr'>etc.,</span> <span class='ocrx_word' id='word_1_651' title='bbox 1921 2104 2000 2141; x_wconf 90' lang='lat' dir='ltr'>quasi</span> <span class='ocrx_word' id='word_1_652' title='bbox 2031 2105 2118 2134; x_wconf 84' lang='lat' dir='ltr'>dicat:</span> 
     </span>
     <span class='ocr_line' id='line_1_95' title="bbox 1272 2149 2120 2188; baseline 0.001 -9"><span class='ocrx_word' id='word_1_653' title='bbox 1272 2149 1407 2179; x_wconf 71' lang='lat' dir='ltr'>Clzrz&#39;stus</span> <span class='ocrx_word' id='word_1_654' title='bbox 1425 2159 1536 2188; x_wconf 83' lang='lat' dir='ltr'>passus</span> <span class='ocrx_word' id='word_1_655' title='bbox 1557 2154 1597 2179; x_wconf 83' lang='lat' dir='ltr'>est</span> <span class='ocrx_word' id='word_1_656' title='bbox 1616 2159 1672 2187; x_wconf 79' lang='lat' dir='ltr'>pro</span> <span class='ocrx_word' id='word_1_657' title='bbox 1693 2150 1792 2184; x_wconf 71' lang='lat' dir='ltr'>nobiS,</span> <span class='ocrx_word' id='word_1_658' title='bbox 1822 2151 1925 2180; x_wconf 88' lang='lat' dir='ltr'>scilicet</span> <span class='ocrx_word' id='word_1_659' title='bbox 1949 2151 2120 2188; x_wconf 69' lang='lat' dir='ltr'>puryandis</span> 
     </span>
     <span class='ocr_line' id='line_1_96' title="bbox 1270 2198 2118 2236; baseline 0.001 -10"><span class='ocrx_word' id='word_1_660' title='bbox 1270 2198 1304 2226; x_wconf 91' lang='lat' dir='ltr'>ab</span> <span class='ocrx_word' id='word_1_661' title='bbox 1325 2198 1400 2226; x_wconf 89' lang='lat' dir='ltr'>omni</span> <span class='ocrx_word' id='word_1_662' title='bbox 1423 2198 1583 2235; x_wconf 76' lang='lat' dir='ltr'>iniquitate:</span> <span class='ocrx_word' id='word_1_663' title='bbox 1599 2198 1766 2236; x_wconf 72' lang='lat' dir='ltr'>relinquens</span> <span class='ocrx_word' id='word_1_664' title='bbox 1781 2198 1945 2235; x_wconf 74' lang='lat' dir='ltr'>eoeemplum</span> <span class='ocrx_word' id='word_1_665' title='bbox 1962 2198 2040 2227; x_wconf 90' lang='lat' dir='ltr'>nobis</span> <span class='ocrx_word' id='word_1_666' title='bbox 2055 2198 2118 2227; x_wconf 85' lang='lat' dir='ltr'>illu-</span> 
     </span>
     <span class='ocr_line' id='line_1_97' title="bbox 1270 2245 2120 2283; baseline 0 -10"><span class='ocrx_word' id='word_1_667' title='bbox 1270 2245 1422 2273; x_wconf 79' lang='lat' dir='ltr'>minandis</span> <span class='ocrx_word' id='word_1_668' title='bbox 1443 2245 1469 2273; x_wconf 94' lang='lat' dir='ltr'>in</span> <span class='ocrx_word' id='word_1_669' title='bbox 1502 2245 1575 2273; x_wconf 88' lang='lat' dir='ltr'>omni</span> <span class='ocrx_word' id='word_1_670' title='bbox 1609 2245 1740 2279; x_wconf 72' lang='lat' dir='ltr'>veritate:</span> <span class='ocrx_word' id='word_1_671' title='bbox 1763 2249 1797 2273; x_wconf 81' lang='lat' dir='ltr'>uc</span> <span class='ocrx_word' id='word_1_672' title='bbox 1816 2253 1977 2283; x_wconf 83' lang='lat' dir='ltr'>sequamur</span> <span class='ocrx_word' id='word_1_673' title='bbox 1997 2245 2120 2283; x_wconf 63' lang='lat' dir='ltr'>vestigia</span> 
     </span>
     <span class='ocr_line' id='line_1_98' title="bbox 1270 2291 1890 2328; baseline 0 -8"><span class='ocrx_word' id='word_1_674' title='bbox 1270 2292 1333 2320; x_wconf 83' lang='lat' dir='ltr'>eius</span> <span class='ocrx_word' id='word_1_675' title='bbox 1354 2292 1381 2320; x_wconf 89' lang='lat' dir='ltr'>iu</span> <span class='ocrx_word' id='word_1_676' title='bbox 1403 2292 1477 2320; x_wconf 86' lang='lat' dir='ltr'>omni</span> <span class='ocrx_word' id='word_1_677' title='bbox 1501 2291 1668 2328; x_wconf 89' lang='lat' dir='ltr'>perfectione</span> <span class='ocrx_word' id='word_1_678' title='bbox 1689 2295 1717 2320; x_wconf 93' lang='lat' dir='ltr'>et</span> <span class='ocrx_word' id='word_1_679' title='bbox 1738 2291 1890 2320; x_wconf 85' lang='lat' dir='ltr'>sanctitate.</span> 
     </span>
    </p>
   </div>
   <div class='ocr_carea' id='block_1_16' title="bbox 2236 647 2243 784">
    <p class='ocr_par' dir='ltr' id='par_1_17' title="bbox 2236 647 2243 784">
     <span class='ocr_line' id='line_1_99' title="bbox 2236 647 2243 784; baseline 0 -102"><span class='ocrx_word' id='word_1_680' title='bbox 2236 647 2243 784; x_wconf 62' lang='lat' dir='ltr'><strong>i</strong></span> 
     </span>
    </p>
   </div>
   <div class='ocr_carea' id='block_1_17' title="bbox 2240 975 2243 1516">
    <p class='ocr_par' dir='ltr' id='par_1_18' title="bbox 2240 975 2243 1516">
     <span class='ocr_line' id='line_1_100' title="bbox 2240 975 2243 1516; baseline 0 0"><span class='ocrx_word' id='word_1_681' title='bbox 2240 975 2243 1516; x_wconf 95' lang='lat' dir='ltr'> </span> 
     </span>
    </p>
   </div>
   <div class='ocr_carea' id='block_1_18' title="bbox 1349 2337 2235 2376">
    <p class='ocr_par' dir='ltr' id='par_1_19' title="bbox 1349 2337 2235 2376">
     <span class='ocr_line' id='line_1_101' title="bbox 1349 2337 2235 2376; baseline -0.001 -10"><span class='ocrx_word' id='word_1_682' title='bbox 1349 2339 1366 2366; x_wconf 92' lang='lat'>1.</span> <span class='ocrx_word' id='word_1_683' title='bbox 1389 2338 1459 2367; x_wconf 87' lang='lat' dir='ltr'>Dicit</span> <span class='ocrx_word' id='word_1_684' title='bbox 1480 2346 1561 2375; x_wconf 85' lang='lat' dir='ltr'>ergo:</span> <span class='ocrx_word' id='word_1_685' title='bbox 1586 2337 1720 2367; x_wconf 70' lang='lat' dir='ltr'>Christus</span> <span class='ocrx_word' id='word_1_686' title='bbox 1738 2346 1849 2376; x_wconf 80' lang='lat' dir='ltr'>passus</span> <span class='ocrx_word' id='word_1_687' title='bbox 1870 2342 1910 2366; x_wconf 89' lang='lat' dir='ltr'>est</span> <span class='ocrx_word' id='word_1_688' title='bbox 1937 2347 1991 2375; x_wconf 75' lang='lat' dir='ltr'>pro</span> <span class='ocrx_word' id='word_1_689' title='bbox 2019 2338 2235 2372; x_wconf 76' lang='lat' dir='ltr'>nobis‚1&#39;ars1-Ch</span> 
     </span>
    </p>
   </div>
   <div class='ocr_carea' id='block_1_19' title="bbox 1270 2385 2120 2751">
    <p class='ocr_par' dir='ltr' id='par_1_20' title="bbox 1270 2385 2120 2751">
     <span class='ocr_line' id='line_1_102' title="bbox 1271 2385 2119 2423; baseline 0 -9"><span class='ocrx_word' id='word_1_690' title='bbox 1271 2386 1373 2415; x_wconf 88' lang='lat' dir='ltr'>scilicet</span> <span class='ocrx_word' id='word_1_691' title='bbox 1394 2386 1562 2423; x_wconf 62' lang='lat' dir='ltr'>purgandis</span> <span class='ocrx_word' id='word_1_692' title='bbox 1583 2386 1617 2414; x_wconf 91' lang='lat' dir='ltr'>ab</span> <span class='ocrx_word' id='word_1_693' title='bbox 1639 2385 1792 2422; x_wconf 87' lang='lat' dir='ltr'>iniquitate.</span> <span class='ocrx_word' id='word_1_694' title='bbox 1811 2385 1833 2413; x_wconf 95' lang='lat' dir='ltr'>O</span> <span class='ocrx_word' id='word_1_695' title='bbox 1855 2385 1972 2414; x_wconf 88' lang='lat' dir='ltr'>verbum</span> <span class='ocrx_word' id='word_1_696' title='bbox 1993 2385 2119 2414; x_wconf 81' lang='lat' dir='ltr'>dulcissi-</span> 
     </span>
     <span class='ocr_line' id='line_1_103' title="bbox 1270 2432 2119 2467; baseline -0.001 -6"><span class='ocrx_word' id='word_1_697' title='bbox 1270 2441 1363 2467; x_wconf 91' lang='lat' dir='ltr'>mum,</span> <span class='ocrx_word' id='word_1_698' title='bbox 1386 2433 1503 2462; x_wconf 88' lang='lat' dir='ltr'>verbum</span> <span class='ocrx_word' id='word_1_699' title='bbox 1525 2433 1719 2466; x_wconf 81' lang='lat' dir='ltr'>verissimum,</span> <span class='ocrx_word' id='word_1_700' title='bbox 1742 2433 1859 2461; x_wconf 77' lang='lat' dir='ltr'>verbum</span> <span class='ocrx_word' id='word_1_701' title='bbox 1884 2432 1957 2461; x_wconf 89' lang='lat' dir='ltr'>omni</span> <span class='ocrx_word' id='word_1_702' title='bbox 1986 2432 2119 2461; x_wconf 88' lang='lat' dir='ltr'>memoria</span> 
     </span>
     <span class='ocr_line' id='line_1_104' title="bbox 1271 2478 2117 2516; baseline -0.001 -8"><span class='ocrx_word' id='word_1_703' title='bbox 1271 2483 1297 2508; x_wconf 90' lang='lat' dir='ltr'>et</span> <span class='ocrx_word' id='word_1_704' title='bbox 1319 2479 1400 2508; x_wconf 87' lang='lat' dir='ltr'>laude</span> <span class='ocrx_word' id='word_1_705' title='bbox 1421 2479 1551 2516; x_wconf 84' lang='lat' dir='ltr'>dignum!</span> <span class='ocrx_word' id='word_1_706' title='bbox 1574 2487 1630 2516; x_wconf 89' lang='lat' dir='ltr'>quo</span> <span class='ocrx_word' id='word_1_707' title='bbox 1651 2479 1762 2513; x_wconf 83' lang='lat' dir='ltr'>dicitur,</span> <span class='ocrx_word' id='word_1_708' title='bbox 1784 2479 1858 2516; x_wconf 89' lang='lat' dir='ltr'>quod</span> <span class='ocrx_word' id='word_1_709' title='bbox 1880 2487 1931 2516; x_wconf 89' lang='lat' dir='ltr'>pro</span> <span class='ocrx_word' id='word_1_710' title='bbox 1951 2478 2031 2507; x_wconf 88' lang='lat' dir='ltr'>nobis</span> <span class='ocrx_word' id='word_1_711' title='bbox 2055 2486 2117 2515; x_wconf 88' lang='lat' dir='ltr'>pec-</span> 
     </span>
     <span class='ocr_line' id='line_1_105' title="bbox 1271 2526 2116 2563; baseline -0.001 -8"><span class='ocrx_word' id='word_1_712' title='bbox 1271 2526 1412 2555; x_wconf 85' lang='lat' dir='ltr'>catoribus</span> <span class='ocrx_word' id='word_1_713' title='bbox 1433 2526 1585 2563; x_wconf 83' lang='lat' dir='ltr'>purgandis</span> <span class='ocrx_word' id='word_1_714' title='bbox 1606 2534 1703 2563; x_wconf 87' lang='lat' dir='ltr'>passus</span> <span class='ocrx_word' id='word_1_715' title='bbox 1718 2529 1760 2555; x_wconf 88' lang='lat' dir='ltr'>est</span> <span class='ocrx_word' id='word_1_716' title='bbox 1780 2526 1940 2563; x_wconf 86' lang='lat' dir='ltr'>unigenitus</span> <span class='ocrx_word' id='word_1_717' title='bbox 1955 2526 2002 2554; x_wconf 89' lang='lat' dir='ltr'>Dei</span> <span class='ocrx_word' id='word_1_718' title='bbox 2017 2526 2116 2560; x_wconf 88' lang='lat' dir='ltr'>Filius;</span> 
     </span>
     <span class='ocr_line' id='line_1_106' title="bbox 1271 2572 2120 2610; baseline 0 -9"><span class='ocrx_word' id='word_1_719' title='bbox 1271 2581 1322 2610; x_wconf 92' lang='lat' dir='ltr'>pro</span> <span class='ocrx_word' id='word_1_720' title='bbox 1344 2573 1438 2607; x_wconf 89' lang='lat' dir='ltr'>nohis,</span> <span class='ocrx_word' id='word_1_721' title='bbox 1461 2573 1590 2610; x_wconf 86' lang='lat' dir='ltr'>inquam,</span> <span class='ocrx_word' id='word_1_722' title='bbox 1623 2572 1774 2610; x_wconf 86' lang='lat' dir='ltr'>purgandis</span> <span class='ocrx_word' id='word_1_723' title='bbox 1804 2573 1839 2601; x_wconf 91' lang='lat' dir='ltr'>ab</span> <span class='ocrx_word' id='word_1_724' title='bbox 1869 2573 1942 2601; x_wconf 88' lang='lat' dir='ltr'>omni</span> <span class='ocrx_word' id='word_1_725' title='bbox 1974 2572 2120 2610; x_wconf 86' lang='lat' dir='ltr'>iniquitate</span> 
     </span>
     <span class='ocr_line' id='line_1_107' title="bbox 1271 2619 2120 2658; baseline -0.001 -9"><span class='ocrx_word' id='word_1_726' title='bbox 1271 2623 1407 2657; x_wconf 91' lang='lat' dir='ltr'>quantum</span> <span class='ocrx_word' id='word_1_727' title='bbox 1423 2620 1456 2649; x_wconf 93' lang='lat' dir='ltr'>ad</span> <span class='ocrx_word' id='word_1_728' title='bbox 1468 2619 1619 2658; x_wconf 80' lang='lat' dir='ltr'>offensam,</span> <span class='ocrx_word' id='word_1_729' title='bbox 1631 2624 1766 2657; x_wconf 91' lang='lat' dir='ltr'>quantum</span> <span class='ocrx_word' id='word_1_730' title='bbox 1782 2620 1815 2648; x_wconf 88' lang='lat' dir='ltr'>ad</span> <span class='ocrx_word' id='word_1_731' title='bbox 1830 2619 1980 2648; x_wconf 81' lang='lat' dir='ltr'>maculam</span> <span class='ocrx_word' id='word_1_732' title='bbox 1994 2623 2021 2648; x_wconf 90' lang='grc'>61</span> <span class='ocrx_word' id='word_1_733' title='bbox 2035 2627 2120 2657; x_wconf 88' lang='lat' dir='ltr'>quan-</span> 
     </span>
     <span class='ocr_line' id='line_1_108' title="bbox 1272 2666 2118 2705; baseline -0.001 -10"><span class='ocrx_word' id='word_1_734' title='bbox 1272 2670 1331 2696; x_wconf 93' lang='lat' dir='ltr'>tum</span> <span class='ocrx_word' id='word_1_735' title='bbox 1353 2667 1387 2695; x_wconf 88' lang='lat' dir='ltr'>ad</span> <span class='ocrx_word' id='word_1_736' title='bbox 1407 2667 1561 2705; x_wconf 81' lang='lat' dir='ltr'>sequelam.</span> <span class='ocrx_word' id='word_1_737' title='bbox 1578 2667 1647 2696; x_wconf 89' lang='lat' dir='ltr'>Haec</span> <span class='ocrx_word' id='word_1_738' title='bbox 1662 2667 1734 2695; x_wconf 91' lang='lat' dir='ltr'>enim</span> <span class='ocrx_word' id='word_1_739' title='bbox 1751 2667 1803 2695; x_wconf 87' lang='lat' dir='ltr'>tria</span> <span class='ocrx_word' id='word_1_740' title='bbox 1818 2669 1883 2695; x_wconf 87' lang='lat' dir='ltr'>sunt</span> <span class='ocrx_word' id='word_1_741' title='bbox 1897 2666 1925 2695; x_wconf 90' lang='lat' dir='ltr'>in</span> <span class='ocrx_word' id='word_1_742' title='bbox 1939 2666 2014 2695; x_wconf 90' lang='lat' dir='ltr'>omni</span> <span class='ocrx_word' id='word_1_743' title='bbox 2029 2666 2118 2703; x_wconf 87' lang='lat' dir='ltr'>culpa.</span> 
     </span>
     <span class='ocr_line' id='line_1_109' title="bbox 1274 2712 2119 2751; baseline -0.001 -9"><span class='ocrx_word' id='word_1_744' title='bbox 1274 2713 1389 2751; x_wconf 78' lang='lat' dir='ltr'>Offensa</span> <span class='ocrx_word' id='word_1_745' title='bbox 1421 2714 1545 2743; x_wconf 85' lang='lat' dir='ltr'>consistit</span> <span class='ocrx_word' id='word_1_746' title='bbox 1575 2714 1603 2742; x_wconf 87' lang='lat' dir='ltr'>in</span> <span class='ocrx_word' id='word_1_747' title='bbox 1634 2713 1869 2750; x_wconf 87' lang='lat' dir='ltr'>praevaricatione</span> <span class='ocrx_word' id='word_1_748' title='bbox 1896 2713 1978 2750; x_wconf 79' lang='lat' dir='ltr'>legis,</span> <span class='ocrx_word' id='word_1_749' title='bbox 1999 2712 2119 2741; x_wconf 85' lang='lat' dir='ltr'>macula</span> 
     </span>
    </p>
   </div>
   <div class='ocr_carea' id='block_1_20' title="bbox 983 2797 1499 2801">
    <p class='ocr_par' dir='ltr' id='par_1_21' title="bbox 983 2797 1499 2801">
     <span class='ocr_line' id='line_1_110' title="bbox 983 2797 1499 2801; baseline 0 0"><span class='ocrx_word' id='word_1_750' title='bbox 983 2797 1499 2801; x_wconf 95' lang='lat' dir='ltr'> </span> 
     </span>
    </p>
   </div>
   <div class='ocr_carea' id='block_1_21' title="bbox 370 2844 1215 3029">
    <p class='ocr_par' dir='ltr' id='par_1_22' title="bbox 432 2844 578 2866">
     <span class='ocr_line' id='line_1_111' title="bbox 432 2844 578 2866; baseline -0.007 0"><span class='ocrx_word' id='word_1_751' title='bbox 432 2844 439 2856; x_wconf 82' lang='lat'>¹</span> <span class='ocrx_word' id='word_1_752' title='bbox 460 2844 523 2866; x_wconf 77' lang='lat' dir='ltr'>Vers.</span> <span class='ocrx_word' id='word_1_753' title='bbox 542 2844 578 2866; x_wconf 84' lang='grc'>17.</span> 
     </span>
    </p>

    <p class='ocr_par' dir='ltr' id='par_1_23' title="bbox 432 2882 853 2912">
     <span class='ocr_line' id='line_1_112' title="bbox 432 2882 853 2912; baseline 0 -7"><span class='ocrx_word' id='word_1_754' title='bbox 432 2882 440 2895; x_wconf 77' lang='lat'><strong>²</strong></span> <span class='ocrx_word' id='word_1_755' title='bbox 458 2883 523 2905; x_wconf 80' lang='lat' dir='ltr'>vers.</span> <span class='ocrx_word' id='word_1_756' title='bbox 541 2883 566 2910; x_wconf 80' lang='lat'>73</span> <span class='ocrx_word' id='word_1_757' title='bbox 585 2883 688 2912; x_wconf 82' lang='lat' dir='ltr'>sequitur</span> <span class='ocrx_word' id='word_1_758' title='bbox 705 2883 741 2905; x_wconf 90' lang='lat' dir='ltr'>Ps.</span> <span class='ocrx_word' id='word_1_759' title='bbox 761 2883 797 2911; x_wconf 80' lang='lat'>43,</span> <span class='ocrx_word' id='word_1_760' title='bbox 815 2884 853 2905; x_wconf 75' lang='lat'>22.</span> 
     </span>
    </p>

    <p class='ocr_par' dir='ltr' id='par_1_24' title="bbox 433 2921 668 2949">
     <span class='ocr_line' id='line_1_113' title="bbox 433 2921 668 2949; baseline 0.004 -6"><span class='ocrx_word' id='word_1_761' title='bbox 433 2921 441 2933; x_wconf 78' lang='lat'>³</span> <span class='ocrx_word' id='word_1_762' title='bbox 459 2922 540 2943; x_wconf 85' lang='lat' dir='ltr'>Psalm.</span> <span class='ocrx_word' id='word_1_763' title='bbox 563 2921 613 2949; x_wconf 83' lang='grc'><strong>143,</strong></span> <span class='ocrx_word' id='word_1_764' title='bbox 631 2922 668 2944; x_wconf 83' lang='grc'>13.</span> 
     </span>
    </p>

    <p class='ocr_par' dir='ltr' id='par_1_25' title="bbox 370 2959 1215 3029">
     <span class='ocr_line' id='line_1_114' title="bbox 432 2959 1215 2984; baseline 0.001 -2"><span class='ocrx_word' id='word_1_765' title='bbox 432 2959 441 2971; x_wconf 60' lang='lat'><em>4</em></span> <span class='ocrx_word' id='word_1_766' title='bbox 458 2960 560 2982; x_wconf 86' lang='lat' dir='ltr'>Habetur</span> <span class='ocrx_word' id='word_1_767' title='bbox 577 2961 599 2983; x_wconf 89' lang='lat' dir='ltr'>in</span> <span class='ocrx_word' id='word_1_768' title='bbox 617 2961 668 2983; x_wconf 86' lang='lat' dir='ltr'>cod.</span> <span class='ocrx_word' id='word_1_769' title='bbox 687 2961 796 2983; x_wconf 86' lang='lat' dir='ltr'>Trecensi</span> <span class='ocrx_word' id='word_1_770' title='bbox 813 2967 836 2983; x_wconf 89' lang='lat' dir='ltr'>n.</span> <span class='ocrx_word' id='word_1_771' title='bbox 853 2961 922 2983; x_wconf 75' lang='lat'>2052.</span> <span class='ocrx_word' id='word_1_772' title='bbox 940 2961 978 2983; x_wconf 86' lang='lat' dir='ltr'>sol.</span> <span class='ocrx_word' id='word_1_773' title='bbox 996 2962 1040 2983; x_wconf 55' lang='lat'>1122</span> <span class='ocrx_word' id='word_1_774' title='bbox 1064 2964 1085 2983; x_wconf 87' lang='lat' dir='ltr'>et</span> <span class='ocrx_word' id='word_1_775' title='bbox 1103 2961 1126 2983; x_wconf 92' lang='lat' dir='ltr'>in</span> <span class='ocrx_word' id='word_1_776' title='bbox 1146 2961 1215 2984; x_wconf 89' lang='lat' dir='ltr'>codd.</span> 
     </span>
     <span class='ocr_line' id='line_1_115' title="bbox 370 2999 1215 3029; baseline 0.001 -8"><span class='ocrx_word' id='word_1_777' title='bbox 370 2999 500 3021; x_wconf 88' lang='lat' dir='ltr'>Tudertinis</span> <span class='ocrx_word' id='word_1_778' title='bbox 517 3006 539 3021; x_wconf 92' lang='lat' dir='ltr'>n.</span> <span class='ocrx_word' id='word_1_779' title='bbox 559 3000 611 3022; x_wconf 61' lang='grc'>1168.</span> <span class='ocrx_word' id='word_1_780' title='bbox 629 3000 666 3022; x_wconf 86' lang='lat' dir='ltr'>sol.</span> <span class='ocrx_word' id='word_1_781' title='bbox 683 3000 712 3022; x_wconf 93' lang='lat'>70</span> <span class='ocrx_word' id='word_1_782' title='bbox 730 3006 752 3022; x_wconf 94' lang='lat' dir='ltr'>v.</span> <span class='ocrx_word' id='word_1_783' title='bbox 765 3002 787 3022; x_wconf 86' lang='lat' dir='ltr'>et</span> <span class='ocrx_word' id='word_1_784' title='bbox 798 3006 821 3022; x_wconf 86' lang='lat' dir='ltr'>n.</span> <span class='ocrx_word' id='word_1_785' title='bbox 836 3000 888 3022; x_wconf 76' lang='grc'><strong>182.</strong></span> <span class='ocrx_word' id='word_1_786' title='bbox 901 3001 937 3023; x_wconf 88' lang='lat' dir='ltr'>sol.</span> <span class='ocrx_word' id='word_1_787' title='bbox 950 3000 994 3022; x_wconf 81' lang='grc'>134</span> <span class='ocrx_word' id='word_1_788' title='bbox 1007 3006 1034 3029; x_wconf 82' lang='lat' dir='ltr'>r.‚</span> <span class='ocrx_word' id='word_1_789' title='bbox 1046 3001 1085 3029; x_wconf 89' lang='lat' dir='ltr'>qui</span> <span class='ocrx_word' id='word_1_790' title='bbox 1098 3006 1151 3023; x_wconf 86' lang='lat' dir='ltr'>cum</span> <span class='ocrx_word' id='word_1_791' title='bbox 1163 3000 1215 3023; x_wconf 86' lang='lat' dir='ltr'>cod.</span> 
     </span>
    </p>
   </div>
   <div class='ocr_carea' id='block_1_22' title="bbox 1236 284 1248 2954">
    <p class='ocr_par' dir='ltr' id='par_1_26' title="bbox 1236 284 1248 2954">
     <span class='ocr_line' id='line_1_116' title="bbox 1236 284 1248 2954; baseline 0 0"><span class='ocrx_word' id='word_1_792' title='bbox 1236 284 1248 2954; x_wconf 95' lang='lat' dir='ltr'> </span> 
     </span>
    </p>
   </div>
   <div class='ocr_carea' id='block_1_23' title="bbox 1272 2842 2117 3028">
    <p class='ocr_par' dir='ltr' id='par_1_27' title="bbox 1272 2842 2117 2910">
     <span class='ocr_line' id='line_1_117' title="bbox 1274 2842 2117 2866; baseline -0.002 0"><span class='ocrx_word' id='word_1_793' title='bbox 1274 2843 1380 2866; x_wconf 85' lang='lat' dir='ltr'>Treceusi</span> <span class='ocrx_word' id='word_1_794' title='bbox 1399 2847 1421 2866; x_wconf 88' lang='lat' dir='ltr'>et</span> <span class='ocrx_word' id='word_1_795' title='bbox 1438 2844 1507 2866; x_wconf 82' lang='lat' dir='ltr'>etiam</span> <span class='ocrx_word' id='word_1_796' title='bbox 1524 2843 1583 2865; x_wconf 88' lang='lat' dir='ltr'>inter</span> <span class='ocrx_word' id='word_1_797' title='bbox 1599 2849 1624 2865; x_wconf 88' lang='lat' dir='ltr'>se</span> <span class='ocrx_word' id='word_1_798' title='bbox 1649 2843 1704 2865; x_wconf 82' lang='lat' dir='ltr'>satis</span> <span class='ocrx_word' id='word_1_799' title='bbox 1721 2842 1780 2865; x_wconf 83' lang='lat' dir='ltr'>bene</span> <span class='ocrx_word' id='word_1_800' title='bbox 1803 2842 1951 2864; x_wconf 79' lang='lat' dir='ltr'>conveniunt.</span> <span class='ocrx_word' id='word_1_801' title='bbox 1969 2854 1999 2857; x_wconf 97' lang='lat'><strong>—</strong></span> <span class='ocrx_word' id='word_1_802' title='bbox 2021 2842 2117 2864; x_wconf 86' lang='lat' dir='ltr'>Schema</span> 
     </span>
     <span class='ocr_line' id='line_1_118' title="bbox 1272 2882 1699 2910; baseline -0.002 -5"><span class='ocrx_word' id='word_1_803' title='bbox 1272 2882 1376 2905; x_wconf 84' lang='lat' dir='ltr'>eiusdem</span> <span class='ocrx_word' id='word_1_804' title='bbox 1395 2882 1509 2905; x_wconf 86' lang='lat' dir='ltr'>sermonis</span> <span class='ocrx_word' id='word_1_805' title='bbox 1525 2882 1583 2904; x_wconf 79' lang='lat' dir='ltr'>infra</span> <span class='ocrx_word' id='word_1_806' title='bbox 1600 2882 1699 2910; x_wconf 86' lang='lat' dir='ltr'>ponitur.</span> 
     </span>
    </p>

    <p class='ocr_par' dir='ltr' id='par_1_28' title="bbox 1335 2920 1888 2949">
     <span class='ocr_line' id='line_1_119' title="bbox 1335 2920 1888 2949; baseline -0.002 -6"><span class='ocrx_word' id='word_1_807' title='bbox 1335 2920 1344 2933; x_wconf 84' lang='lat'>⁵</span> <span class='ocrx_word' id='word_1_808' title='bbox 1362 2921 1428 2943; x_wconf 87' lang='lat' dir='ltr'>Vers.</span> <span class='ocrx_word' id='word_1_809' title='bbox 1446 2922 1483 2948; x_wconf 76' lang='lat'>21,</span> <span class='ocrx_word' id='word_1_810' title='bbox 1501 2927 1527 2944; x_wconf 88' lang='lat' dir='ltr'>ex</span> <span class='ocrx_word' id='word_1_811' title='bbox 1545 2921 1645 2949; x_wconf 85' lang='lat' dir='ltr'>Epistola</span> <span class='ocrx_word' id='word_1_812' title='bbox 1662 2921 1731 2943; x_wconf 89' lang='lat' dir='ltr'>huius</span> <span class='ocrx_word' id='word_1_813' title='bbox 1749 2920 1888 2943; x_wconf 87' lang='lat' dir='ltr'>Dominicae.</span> 
     </span>
    </p>

    <p class='ocr_par' dir='ltr' id='par_1_29' title="bbox 1335 2958 2079 2989">
     <span class='ocr_line' id='line_1_120' title="bbox 1335 2958 2079 2989; baseline -0.003 -6"><span class='ocrx_word' id='word_1_814' title='bbox 1335 2960 1345 2973; x_wconf 80' lang='lat'><strong>⁶</strong></span> <span class='ocrx_word' id='word_1_815' title='bbox 1362 2960 1427 2983; x_wconf 87' lang='lat' dir='ltr'>Vers.</span> <span class='ocrx_word' id='word_1_816' title='bbox 1449 2960 1488 2989; x_wconf 84' lang='grc'>14;</span> <span class='ocrx_word' id='word_1_817' title='bbox 1505 2964 1634 2989; x_wconf 81' lang='lat' dir='ltr'>sequuntur</span> <span class='ocrx_word' id='word_1_818' title='bbox 1651 2961 1718 2982; x_wconf 82' lang='lat' dir='ltr'>Prov.</span> <span class='ocrx_word' id='word_1_819' title='bbox 1737 2959 1778 2987; x_wconf 81' lang='lat'>24,</span> <span class='ocrx_word' id='word_1_820' title='bbox 1795 2960 1833 2982; x_wconf 76' lang='lat'>32.</span> <span class='ocrx_word' id='word_1_821' title='bbox 1850 2962 1872 2982; x_wconf 87' lang='lat' dir='ltr'>et</span> <span class='ocrx_word' id='word_1_822' title='bbox 1889 2958 1997 2982; x_wconf 82' lang='lat' dir='ltr'>Habacue</span> <span class='ocrx_word' id='word_1_823' title='bbox 2014 2959 2040 2987; x_wconf 85' lang='grc'>3,</span> <span class='ocrx_word' id='word_1_824' title='bbox 2058 2959 2079 2981; x_wconf 80' lang='grc'>4.</span> 
     </span>
    </p>

    <p class='ocr_par' dir='ltr' id='par_1_30' title="bbox 1336 2998 1762 3028">
     <span class='ocr_line' id='line_1_121' title="bbox 1336 2998 1762 3028; baseline -0.002 -6"><span class='ocrx_word' id='word_1_825' title='bbox 1336 2998 1345 3011; x_wconf 91' lang='lat'>⁷</span> <span class='ocrx_word' id='word_1_826' title='bbox 1363 3000 1428 3022; x_wconf 87' lang='lat' dir='ltr'>Vers.</span> <span class='ocrx_word' id='word_1_827' title='bbox 1447 2999 1488 3026; x_wconf 70' lang='lat'>40:</span> <span class='ocrx_word' id='word_1_828' title='bbox 1506 3000 1610 3028; x_wconf 86' lang='lat' dir='ltr'>sequitur</span> <span class='ocrx_word' id='word_1_829' title='bbox 1627 3000 1663 3022; x_wconf 86' lang='lat' dir='ltr'>Ps.</span> <span class='ocrx_word' id='word_1_830' title='bbox 1682 2999 1723 3026; x_wconf 86' lang='grc'>16,</span> <span class='ocrx_word' id='word_1_831' title='bbox 1741 2999 1762 3021; x_wconf 83' lang='grc'>5.</span> 
     </span>
    </p>
   </div>
   <div class='ocr_carea' id='block_1_24' title="bbox 2099 2368 2235 2391">
    <p class='ocr_par' dir='ltr' id='par_1_31' title="bbox 2099 2368 2235 2391">
     <span class='ocr_line' id='line_1_122' title="bbox 2099 2368 2235 2391; baseline 0.007 -6"><span class='ocrx_word' id='word_1_832' title='bbox 2099 2385 2103 2390; x_wconf 81' lang='grc'><strong>,</strong></span> <span class='ocrx_word' id='word_1_833' title='bbox 2135 2368 2175 2385; x_wconf 75' lang='lat' dir='ltr'>stus</span> <span class='ocrx_word' id='word_1_834' title='bbox 2187 2372 2235 2391; x_wconf 74' lang='lat' dir='ltr'>passi</span> 
     </span>
    </p>
   </div>
   <div class='ocr_carea' id='block_1_25' title="bbox 2135 2392 2236 2479">
    <p class='ocr_par' dir='ltr' id='par_1_32' title="bbox 2135 2392 2236 2414">
     <span class='ocr_line' id='line_1_123' title="bbox 2135 2392 2236 2414; baseline -0.01 -5"><span class='ocrx_word' id='word_1_835' title='bbox 2135 2392 2165 2409; x_wconf 77' lang='grc'><strong>551.</strong></span> <span class='ocrx_word' id='word_1_836' title='bbox 2175 2395 2210 2414; x_wconf 79' lang='lat' dir='ltr'>pro</span> <span class='ocrx_word' id='word_1_837' title='bbox 2219 2395 2236 2409; x_wconf 77' lang='lat' dir='ltr'>n·</span> 
     </span>
    </p>

    <p class='ocr_par' dir='ltr' id='par_1_33' title="bbox 2135 2413 2236 2438">
     <span class='ocr_line' id='line_1_124' title="bbox 2135 2413 2236 2438; baseline 0 -6"><span class='ocrx_word' id='word_1_838' title='bbox 2135 2413 2165 2432; x_wconf 78' lang='grc'><strong>1115</strong></span> <span class='ocrx_word' id='word_1_839' title='bbox 2172 2418 2236 2438; x_wconf 72' lang='lat' dir='ltr'>purga}</span> 
     </span>
    </p>

    <p class='ocr_par' dir='ltr' id='par_1_34' title="bbox 2141 2437 2235 2479">
     <span class='ocr_line' id='line_1_125' title="bbox 2141 2437 2235 2464; baseline 0 -8"><span class='ocrx_word' id='word_1_840' title='bbox 2141 2437 2170 2456; x_wconf 79' lang='grc'><strong>(115</strong></span> <span class='ocrx_word' id='word_1_841' title='bbox 2183 2442 2235 2464; x_wconf 71' lang='lat' dir='ltr'>quoa«</span> 
     </span>
     <span class='ocr_line' id='line_1_126' title="bbox 2170 2462 2214 2479; baseline 0 0"><span class='ocrx_word' id='word_1_842' title='bbox 2170 2462 2214 2479; x_wconf 80' lang='lat' dir='ltr'>tna.</span> 
     </span>
    </p>
   </div>
  </div>
 </body>
</html>
