2243 3348
565 186 607 214 DE
630 185 892 214 ANNUNTlATlONE
914 185 942 213 B.
964 184 1105 214 VlRGlNlS
1126 185 1254 213 MARlAE.
1277 185 1386 213 SERMO
1408 185 1447 213 lll.

134 269 175 296 est
195 265 295 294 veritas
316 264 534 293 consummativa
547 263 670 292 omnium
686 263 889 300 praedictarum
912 271 976 292 con-

133 312 298 349 ceptionum.
321 311 434 348 Propter
455 310 527 339 enim
560 318 637 339 suam
660 309 858 346 plenitudinem
887 313 914 338 et
935 309 976 338 di-

133 359 261 396 gnitatem
283 366 336 386 non
359 357 454 386 debuit
473 365 523 386 nec
549 356 638 393 potuit
658 357 772 393 figurari
798 357 976 394 conceptione

132 405 213 434 unica
232 407 260 433 et
280 403 405 441 simplici,
426 403 473 432 sed
495 402 653 440 multiplici;
678 403 751 432 unde
772 403 875 432 multae
896 411 976 440 prae-

132 454 273 481 cesserunt
294 451 399 488 figurae
420 453 483 479 ante
504 451 575 479 hanc
605 451 826 487 conceptionem,
858 451 915 479 sive
943 453 976 479 ut

133 497 349 527 manuducerent
369 497 538 526 intellectum
566 497 599 526 ad
631 497 798 526 credendum
816 497 976 531 ,hodiernae

132 545 315 581 conceptionis
340 544 522 578 miraculum,
544 544 601 573 sive
623 547 655 573 ut
675 544 830 573 excitarent
850 545 882 573 ad
904 544 975 574 desi-

46 589 48 598 ¹
80 607 85 611 -
130 591 280 620 derandum
312 590 467 628 praedictae
498 591 683 627 conceptionis
710 590 851 624 fructum,
873 598 904 619 ac
926 598 975 627 per

19 1723 106 1742 'rotheim-

131 639 182 667 hoc
202 638 378 667 ostenderent
400 637 560 674 virginalem
583 640 745 675 conceptum
768 638 975 667 admirabilem

129 689 156 714 et
176 684 403 718 desiderabilem,
426 687 457 713 ut
479 685 557 721 prius
578 688 681 713 tactum
703 688 752 713 est.
769 684 843 713 Unde
859 684 974 713 Bernar-

129 731 181 761 dus
201 731 235 760 de
256 731 288 759 iis
308 731 407 767 figuris
428 731 551 768 loquens,
574 731 650 759 aitl:
678 742 690 756 a
705 731 783 767 Quod
802 731 885 767 Moysi
900 739 975 759 mon-

129 780 245 807 stratum
268 781 309 806 est
330 778 357 806 10
379 778 450 806 rubo
472 782 499 807 et
520 778 590 815 igne,
612 779 699 806 Aaron
720 778 746 806 10
762 778 839 814 virga
854 780 881 806 et
895 778 973 812 ssore,

128 824 244 854 Gedeoni
267 824 294 852 in
316 824 418 853 vellere
439 828 465 853 et
488 833 560 859 rore,
583 825 634 853 boc
656 827 750 861 aperte
771 824 907 860 praevidit
926 825 974 852 Sa-

128 872 216 900 lomon
241 871 266 899 in
285 870 359 908 forti
380 871 501 900 muliere
521 876 548 900 et
568 871 628 900 eius
643 871 740 908 pretio,
755 871 879 907 apertius
892 878 973 908 prae-

128 918 228 947 dicavit
251 918 377 947 {eremias
393 919 426 946 (le
439 917 552 955 femina
567 921 592 946 et
606 918 681 951 viro,
696 917 870 954 apertissime
884 918 973 946 decla-

128 964 199 993 ravit
222 965 301 993 lsaias
322 965 356 993 (le
377 965 493 1001 Virgine
507 968 532 992 ct
549 964 622 997 Deo,·
640 964 692 992 1100
714 963 822 992 tandem
845 964 973 993 exhibuit

128 1012 245 1049 Angelus
259 1011 368 1040 Gabriel
387 1012 472 1048 ipsam
488 1011 627 1048 Virginem
643 1011 787 1039 salutando
799 1022 825 1039 1).
842 1027 877 1032 -—
893 1011 972 1040 Com-

126 1059 199 1096 pleta
219 1058 271 1087 suit
293 1059 377 1095 igitur
398 1058 595 1095 septiformitas
617 1058 684 1086 haec
706 1057 786 1086 hodie
807 1058 833 1086 in
856 1058 973 1087 auribus

126 1106 242 1140 nostris3
264 1106 325 1134 ideo
346 1106 477 1143 gaudium
499 1108 526 1134 et
547 1105 649 1134 laetitia
663 1105 743 1133 debet
758 1113 817 1134 esse
831 1106 905 1134 omni
925 1113 972 1142 po-

126 1153 191 1190 pulo
212 1152 367 1181 Christiano
389 1161 425 1181 ex
446 1152 589 1189 apertione
620 1152 742 1188 mysterii
769 1155 823 1180 tam
853 1152 972 1181 rationa-

125 1199 196 1233 bilis,
218 1202 273 1227 tam
286 1199 477 1233 admirabilis,
501 1201 554 1227 tam
576 1198 652 1227 utilis
672 1202 699 1227 et
720 1199 918 1233 desiderabilis,
940 1202 972 1228 ut

126 1254 174 1283 per
196 1246 280 1275 huius
302 1246 424 1283 mysterii
449 1246 580 1274 virtutem
598 1245 767 1282 perducatur
782 1246 815 1274 ad
830 1249 970 1275 aeternam

126 1293 330 1322 beatitudinem.
353 1294 445 1321 Amen.

456 1387 547 1415 5011110
570 1386 599 1414 lll
616 1387 635 1414 2.

205 1480 347 1508 0011110118
368 1479 449 1508 (labit
478 1480 697 1517 benignitatem,
719 1484 745 1508 et
766 1484 846 1508 terra
867 1484 970 1508 nostra

124 1526 203 1555 (labit
224 1525 359 1563 fractum
380 1527 503 1554 00111113.

203 1574 261 1609 Qut
280 1577 320 1602 est
341 1574 375 1602 tle
397 1577 477 1602 terra
499 1574 532 1601 ‹te
554 1577 634 1602 terra
656 1578 695 1602 est
722 1578 747 1602 et
768 1575 801 1602 {le
829 1578 906 1602 lcrra
931 1574 970 1602 lo-

124 1621 233 1659 qaitur,
257 1621 316 1657 Qai
335 1621 369 1649 tle
390 1621 467 1649 caclo
488 1621 564 1649 venit
584 1629 673 1657 super
695 1629 792 1649 omnes
814 1625 862 1649 est.

201 1668 379 1703 (Prothema).
403 1668 524 1696 Verbum
541 1668 662 1696 secundo
676 1668 849 1704 propositum
872 1668 969 1696 scribi-

123 1718 169 1744 tur
190 1715 218 1743 in
241 1716 353 1748 loanne,
383 1718 410 1743 et
431 1718 471 1743 est
502 1715 633 1748 verbum,
655 1715 729 1751 quod
756 1715 828 1743 dixit
856 1715 969 1743 Ioannes

123 1762 249 1799 Baptista,
271 1762 381 1799 quando
406 1761 532 1798 discipuli
561 1762 621 1790 eius
649 1762 834 1798 loquebantur
862 1762 913 1790 sibi
934 1762 968 1790 de

122 1809 239 1838 Christo
262 1809 289 1837 In
311 1817 367 1846 quo
389 1809 474 1837 verbo
502 1809 621 1838 ostendit
649 1817 678 1838 se
706 1809 847 1846 indignum
874 1809 907 1837 ad
929 1809 967 1838 lo-

123 1856 262 1893 quendum
294 1856 327 1885 de
357 1856 479 1889 Christo,
502 1859 529 1884 ct
560 1856 678 1884 ostendit
700 1856 785 1884 huius
816 1856 966 1890 rationem,

122 1903 186 1940 quia
206 1903 334 1931 Christus
354 1903 388 1931 de
403 1903 477 1931 caelo
492 1906 542 1937 est,
564 1906 591 1931 et
606 1903 663 1939 ipse
678 1903 712 1931 de
726 1906 816 1937 terra3
838 1906 865 1931 et
880 1911 967 1940 quan-

123 1953 179 1978 tum
201 1949 283 1978 distat
304 1950 410 1978 caelum
432 1957 448 1978 a
470 1952 557 1983 terra,
581 1952 688 1977 tantum
711 1949 793 1978 distat
812 1952 906 1978 nostra
927 1950 967 1978 in-

124 1996 269 2033 telligentia
290 2004 306 2024 a
328 1996 446 2029 Christo,
468 1999 495 2024 et
510 1996 581 2024 sicut
602 1996 704 2024 stultus
719 2000 897 2033 reputaretur
919 1997 966 2034 qui

122 2047 269 2072 conaretur
291 2043 426 2080 attingere
454 2043 576 2077 caelum,
598 2043 637 2071 sic
658 2043 739 2071 etiam
767 2043 869 2071 stultus
896 2046 968 2072 esset

122 2090 167 2127 qui
191 2098 239 2127 per
261 2091 410 2118 humanam
430 2090 565 2126 loquelam
588 2092 615 2118 et
629 2090 789 2126 sapientiam
812 2090 894 2119 vellet
909 2098 967 2127 my-

122 2137 235 2166 sterium
264 2137 460 2165 incarnationis
488 2137 587 2165 Christi
618 2137 755 2173 indagare.
783 2137 814 2165 Et
835 2145 885 2174 ego
913 2145 966 2166 non

122 2191 182 2212 sum
204 2183 303 2220 dignus
325 2183 399 2220 loqui
421 2183 455 2211 de
478 2184 608 2220 mysterio
630 2183 825 2212 incarnationis
840 2187 867 2212 et
888 2184 969 2220 quili-

122 2229 175 2264 bet,
187 2230 233 2267 qui
248 2233 336 2267 potest
347 2230 453 2259 dicere:
469 2230 596 2259 Adhaesit
612 2231 637 2258 10
653 2233 728 2259 terra
740 2233 835 2259 venter
851 2239 929 2259 meus
939 2231 966 2265 4;

121 2280 148 2305 01
169 2284 219 2314 ego
241 2280 339 2314 reputo
355 2285 398 2306 me
420 2285 483 2305 cum
500 2277 625 2306 terrenis.
643 2278 673 2305 Et
694 2277 823 2314 quoniam
839 2285 889 2314 ego
904 2285 965 2306 sum

123 2323 214 2352 minus
234 2324 389 2358 sufficiens,
412 2324 437 2352 in
462 2324 596 2361 principio
611 2332 741 2361 rogemus
756 2325 920 2359 Dominum,
936 2328 968 2353 ut

121 2369 166 2398 det
191 2370 256 2398 mihi
285 2370 396 2407 aliquod
425 2370 622 2399 munusculum
651 2371 755 2407 gratiae
783 2378 864 2405 suae,
893 2371 966 2408 quod

122 2416 221 2452 possim
245 2417 347 2454 ailquid
369 2417 508 2446 balbutire
533 2417 566 2446 de
596 2418 727 2453 mysterio
756 2417 966 2452 incarnationis,

122 2463 195 2499 quod
216 2463 251 2491 sit
272 2463 304 2492 ad
327 2464 459 2492 honorem
481 2464 523 2492 sui
546 2464 630 2492 sancti
654 2464 772 2493 nominis
791 2468 817 2493 et
838 2465 870 2493 ad
893 2465 967 2493 salu-

122 2512 175 2538 tem
197 2510 352 2539 animarum
374 2513 541 2539 nostrarum.

184 2705 191 2718 ¹
210 2706 268 2728 Vide
285 2712 355 2734 supra
372 2713 426 2734 pag.
444 2708 496 2734 659,
514 2711 590 2730 notam
609 2709 636 2735 8,
657 2708 697 2731 ubi
720 2709 875 2737 respiciuntur
899 2710 965 2732 Prov.

123 2745 159 2772 31,
178 2745 217 2773 110;
236 2746 277 2767 101.
295 2746 331 2773 31,
350 2747 392 2773 ‘223
412 2747 461 2768 lsai.
477 2747 498 2774 7,
517 2747 553 2769 it.
571 2750 592 2770 et
610 2748 664 2770 Luc.
686 2749 703 2775 l,
722 2749 759 2771 30.
776 2755 824 2777 seq.

185 2783 193 2796 ²
212 2785 240 2806 Ex
257 2785 308 2806 cod.
327 2785 453 2807 ittonacensi
471 2786 499 2808 W
519 2787 554 2808 sol.
575 2787 619 2808 ‘208
638 2793 663 2815 r.‚
683 2794 709 2809 ex
726 2788 779 2810 cod.
798 2788 924 2810 Tudertino
942 2794 965 2810 0.

126 2823 176 2844 ¹82.
194 2823 229 2844 sol.
248 2823 292 2845 Γ165
310 2830 336 2850 1.,
361 2827 429 2852 utque
451 2830 476 2846 ex
498 2825 548 2847 cod.
570 2826 699 2848 Monasterii
722 2827 852 2849 {lilariensis
870 2827 965 2855 (Winte-

123 2861 182 2889 ring)
201 2861 244 2889 sig.
261 2862 298 2883 36.
317 2862 354 2884 sol.
370 2862 399 2884 78
416 2869 444 2891 r.‚
461 2864 500 2892 qui
518 2864 580 2886 solus
597 2864 665 2887 habet
679 2865 805 2894 prothema
822 2870 844 2888 et
860 2866 965 2888 distincte

122 2900 213 2922 exhibet
231 2899 384 2923 Collalionem
401 2908 454 2923 cum
476 2902 611 2930 repetitione
629 2904 727 2930 partium
745 2905 791 2926 iam
809 2907 965 2927 tractatarum.

123 2939 167 2961 Sed
185 2939 239 2968 quia
256 2941 369 2962 sermonis
386 2942 458 2963 textus
475 2941 559 2964 mellus
577 2944 598 2963 et
621 2943 758 2971 plerumque
775 2943 913 2973 completius
934 2944 965 2966 in-

124 2978 214 3000 venitur
232 2978 254 3000 in
276 2978 369 3000 (luobus
391 2979 441 3001 aliis
462 2979 596 3007 codicibus,
614 2982 656 3003 hos
677 2982 748 3003 secuti
769 2988 862 3010 sumus,
880 2983 965 3005 reiecto

1824 186 1878 214 667

1114 263 1256 292 Dominus
1276 262 1358 291 (labit
1379 263 1600 300 benignitatem,
1622 266 1646 291 el
1668 266 1749 292 terra
1777 267 1879 292 nostra

1032 310 1113 339 <labit
1134 309 1268 347 fractam
1288 318 1385 338 situm.

1111 357 1180 393 Quia
1201 356 1396 386 incarnationis
1425 357 1588 393 mysterium
1610 357 1693 386 simul
1714 361 1755 386 est
1779 357 1878 386 altissi-

1034 412 1109 432 mum
1131 407 1159 433 et
1174 403 1351 440 profundum,
1367 404 1404 432 ita
1418 404 1491 441 quod
1507 412 1557 433 sua
1572 404 1757 441 profunditate
1772 408 1813 433 est
1827 404 1878 433 1111-

1033 451 1248 488 perscrutabile,
1270 450 1415 479 altitudine
1436 459 1502 479 vero
1526 454 1567 480 est
1588 451 1790 488 inexplicabile,
1812 451 1879 480 adeo

1032 500 1064 526 ut
1091 498 1170 526 isaias
1197 498 1269 526 dicat
1299 497 1528 534 quinquagesimo
1557 498 1679 526 terti05:
1712 498 1879 527 6011010110-

1033 553 1096 573 nem
1127 544 1190 573 cias
1211 545 1276 582 quis
1307 544 1482 573 enarrabit?
1513 547 1540 573 et
1570 545 1675 573 loannis
1697 545 1786 581 primo
1807 544 1879 573 dicat

1033 592 1145 620 Ioannes
1166 591 1301 628 Baptista:
1325 591 1417 620 Cuius
1444 600 1494 628 090
1519 600 1577 620 non
1604 600 1671 620 sam
1692 592 1817 629 dignas,
1846 596 1879 620 ut

1032 638 1144 667 solvam
1164 638 1227 666 eia-s
1247 638 1410 675 corripiam
1429 638 1631 667 calceamenti:
1654 639 1878 668 convenientissi-

1032 693 1108 714 mum
1132 685 1198 719 fuit,
1220 685 1299 714 nobis
1315 685 1381 713 iilud
1403 685 1536 722 explicari
1557 686 1634 722 quasi
1658 686 1777 714 velatum
1795 685 1878 714 variis

1032 734 1059 759 et
1080 731 1150 768 aptis
1175 731 1416 765 similitudinibus;
1439 734 1469 759 111
1497 732 1569 760 enim
1595 732 1660 760 dicit
1688 732 1835 768 Dionysius
1850 732 1876 760 ⁶:

1036 789 1049 802 a
1066 778 1234 814 impossibile
1249 781 1303 812 est,
1322 778 1401 807 nobis
1415 778 1495 807 aliter
1511 779 1603 807 lucere
1617 779 1741 807 dlvinum
1758 779 1876 813 radium,

1031 823 1082 852 nisi
1116 824 1248 852 varIetate
1276 832 1419 853 sacrorum
1449 825 1616 853 velaminum
1647 825 1794 862 anagogice
1825 825 1878 853 cir-

1031 871 1216 899 cumvelatum
1233 883 1258 898 ».
1276 871 1390 907 Propter
1405 872 1478 908 quod
1494 875 1520 899 et
1535 872 1656 900 eximius
1678 872 1877 908 Prophetarum

1032 917 1132 951 David,
1155 917 1199 945 cui
1221 917 1385 946 beneficium
1408 917 1604 946 incarnationis
1635 918 1767 947 divinitus
1788 919 1879 947 fuerat

1031 964 1244 1000 repromissum,
1266 964 1370 1000 Spiritu
1393 967 1486 992 sancto
1508 964 1626 998 afflatus,
1659 965 1685 993 10
1708 965 1793 994 verbo
1815 974 1878 1002 pro-

1030 1010 1119 1047 posito
1140 1010 1260 1047 explicat
1281 1011 1360 1039 nobis
1388 1011 1536 1040 mirificum
1560 1012 1724 1048 mysterium
1753 1012 1878 1040 incarna-

1031 1057 1120 1091 tionis,
1143 1057 1216 1094 quod
1240 1057 1320 1086 hodie
1342 1060 1484 1094 peractum
1506 1061 1547 1087 est
1561 1066 1610 1095 per
1626 1059 1809 1087 ministerium
1830 1067 1878 1087 an-

1030 1104 1147 1141 gelicum
1170 1105 1331 1141 Archangeli
1353 1104 1486 1133 Gabrielis
1501 1108 1528 1134 et
1543 1113 1591 1142 per
1606 1114 1748 1134 assensum
1764 1106 1878 1135 inteme-

1031 1151 1185 1180 ratissimae
1199 1151 1328 1188 Virginis,
1343 1152 1396 1180 sub
1418 1153 1579 1189 metaphora
1598 1155 1688 1181 terrae
1710 1153 1878 1182 fructifican-

1031 1198 1065 1226 tis
1087 1198 1112 1226 10
1136 1198 1275 1234 praedicto
1297 1198 1394 1232 verb0,
1410 1206 1473 1227 cum
1495 1199 1612 1228 dicitur:
1635 1200 1776 1228 Dominus
1797 1201 1878 1229 (labit

1031 1244 1234 1282 benignitatem
1256 1248 1306 1273 etc.
1331 1245 1358 1273 ln
1388 1253 1444 1282 quo
1465 1253 1530 1274 vere
1552 1246 1748 1275 incarnationis
1776 1251 1878 1284 myste-

1030 1291 1102 1320 rium
1124 1295 1151 1320 et
1172 1292 1337 1320 beneficium
1356 1292 1523 1321 describitur
1539 1293 1592 1321 sub
1608 1294 1705 1330 triplici
1722 1294 1877 1323 considera-

1031 1339 1117 1367 tione:
1144 1339 1251 1375 primo,
1280 1346 1315 1367 ex
1344 1343 1422 1376 parte
1448 1340 1595 1376 principii
1621 1341 1876 1378 saperinslttcntis,

1029 1394 1092 1414 cum
1116 1386 1283 1422 praemittit:
1308 1386 1449 1414 Dominus
1477 1386 1559 1415 (labit
1587 1387 1807 1425 benignitatem,-
1835 1397 1876 1418 se-

1029 1433 1128 1467 cundo,
1150 1441 1186 1462 ex
1209 1436 1287 1470 parte
1308 1433 1430 1462 subiecti
1443 1434 1638 1471 suscipientia,
1661 1443 1724 1463 cum
1747 1436 1835 1464 addit:
1851 1440 1877 1464 et

1028 1484 1109 1508 terra
1127 1483 1246 1513 nostra,⁴
1262 1481 1352 1514 tertio,
1367 1489 1403 1509 ex
1419 1484 1496 1517 parte
1511 1482 1656 1510 commodi
1668 1481 1875 1520 subsequentis,

1028 1534 1090 1555 cum
1119 1527 1276 1564 subiungit:
1307 1527 1388 1555 (labit
1415 1527 1549 1564 fructum
1577 1536 1674 1556 Suam.
1697 1529 1774 1557 Tunc
1803 1530 1874 1558 enim

1028 1574 1148 1610 perfecte
1169 1575 1344 1611 cognoscitur
1360 1575 1416 1602 Filii
1433 1575 1479 1603 Dei
1496 1575 1692 1612 benignissima
1707 1575 1874 1611 incarnatio,

1027 1621 1048 1649 si
1071 1624 1253 1657 cognoscatur
1282 1629 1301 1649 a
1329 1629 1385 1658 qno
1407 1624 1433 1649 et
1461 1621 1492 1649 in
1514 1630 1570 1659 qao
1591 1624 1618 1650 et
1636 1630 1693 1658 pro
1714 1631 1788 1660 qito,·
1810 1623 1875 1660 quia

1028 1670 1094 1696 tunc
1114 1667 1289 1703 cognoscitur
1311 1670 1446 1703 quantum
1458 1667 1490 1695 ad
1514 1668 1690 1704 principium,
1713 1669 1832 1698 medium
1849 1672 1875 1698 et

1026 1715 1166 1749 ultimum,
1188 1722 1237 1743 seu
1252 1718 1387 1751 quantum
1406 1714 1439 1743 ad
1454 1715 1664 1749 antecedentia,
1680 1717 1875 1745 concomitan-

1026 1761 1068 1789 tia
1089 1765 1116 1790 et
1136 1761 1354 1799 subsequentia,
1377 1761 1403 1789 in
1426 1762 1529 1798 quibus
1550 1762 1674 1791 consistit
1695 1763 1813 1800 cognitio
1834 1764 1872 1792 rei

1026 1809 1132 1845 integra
1153 1812 1180 1837 et
1202 1809 1329 1845 perfecta.

1105 1856 1122 1884 l.
1145 1856 1235 1884 Primo
1257 1863 1322 1892 ergo
1344 1855 1370 1883 in
1393 1856 1485 1884 verbis
1506 1856 1565 1885 istis
1583 1856 1750 1885 describitur
1773 1861 1873 1894 myste-

1026 1903 1098 1931 rium
1120 1903 1315 1931 incarnationis
1340 1911 1376 1931 ex
1397 1906 1476 1939 parte
1494 1903 1640 1940 principii
1659 1904 1872 1941 sapei-influen-

1026 1949 1072 1982 tis,
1095 1957 1157 1977 cum
1179 1949 1295 1977 dicitur:
1321 1949 1462 1977 Dominus
1483 1949 1564 1978 dabit
1586 1950 1789 1987 benignitatem
1804 1951 1823 1979 ⁷.
1846 1951 1872 1979 Si

1025 1996 1097 2024 enim
1119 1999 1271 2033 quaeratur
1286 1996 1356 2024 ratio
1370 2000 1397 2025 et
1411 2004 1493 2025 causa
1514 1997 1681 2033 principalis,
1696 2006 1784 2034 quare
1799 1998 1873 2027 Deus

1025 2043 1112 2072 voluit
1133 2043 1287 2077 incarnari3
1309 2043 1411 2080 optime
1432 2044 1625 2080 respondetur,
1641 2045 1713 2081 quod
1731 2045 1814 2074 1101115
1833 2054 1873 2074 ra-

1025 2090 1063 2118 tio
1082 2098 1190 2118 summa
1205 2093 1232 2118 et
1247 2090 1395 2126 praecipua
1409 2093 1450 2119 est
1463 2091 1695 2120 excellentissima
1710 2091 1872 2129 beniynt'tas

1025 2137 1082 2171 Dei,
1104 2145 1124 2165 a
1144 2145 1204 2174 qua
1225 2140 1252 2165 01
1272 2137 1433 2165 secandum
1458 2146 1547 2175 quam
1579 2141 1606 2166 et
1634 2143 1754 2175 propter
1782 2148 1872 2177 qaam

1024 2184 1095 2212 facta
1116 2187 1157 2212 est
1178 2184 1329 2212 incarnatio
1346 2184 1436 2212 Verbi.
1460 2184 1573 2221 Propter
1595 2185 1667 2222 quod
1688 2189 1715 2214 et
1736 2186 1872 2222 Propheta

1026 2231 1077 2259 hoc
1099 2231 1263 2259 beneficium
1287 2230 1490 2268 benignitatem
1517 2232 1679 2268 appellavit,
1702 2233 1767 2269 quia
1789 2241 1804 2261 a
1825 2233 1872 2261 be-

1024 2278 1156 2314 nignitate
1176 2277 1317 2314 procedit,
1335 2277 1528 2314 benignitatem
1542 2279 1708 2315 praetendit
1729 2283 1755 2307 et
1776 2280 1809 2308 ad
1826 2280 1871 2308 110-

1025 2324 1184 2361 nignitatem
1203 2325 1340 2361 perducit
1348 2335 1357 2357 ,·
1379 2328 1406 2353 et
1427 2325 1465 2353 sic
1489 2325 1522 2353 ad
1546 2325 1740 2362 benignitatem
1762 2335 1871 2363 compa-

1026 2375 1105 2400 ratur
1126 2372 1278 2400 secundum
1302 2372 1403 2408 triplex
1419 2380 1506 2408 genus
1528 2373 1709 2407 causalitatis,
1728 2373 1871 2403 efficientis

1025 2418 1137 2453 scilicet,
1152 2418 1321 2454 exemplaris
1335 2421 1362 2446 et
1377 2418 1474 2447 finalis.
1491 2419 1522 2446 Et
1537 2419 1600 2447 hinc
1622 2422 1675 2453 est,
1697 2420 1770 2456 quod
1793 2420 1872 2449 bene-

1025 2464 1118 2493 ficium
1142 2464 1338 2492 incarnationis
1360 2472 1409 2501 per
1424 2472 1452 2493 se
1468 2465 1541 2493 nuda
1556 2465 1774 2494 consideratione
1795 2474 1871 2495 reco-

1025 2511 1141 2548 gitatum
1157 2511 1266 2540 videtur
1281 2511 1396 2540 dubium
1418 2515 1467 2539 aut
1488 2512 1661 2546 incredibile,
1681 2516 1870 2549 comparatum

1022 2709 1090 2731 etiam
1109 2709 1161 2731 hinc
1187 2709 1240 2731 inde
1265 2709 1341 2737 aliquo
1366 2709 1524 2731 additamento
1550 2709 1570 2731 in
1589 2709 1640 2731 cod.
1659 2710 1785 2736 [litai-icosi,
1806 2710 1869 2738 quod

1023 2748 1119 2770 alienam
1138 2754 1231 2770 manum
1250 2748 1364 2770 insinuare
1382 2748 1457 2770 visun]
1475 2752 1516 2770 est.

1085 2786 1094 2799 5
1112 2787 1194 2808 Psalm.
1213 2786 1249 2815 84,
1272 2787 1304 2808 13.
1322 2799 1352 2802 -
1370 2787 1490 2809 Protliema
1509 2786 1606 2809 liabetur
1624 2788 1683 2809 ioan.
1701 2788 1722 2814 3,
1740 2787 1776 2809 31.

1085 2825 1094 2837 ⁴
1112 2826 1242 2853 Respicitur
1261 2826 1295 2847 Ps.
1313 2826 1349 2851 23,
1368 2826 1410 2847 25:
1429 2825 1612 2854 Gonylutiimtus
1624 2827 1659 2848 est
1675 2825 1699 2847 iu.
1711 2827 1776 2848 terra
1791 2827 1869 2848 venter

1022 2866 1110 2888 noster.
1440 2864 1449 2876 z.
1467 2865 1531 2886 Vers.
1549 2865 1575 2891 ὃς
1592 2865 1696 2892 sequitur
1714 2865 1774 2887 ioan.
1796 2865 1813 2892 l,
1832 2864 1869 2886 27.

1086 2903 1095 2916 ⁵
1114 2904 1145 2925 De
1162 2903 1256 2925 [zm-testi
1276 2903 1391 2925 lrlierarch.
1409 2909 1428 2925 c.
1451 2904 1468 2925 1.
1486 2903 1499 2931 {⁴
1518 2904 1538 2925 3.

1086 2943 1093 2955 ⁷
1113 2944 1143 2965 Dc
1162 2944 1202 2965 hac
1220 2943 1294 2970 prima
1313 2946 1376 2970 parte
1395 2943 1463 2965 multa
1482 2943 1623 2965 verbotenus
1641 2943 1787 2965 inveniuntur
1799 2949 1867 2971 supro

1025 2983 1045 3004 in
1064 2988 1169 3004 sermone
1188 2983 1207 3004 2.
1228 2981 1359 3004 [1011111110ῡο
1378 2982 1392 3003 Ι.
1411 2982 1537 3009 Adventus,
1555 2988 1609 3010 pag.
1627 2982 1654 3004 27
1673 2983 1714 3004 col.
1733 2983 1755 3005 ll.

1895 364 1967 383 Sermo.

1897 1346 1975 1366 Divisio.

1895 1862 1939 1881 Pars
1952 1863 1965 1880 I.
1980 1863 2005 1881 Ex

1891 1888 1944 1909 parte
1956 1886 2007 1910 prin-

1889 1909 2011 1952 agitata·
