2243 3348
239 1419 284 1437 Pars
296 1418 317 1436 ll.
332 1418 359 1437 De

254 1442 348 1461 oblatione

276 1465 326 1484 Filii.

237 1698 276 1717 Hoc
289 1698 362 1717 imitan-

246 1722 291 1740 dum
303 1727 314 1740 a
326 1727 355 1740 sa-

243 1745 356 1764 cei-dntibus.

240 2025 356 2049 Exemplum.

236 2212 308 2236 Duplex
321 2217 354 2235 pu-

229 2236 275 2254 ritas
288 2237 306 2254 et
319 2235 358 2259 pie-

246 2282 273 2300 ne
285 2272 356 2305 duplici

256 2306 345 2328 puritate.

249 2329 277 2348 De
290 2329 356 2352 prima.

382 176 437 204 640

380 252 590 288 contemplativa
609 251 690 279 debet
717 249 807 278 redire
837 248 872 277 ad
902 248 1033 280 activam,
1055 246 1120 283 quia
1147 245 1221 282 quod

380 299 462 327 homo
482 297 575 326 didicit
589 297 616 325 in
638 296 781 332 Scriptura
801 294 881 323 debet
896 294 985 322 facere
1000 293 1027 321 in
1042 292 1161 325 actione,
1177 293 1221 324 ut,

379 345 450 373 sicut
470 343 601 376 audiunt,
631 343 667 370 ita
698 341 811 374 faciant;
841 340 977 368 Psalmus:
1007 339 1040 367 Si
1066 337 1222 367 dormiatis

380 391 455 419 inter
470 389 577 418 medios
591 388 693 421 cleros,
714 395 828 423 pennae
842 385 990 414 columbae
1005 386 1220 421 deal-gyentatae,

379 440 405 465 et
420 436 585 473 posteriora
606 434 688 463 dorsi
701 434 764 462 eius
778 433 810 461 in
823 432 934 469 pallore
948 432 1028 460 auri.
1047 429 1221 459 Constructio

379 490 476 512 versus
497 482 576 510 istius
590 484 631 509 est
646 481 697 509 ista
711 496 749 500 ——
765 480 809 508 hic
823 482 863 508 est
877 478 1000 507 defectus
1021 477 1105 506 unius
1126 476 1220 504 dictio-

378 530 421 558 nis
436 545 471 549 —
491 540 504 553 «
516 527 605 556 eteros
620 527 689 555 idem
705 529 746 555 est
760 526 834 563 quod
855 533 916 554 sors
927 526 936 541 ¹
953 535 979 557 »;
1001 524 1074 553 unde
1088 523 1153 551 dicit
1167 523 1220 551 cle-

378 576 468 609 ricus,
490 573 599 611 quando
620 573 643 602 ei
665 573 747 601 datur
769 580 884 601 corona:
901 571 1059 604 Dominus,
1079 578 1154 606 pars
1175 568 1221 597 lie-

378 621 510 650 rea'itatis
531 628 618 648 meae.
645 630 658 644 α
673 619 796 647 Clericus
816 622 858 647 est
878 618 925 654 qui
947 617 1030 645 habet
1052 617 1139 644 Deum
1161 623 1221 652 par-

378 671 447 701 tem,
480 666 521 695 vel
546 666 593 702 qui
625 668 666 694 est
694 672 757 701 pars
778 664 825 692 Dei
842 674 867 691 n.
901 663 933 691 Si
963 661 1119 690 dormiatis
1146 661 1221 689 inter

376 714 485 743 medios
505 713 611 746 eteros,
633 712 659 740 id
687 715 741 745 est,
771 711 841 739 inter
870 710 973 738 medias
994 711 1082 737 sortes
1109 711 1136 737 et
1157 715 1220 744 pro-

377 760 520 789 missiones
548 762 587 787 est
616 757 762 795 promissio
783 756 884 785 veteris
905 755 1070 784 Testamenti
1093 757 1120 782 et
1140 754 1220 787 novi;

377 806 506 835 dormire
526 808 567 834 est
581 805 754 841 requiescere
777 804 803 831 in
825 803 887 831 sinu
906 802 1006 830 Christi
1030 808 1078 838 per
1100 803 1221 829 contem-

377 853 539 890 plationem;
554 852 681 880 Christus
695 854 736 880 est
749 849 990 887 propitiatorium
1006 849 1031 876 in
1049 848 1137 877 medio
1152 847 1221 876 Che-

377 900 469 928 rubin]
484 900 504 933 2,
526 898 652 927 Christus
673 901 714 927 est
735 897 797 925 finis
818 896 919 925 veteris
934 895 1099 924 Testamenti
1122 897 1148 923 et
1170 894 1220 922 ini-

379 946 448 975 tium
462 946 534 974 novi.
548 946 665 973 Petinae
679 944 739 973 eius
754 944 975 980 deargentatae,
997 942 1100 971 scilicet
1121 944 1220 975 erunt,

377 993 403 1021 id
425 996 466 1021 est
488 992 619 1025 virtutes,
649 999 697 1027 per
725 998 794 1027 quas
822 989 959 1018 levabitur
987 996 1116 1022 sursum,
1138 991 1221 1017 erunt

377 1040 403 1068 in
426 1048 457 1068 eo
479 1039 622 1075 perfectae.
641 1039 673 1066 Et
692 1037 858 1074 posteriora
879 1036 962 1065 dorsi
975 1036 1038 1064 eius
1059 1036 1090 1064 in
1108 1035 1221 1072 pallore

376 1085 464 1118 auri,
487 1084 512 1112 id
533 1086 589 1118 est,
611 1083 767 1112 allectiones
789 1082 920 1111 mentales
940 1085 967 1110 et
989 1081 1153 1110 intentiones
1173 1089 1220 1109 no-

375 1131 495 1160 bilitatae
516 1134 598 1159 erunt
620 1130 646 1157 in
668 1129 907 1165 contemplatione.
923 1128 1082 1157 Exerceatis
1104 1136 1151 1156 vos
1167 1136 1220 1156 non

375 1178 463 1206 solum
480 1178 505 1205 in
521 1177 659 1213 scriptura
674 1176 803 1209 humana,
823 1176 907 1204 immo
922 1175 948 1203 in
964 1183 1043 1204 sacra
1061 1176 1220 1212 Scriptura;

375 1224 512 1253 Psalmus:
526 1224 641 1251 Bonum
656 1222 729 1251 milti
743 1222 787 1251 lex
802 1222 863 1250 oris
879 1222 923 1250 tui
936 1230 1025 1259 super
1040 1222 1134 1250 millia
1149 1222 1222 1250 auri

375 1274 399 1299 et
419 1270 542 1308 arpenti.
566 1269 654 1298 Vultis
675 1268 788 1298 colari?
809 1268 947 1297 Studeatis
976 1269 1078 1297 habere
1103 1268 1221 1297 virtutes

375 1317 477 1346 activas
499 1320 526 1345 et
546 1316 779 1353 contemplativas.

455 1364 482 1391 ll.
506 1364 596 1392 Restat
618 1363 697 1391 modo
718 1362 809 1391 dicere
830 1362 864 1391 de
885 1362 1035 1391 oblatione.
1059 1362 1143 1399 Virgo
1163 1362 1222 1399 glo-

376 1411 448 1440 riosa
469 1410 568 1439 obtulit
589 1410 714 1443 Filium,
734 1418 794 1447 par
815 1413 970 1438 turturum
990 1413 1016 1438 et
1035 1410 1110 1438 duos
1124 1409 1221 1446 pullos

376 1457 577 1487 columbarum
593 1457 612 1485 3.
635 1456 780 1485 Offerendo
801 1456 912 1485 Filium
933 1456 1033 1485 obtulit
1054 1456 1221 1485 sacrificium

375 1504 554 1541 purissimum
576 1506 603 1532 et
617 1504 779 1540 piissimum.
796 1503 968 1532 Sacrificium
983 1504 1064 1532 debet
1079 1511 1139 1532 esse
1154 1511 1221 1540 pur-

373 1552 494 1588 gativum
517 1551 602 1579 nostri
624 1553 651 1579 et
672 1550 839 1587 placativum
862 1550 925 1584 Dei;
957 1553 984 1579 et
1014 1550 1142 1579 Christus
1169 1550 1222 1579 fuit

373 1606 462 1635 purus
489 1601 515 1626 et
543 1597 613 1634 pius.
641 1597 669 1625 In
697 1597 912 1634 designationem
937 1597 1021 1626 huius
1042 1597 1142 1626 obtulit
1160 1605 1220 1634 par

374 1648 541 1678 turturum,
563 1652 634 1681 quae
655 1647 696 1672 est
717 1644 775 1672 avis
797 1644 964 1678 castissima,
986 1647 1013 1673 et
1038 1643 1219 1678 columbam,

374 1699 445 1728 quae
469 1694 510 1720 est
533 1691 591 1719 avis
613 1691 741 1727 piissima.
765 1707 801 1711 —
825 1691 855 1718 Et
876 1698 925 1719 nos
946 1691 1088 1719 offerimus
1116 1690 1220 1719 sacrifi-

374 1738 463 1772 cium;
479 1740 595 1774 oportet,
611 1737 684 1774 quod
699 1737 833 1766 sacrificia
847 1741 942 1766 nostra
956 1737 1010 1766 sint
1022 1746 1104 1774 pura
1119 1740 1145 1766 et
1156 1737 1218 1774 pia.

374 1784 454 1812 Beata
475 1784 557 1820 Virgo
585 1791 649 1812 cum
674 1783 783 1812 Christo
807 1783 907 1812 obtulit
933 1792 992 1821 par
1018 1788 1171 1812 turturum
1195 1787 1221 1812 et

374 1831 447 1858 duos
468 1830 564 1867 pullos
585 1830 797 1859 columbarum.
823 1830 970 1865 Sacerdos,
996 1833 1027 1859 tu
1051 1831 1134 1859 offers
1158 1839 1219 1859 san-

373 1877 484 1913 guinem
500 1877 615 1905 Christi!
637 1880 755 1914 oportet,
777 1881 803 1906 te
824 1877 925 1906 offerre
944 1878 1029 1914 pium
1050 1881 1077 1906 et
1097 1886 1218 1914 purum.

374 1923 440 1959 Quis
454 1927 480 1952 te
495 1924 606 1952 docuit?
620 1924 703 1961 Virgo
723 1924 850 1961 gloriosa.
872 1923 1001 1953 Obtulisti
1018 1924 1114 1953 Filium
1136 1933 1219 1954 suum

374 1969 401 1998 in
422 1970 550 1999 manibus
568 1971 714 2004 Ecclesiae,
730 1971 801 1999 sicut
815 1970 867 1999 fuit
887 1971 914 1999 in
936 1971 1065 2000 manibus
1086 1971 1220 2000 Simeonis

372 2017 513 2052 gerentis?
534 2016 629 2046 Grates
643 2017 714 2045 Deo!
730 2017 825 2046 Visum
846 2017 898 2046 fuit
919 2017 1037 2052 cuidam,
1052 2018 1100 2054 qui
1123 2018 1220 2047 habuit

373 2063 466 2092 oculos
481 2064 646 2099 spirituales,
662 2064 735 2101 quod
757 2064 802 2092 ille
817 2065 864 2101 qui
879 2064 1024 2093 assistebat
1042 2065 1176 2094 sacerdoti
1192 2065 1219 2093 in

373 2110 461 2144 Missa,
474 2110 621 2146 perfectius
635 2111 784 2147 recipiebat
799 2119 901 2148 corpus
915 2111 1017 2140 Christi
1032 2120 1116 2149 quam
1132 2120 1220 2141 sacer-

374 2156 430 2185 dos.
446 2157 498 2193 Qui
512 2157 593 2186 debet
614 2158 713 2187 offerre
729 2158 905 2193 sacrificium,
920 2162 1038 2195 oportet,
1053 2159 1145 2196 ipsum
1159 2167 1219 2188 esse

372 2212 484 2240 purum
505 2204 605 2241 duplici
629 2205 749 2241 puritate
770 2209 796 2234 et
816 2205 900 2242 pium
921 2205 1024 2242 duplici
1045 2206 1155 2242 pietate.
1181 2222 1219 2227 —

374 2250 449 2285 Dico,
463 2251 537 2287 quod
557 2254 674 2288 oportet,
696 2252 785 2289 ipsum
807 2260 867 2281 esse
885 2261 999 2289 purum
1019 2252 1122 2289 dupIIci
1141 2253 1219 2290 puri-

373 2300 443 2326 tate:
459 2298 524 2334 quia
538 2301 654 2334 oportet,
669 2298 760 2335 ipsum
775 2307 834 2328 esse
848 2299 1014 2336 depuratum
1033 2307 1049 2328 a
1065 2299 1137 2328 faece
1152 2308 1218 2328 car-

373 2344 505 2372 nalilatis
525 2347 552 2373 et
572 2353 588 2373 a
606 2353 705 2374 cruore
720 2346 909 2374 crudelitatis.
926 2346 952 2374 Si
967 2346 1008 2375 vis
1022 2346 1092 2375 bene
1107 2350 1218 2375 cantare

373 2390 497 2424 Missam,
519 2391 559 2419 fac
574 2391 647 2428 quod
662 2391 728 2420 dicit
741 2392 885 2429 Apostolus
896 2393 923 2420 ⁴²:
942 2392 1063 2421 Obsecro
1076 2401 1137 2427 vos,
1151 2392 1217 2430 fra-

375 2440 448 2470 tres,
467 2446 520 2474 per
534 2438 767 2466 misericordiam
785 2439 850 2473 Dei,
875 2443 906 2467 ut
919 2438 1077 2468 exhibeatis
1091 2447 1217 2476 corpora

373 2487 470 2511 vestra
491 2483 613 2512 hostiam
634 2484 782 2519 viventem,
804 2490 949 2520 sanctam,
974 2487 1029 2515 Deo
1049 2487 1214 2523 placentem.

374 2529 507 2557 Hostiam
527 2533 677 2564 sanctam,
699 2539 748 2567 per
770 2531 938 2567 castitatem3
966 2533 1122 2566 viventem,
1151 2532 1216 2570 quia

374 2579 496 2612 oportet,
518 2577 591 2613 quod
612 2577 647 2605 sit
667 2578 743 2612 viva,
766 2586 820 2607 non
841 2579 955 2613 timore,
977 2579 1024 2608 sed
1045 2587 1138 2608 amore
1159 2580 1216 2616 glo-

965 169 1137 198 SERMONES
1159 169 1201 197 DE
1223 169 1250 197 B.
1274 167 1404 196 VlRGlNE
1426 166 1532 195 MARIA.

1279 245 1351 278 riae;
1370 244 1425 272 Deo
1443 244 1619 280 placentem,
1634 242 1753 276 scilicet,
1775 244 1806 270 ut
1828 242 1951 271 intendas
1965 242 2052 279 magis
2066 243 2121 280 pla-

1279 298 1341 319 cere
1364 290 1418 318 Deo
1438 297 1521 326 quam
1544 289 1710 317 hominibus.
1732 289 1757 317 Si
1778 289 1861 317 velles
1876 289 1975 317 offerre
1997 289 2053 326 regi
2076 297 2122 326 pa-

1278 344 1341 365 nem
1362 344 1425 365 cum
1446 336 1553 364 foetidis
1575 335 1717 369 manibus,
1739 335 1929 372 indignaretur
1944 343 2004 364 rex.
2027 336 2122 365 Custo-

1277 383 1358 412 diatis
1385 390 1502 419 corpora
1523 385 1616 411 vestra
1644 382 1796 419 impolluta.
1818 381 1913 410 Audivi
1943 381 1976 411 de
2004 382 2121 419 quodam
2138 389 2233 425 tinemuta*

1278 429 1424 462 vilissimo,
1446 429 1493 465 qui
1517 428 1640 457 foedatus
1661 431 1721 457 erat
1742 428 1914 465 turpitudine
1936 428 2075 463 luxuriae,
2096 432 2123 458 et

1278 484 1340 504 cum
1363 475 1475 504 offerret
1496 475 1662 504 sacrificium
1679 475 1762 509 istud,
1778 483 1928 512 percussus
1949 478 1990 504 est
2004 476 2122 513 paralysi
2220 471 2237 512 ἢ

1278 526 1305 551 et
1318 530 1461 559 nunquam
1483 522 1535 550 fuit
1556 525 1678 550 curatus.
1694 523 1751 550 Non
1773 522 1811 550 sic
1826 530 1935 559 semper
1956 522 2020 551 facit
2035 522 2122 557 Deus,
2233 547 2238 561 ,

1278 569 1325 597 sed
1348 571 1470 597 reservat
1498 568 1664 605 quandoque
1685 568 1718 596 ad
1747 568 1959 597 damnationem.
1982 584 2020 589 -—
2041 568 2122 601 item,
2139 567 2238 600 venantii

1277 618 1400 651 oportet,
1422 614 1497 651 quod
1518 615 1564 643 ille
1595 614 1642 651 qui
1671 615 1751 643 offert
1781 614 1849 643 illud
1877 615 2059 649 sacrificium,
2087 614 2123 643 sit
2200 634 2201 637 ,
2232 621 2236 640 ν

1277 661 1430 697 depuratus
1451 669 1467 689 a
1494 669 1599 689 cruore
1620 661 1820 694 crzalelitatis;
1842 661 1915 690 unde
1942 661 1970 689 in
1993 661 2123 690 Ecclesia·
2232 653 2233 671 ³

1278 708 1360 736 stico:
1383 708 1566 736 Immolantis
1587 716 1621 736 ex
1643 708 1743 745 iniquo
1765 707 1869 736 oblatio
1891 711 1930 736 est
1955 707 2123 741 maculata,-

1278 755 1358 783 item:
1383 755 1440 790 Qui
1460 754 1542 792 offert
1562 754 1745 792 sacrificium
1766 764 1801 783 ex
1821 754 1988 783 substantia
2012 763 2123 792 paupe-
2238 767 2242 807 f

1278 810 1357 835 rum,
1373 801 1460 839 quasi
1473 802 1525 840 qai
1545 802 1676 830 victimat
1690 801 1785 838 silium
1806 801 1838 830 in
1859 804 2010 838 conspectu
2026 801 2123 838 patris

1277 848 1334 877 sui.
1357 849 1390 877 Es
1411 848 1578 885 episcopus?
1601 849 1776 885 Extorquens
1797 848 1832 877 ab
1853 848 1913 877 aliis
1933 848 2007 885 quod
2028 848 2123 882 offers,

1278 903 1411 932 provocas
1432 896 1529 924 Deum.
1562 896 1659 924 Milites
1690 898 1717 924 et
1748 895 1792 924 alii
1825 895 1942 924 multum
1974 898 2124 931 provocant
2241 925 2242 928 Ἴ

1277 943 1381 976 Deum,
1403 943 1469 980 quia
1489 951 1598 972 manus
1620 951 1717 971 eorum
1733 942 1833 980 plenae
1846 942 1992 979 sanquine
2011 945 2081 970 sunt
2094 942 2123 975 ⁵;
2242 945 2243 982 l

1278 989 1385 1026 respuit
1412 989 1546 1018 Dominus
1577 989 1743 1018 sacrificium
1772 989 1897 1018 istorum.
1921 988 1998 1017 Volet
2024 988 2124 1026 aliquis
2242 989 2243 993 ’

1278 1043 1337 1064 esse
1359 1036 1498 1072 pontifex,
1520 1036 1568 1073 qui
1590 1039 1631 1065 est
1657 1036 1736 1064 lictor
1758 1039 1785 1064 et
1802 1038 1895 1064 custos
1919 1036 2122 1072 carcerum(?),

1277 1085 1304 1110 et
1326 1082 1399 1111 volet
1420 1082 1520 1111 offerre
1541 1082 1728 1111 sacrificium?
1750 1082 1880 1119 Oportet,
1901 1081 1975 1119 quod
1996 1081 2065 1110 nihil
2079 1082 2123 1110 ha-

1278 1129 1340 1158 beat
1361 1129 1532 1158 crudelitatis
1553 1137 1644 1166 neque
1665 1129 1841 1158 carnalitatis.
2207 1157 2212 1161 γ

1358 1177 1432 1211 item,
1454 1180 1578 1213 oportet,
1600 1177 1691 1213 ipsum
1713 1184 1772 1205 esse
1790 1176 1876 1213 pium
1896 1176 1998 1213 duplici
2014 1176 2123 1213 pietate,
2145 1183 2239 1211 osa-«iniis

1278 1223 1381 1252 scilicet
1401 1223 1501 1260 pietate
1516 1223 1633 1252 divinae
1655 1223 1849 1252 venerationis
1863 1226 1890 1252 et
1911 1231 2056 1260 supernae
2071 1222 2124 1251 mi·
2159 1208 2205 1231 Μ’
2223 1214 2237 1227 ”’

1277 1270 1442 1298 serationis.
1465 1270 1503 1298 De
1533 1270 1621 1307 primo
1649 1270 1715 1298 dicit
1736 1270 1871 1298 Dominus
1885 1269 1912 1298 ⁶:
1935 1268 2123 1306 Sacrificium
2141 1277 2237 1301 oapi-imit

1279 1316 1378 1345 laudis
1399 1316 1605 1352 honorificabit
1624 1325 1687 1350 me;
1708 1317 1755 1346 sed
1776 1325 1834 1345 non
1853 1320 1894 1345 est
1912 1317 2043 1354 speciosa
2057 1316 2124 1345 laus

1278 1363 1310 1391 in
1331 1372 1380 1391 ore
1398 1363 1568 1400 peccatoris.
1592 1363 1617 1392 Si
1644 1371 1699 1392 non
1726 1366 1804 1400 potes
1825 1363 1926 1392 offerre
1947 1363 2028 1397 thus,
2056 1363 2124 1391 offer

1278 1410 1437 1446 myrrham3
1460 1410 1481 1439 si
1504 1418 1558 1439 non
1573 1418 1602 1439 es
1616 1410 1716 1447 dignus
1730 1418 1812 1447 agere
1826 1410 1929 1447 gratias
1943 1410 1999 1439 Deo
2008 1433 2015 1445 ‚
2036 1410 2125 1447 cogita

1278 1460 1306 1486 et
1326 1457 1382 1486 dic:
1407 1457 1463 1485 Non
1480 1465 1542 1486 sum
1556 1457 1656 1494 dignus
1670 1457 1804 1486 beneficio
1818 1457 1926 1492 divino,
1941 1457 1988 1486 sed
2009 1465 2124 1494 suspen-

1280 1503 1365 1538 sione,
1387 1507 1414 1532 et
1436 1506 1501 1533 tunc
1523 1504 1578 1532 eris
1598 1503 1782 1540 sacrificium
1798 1504 1863 1538 Deo,
1878 1503 2004 1541 spiritus
2017 1503 2124 1533 contri-

1279 1550 1404 1579 bulatus.
1427 1551 1559 1579 Columba
1580 1551 1712 1588 gemitum
1735 1551 1817 1580 habet
1838 1559 1888 1588 pro
1910 1553 2000 1579 cantu.
2021 1567 2058 1572 -—
2079 1551 2124 1580 Se-

1278 1597 1384 1632 cundo,
1406 1598 1454 1635 qui
1476 1597 1558 1626 debet
1588 1597 1689 1626 offerre
1714 1597 1782 1626 illud
1810 1597 1975 1626 sacrificium
1997 1599 2122 1634 oportet,

1278 1645 1368 1681 ipsum
1390 1652 1449 1674 esse
1471 1644 1547 1681 pium
1570 1644 1671 1681 pietate
1691 1653 1836 1681 supernae
1857 1644 2073 1678 miserationis;
2094 1644 2123 1673 il-

1278 1691 1326 1720 lud
1342 1695 1391 1724 ,est
1419 1691 1586 1720 sacrificium
1615 1691 1837 1728 acceptissimum
1859 1692 1931 1726 Deo,
1962 1691 2028 1728 quia
2058 1691 2123 1721 dicit

1277 1738 1410 1767 Dominus
1427 1738 1452 1766 ⁷:
1474 1738 1708 1767 Misericordiam
1729 1738 1792 1767 volo
1813 1742 1838 1767 et
1858 1747 1916 1767 non
1929 1737 2120 1776 sacrificium.

1277 1784 1346 1813 lllud
1367 1785 1534 1813 sacrificium
1556 1787 1702 1821 supportat
1716 1785 1877 1822 proximum
1893 1788 1920 1814 et
1940 1785 2029 1822 placat
2043 1785 2122 1814 nobis

1277 1832 1373 1860 Deum.
1389 1848 1427 1852 -—
1442 1832 1493 1868 Qui
1509 1832 1548 1861 sic
1566 1832 1649 1860 fuerit
1667 1840 1767 1869 parus
1781 1832 1883 1869 duplici
1899 1832 2020 1869 puritate
2034 1835 2123 1869 potest

1276 1879 1377 1907 offerre
1398 1879 1580 1913 sacrificium,
1596 1881 1623 1907 et
1639 1879 1711 1916 pius
1725 1879 1826 1916 duplici
1848 1879 1958 1916 pietate,
1979 1881 2123 1916 acceptum

1277 1926 1346 1960 Deo;
1361 1925 1435 1962 quod
1450 1925 1530 1954 nobis
1541 1928 1683 1962 praestare
1694 1925 1823 1963 dignetur
1835 1925 1884 1963 qui
1899 1933 1962 1954 cum
1976 1926 2055 1955 Patre
2069 1928 2120 1955 etc.

2140 1558 2167 1577 De
2178 1558 2241 1578 secund*

1618 2020 1709 2048 Sannio
1731 2020 1751 2048 ΙΙ
1762 2019 1782 2048 ³.

1360 2113 1424 2141 Una
1446 2112 1587 2141 oblatione
1614 2113 1830 2142 consummavit
1856 2113 1888 2142 in
1915 2114 2122 2151 sempiternum

1275 2159 1490 2196 sanctificatos,
1512 2159 1546 2188 ad
1568 2159 1704 2189 Hebraeos
1724 2159 1831 2189 decimo
1846 2160 1865 2188 ⁹.

1357 2206 1419 2235 Ora
1437 2215 1493 2243 pro
1514 2205 1610 2240 nobis,
1632 2206 1772 2244 quoniam
1793 2207 1899 2236 mulier
1919 2211 2024 2236 sancta
2045 2216 2081 2236 es.

1355 2253 1533 2289 (Prothema).
1542 2253 1596 2281 Hoc
1606 2253 1723 2282 verbum
1734 2253 1886 2282 secundum
1895 2253 2028 2283 dixerunt
2035 2261 2123 2283 sacer-

1275 2300 1352 2329 dotes
1367 2303 1393 2329 et
1412 2299 1520 2329 Levitae
1537 2299 1571 2328 ad
1590 2299 1690 2334 Iudith,
1706 2299 1890 2329 liberatricem
1906 2301 1999 2337 populi
2019 2300 2121 2330 Israeli-

1275 2346 1337 2381 tici;
1353 2349 1380 2375 et
1395 2354 1443 2375 nos
1457 2346 1531 2375 istud
1548 2346 1663 2375 verbum
1679 2347 1750 2375 idem
1765 2346 1857 2376 dicere
1871 2347 2003 2376 debemus
2018 2350 2044 2376 et
2058 2347 2121 2376 diri-

1275 2401 1340 2430 gere
1351 2393 1384 2422 ad
1396 2393 1535 2430 Virginem
1548 2393 1704 2430 gloriosam,
1717 2393 1902 2422 liberatricem
1917 2394 2001 2423 totius
2012 2394 2120 2431 generis

1275 2439 1406 2473 humani,
1427 2443 1454 2468 et
1475 2439 1566 2468 dicere
1587 2439 1626 2468 ei:
1652 2439 1713 2468 Ora
1733 2448 1788 2476 pro
1808 2440 1891 2469 nohis
1905 2443 1955 2469 etc.
1972 2441 2022 2475 Tu,
2038 2440 2121 2478 Virgo

1274 2486 1401 2523 gloriosa,
1416 2494 1487 2523 quae
1501 2486 1586 2515 Maria
1599 2486 1708 2520 diceris,
1722 2486 1750 2515 id
1764 2489 1806 2515 est
1825 2487 1906 2516 stella
1926 2487 2032 2522 maris,
2047 2495 2118 2525 quae

1274 2533 1358 2561 Maria
1371 2533 1487 2567 diceris,
1509 2533 1535 2561 id
1557 2536 1599 2562 est
1619 2541 1702 2562 mare
1723 2542 1874 2567 amarum,
1890 2541 1961 2571 quae
1981 2534 2066 2563 Maria
2079 2534 2119 2563 di-

1274 2579 1360 2614 ceris,
1382 2579 1409 2608 id
1430 2582 1472 2608 est
1494 2580 1638 2614 Domina,
1659 2588 1715 2609 ora
1732 2589 1789 2617 pro
1809 2580 1892 2609 nobis
1917 2581 2118 2616 illuminandis,

2140 2260 2241 2280 Prothoum.

437 2758 444 2771 ¹
463 2760 562 2788 Hieron,
580 2761 650 2788 Epist.
670 2761 707 2783 52.
724 2762 753 2784 ad
771 2762 889 2790 Nepotian.
908 2764 972 2791 (alias
988 2765 1019 2793 2.)
1037 2771 1060 2787 n.
1078 2766 1100 2787 5.

436 2797 444 2808 ²
461 2798 589 2826 Respieitur
606 2799 675 2821 Exorl.
694 2800 731 2827 25,
749 2801 789 2827 20;
807 2802 910 2830 sequitur
928 2803 963 2824 ΡΞ.
983 2803 1034 2831 118,
1053 2804 1090 2825 72.

436 2835 444 2848 ³
462 2837 516 2859 Luc.
534 2838 554 2864 2,
572 2837 608 2860 24.
626 2845 675 2867 seq.

435 2874 444 2886 ‘¹
462 2875 527 2897 Rom.
546 2876 582 2903 11²2,
601 2877 624 2904 Ἰ1;
642 2878 745 2906 sequitur
763 2878 828 2900 Eccli.
846 2879 883 2907 34,
901 2880 938 2901 21.
956 2883 979 2902 et
996 2886 1018 2902 V.
1037 2881 1074 2902 24.

437 2912 445 2925 5
462 2914 590 2941 Respicitur
606 2916 655 2938 lsai.
673 2917 693 2943 l,
716 2917 749 2938 15.

436 2950 446 2964 ⁶
462 2952 543 2974 Psalm.
562 2953 598 2981 49,
619 2955 659 2982 23;
677 2959 804 2983 sequuntur
821 2956 887 2978 Eccli.
909 2957 941 2984 15,
960 2958 980 2979 9.
999 2960 1020 2979 et
1037 2958 1072 2980 Ps.
1090 2959 1127 2987 50,
1146 2959 1154 2980 l
1162 2959 1183 2980 9.

1337 2763 1345 2776 ⁷
1364 2765 1439 2787 Manu.
1458 2766 1479 2792 9,
1501 2766 1534 2787 13.

1336 2803 1345 2816 ⁸
1363 2805 1392 2826 Ex
1410 2804 1461 2826 cod.
1480 2804 1583 2827 biblioth.
1603 2805 1713 2827 National.
1729 2805 1863 2827 Parisiensis
1879 2811 1900 2827 n.
1915 2805 1998 2827 16499.
2015 2805 2051 2828 sol.
2064 2805 2116 2834 305,

1273 2843 1313 2871 qni
1325 2843 1419 2865 collatus
1431 2846 1465 2865 est
1476 2850 1529 2865 cum
1542 2844 1593 2866 cod.
1607 2844 1715 2866 Trecensi
1730 2850 1753 2866 n.
1766 2843 1833 2866 1464.
1847 2844 1883 2866 sol.
1897 2844 1933 2871 29,
1946 2843 1985 2866 ubi
1997 2843 2117 2867 ascrIbitur

1273 2881 1330 2905 bone
1347 2883 1467 2910 aventio-e,
1480 2883 1521 2905 sed
1533 2889 1610 2905 sermo
1622 2882 1742 2905 exhibetur
1752 2883 1891 2911 plerumque
1904 2883 1979 2910 magis
1995 2885 2117 2905 contracte.

1336 2919 1345 2932 ⁰
1363 2921 1427 2943 Vers.
1447 2920 1482 2943 lli.
1500 2932 1530 2937 —
1549 2921 1681 2948 Prothema,
1698 2921 1761 2950 quod
1773 2923 1808 2944 est
1824 2921 1846 2943 in
1863 2922 1912 2944 solo
1925 2921 1975 2944 cod.
1988 2921 2115 2950 Parisiensi‚

1272 2958 1369 2981 habetur
1385 2959 1459 2982 iudith
1478 2960 1498 2987 8,
1517 2960 1554 2982 29.
