2243 3348
0 253 7 285 ,Ι
33 263 84 289 Ἰᾙεκ

0 290 7 309 l·
27 288 90 311 (optio.

1 313 54 418 sl

0 482 2 496 1
48 482 50 491 i

23 718 99 774 nfidere

0 772 6 781 v.
15 759 39 774 coi
45 754 103 772 cante.

18 1246 47 1287 lp,
61 1249 97 1263 sec.

4 1270 23 1288 01
36 1271 104 1289 itatem,

13 1299 22 1313 n
39 1294 94 1311 meta-

15 1315 52 1341 003
63 1316 98 1334 trin

11 1342 25 1360 ι’
33 1340 99 1358 iflcans.

19 1720 25 1733 3
38 1715 95 1734 Ptolis

19 1739 92 1762 gnitate.

558 173 601 200 DE
624 172 886 201 ANNUNTlATlONE
908 172 935 200 B.
958 171 1100 200 VIRGINIS
1120 172 1247 200 MARLOE.
1271 172 1380 200 SERMO
1402 172 1430 200 ll.

123 251 283 289 cognitionis
304 251 331 279 10
353 251 453 285 anima,
476 250 670 287 scilicetfoedei,
686 250 763 287 quasi
786 258 835 286 per
858 250 966 278 radium

121 298 270 337 fractztm‚·
291 300 400 334 oportet
421 297 493 326 enim
523 297 549 325 in
574 297 627 325 fide
655 297 733 334 quasi
763 296 895 333 confringi
923 304 966 325 ra-

121 346 239 379 tionem;
261 352 324 373 nam
351 356 364 368 «
379 344 448 372 fides
469 352 522 372 non
546 344 627 372 habet
657 344 802 377 meritum,
824 351 887 372 curn
914 344 966 372 bu-

121 400 201 421 mana
223 391 292 420 ratio
312 391 426 427 praebet
447 390 672 427 experimentum
686 391 695 407 ¹
708 401 735 424 »;
758 390 832 424 item,
847 390 966 419 ratioci-

121 438 250 468 nationis
270 437 347 474 quasi
370 445 419 474 per
448 437 556 465 radium
581 436 720 473 reflexam
742 437 768 465 111
791 445 886 465 arcum
911 445 966 466 me-

120 486 212 519 dium,
234 485 337 513 scilicet
358 484 511 512 humanum
540 484 680 520 ingenium
710 484 744 512 ab
773 484 858 520 ipsius
879 484 967 521 gratia

120 531 321 564 illuminatuin;
345 531 418 564 item,
433 530 683 567 contemplationis
698 531 775 567 quasi
793 539 842 567 per
858 530 965 559 radium

120 582 243 611 rectam,
259 578 362 606 scilicet
382 578 480 606 mentis
495 585 650 606 excessum.
667 578 725 614 lpse
746 577 818 606 enim
834 580 874 606 est
889 577 967 614 origo

121 625 181 654 fidei
204 625 230 653 in
253 628 387 661 quantum
411 624 532 652 Verbum
555 624 739 658 incarnatum,
762 624 838 661 origo
859 624 967 652 ratioci-

121 671 238 700 nationis
259 672 285 699 in
309 675 400 699 mente
423 671 581 699 illuminans
602 671 781 705 intellectum,
804 671 881 708 origo
903 679 966 699 con-

120 718 304 755 templationis
325 717 358 746 ad
381 718 487 746 Patrem
511 718 624 746 trahens
645 718 782 746 allectum.
798 734 836 738 —
852 718 889 746 De
911 722 966 746 ter-

121 765 173 798 tio,
197 764 400 793 Ecclesiasticus
416 765 441 792 2:
467 764 561 799 Quasi
586 764 668 792 stella
690 763 837 792 malatina
860 764 889 791 in
912 772 967 791 nze-

121 811 167 840 1110
188 811 316 839 nebulae.
341 811 397 848 lpse
419 811 490 840 euim
520 811 551 839 in
579 811 671 839 medio
700 810 835 843 nebulae,
864 810 967 839 scilicet

119 861 306 895 peccatorum,
328 858 456 886 omnibus
471 858 562 886 verbis
584 861 610 886 et
631 857 709 885 factis
732 858 824 885 lumen
848 857 967 885 iustitiae

120 905 366 942 praemonstrabat.
390 904 456 933 Huic
477 904 642 932 conformari
664 904 806 937 debe-mus,
827 912 861 932 ne
880 904 966 932 simus

119 952 219 980 sidera
239 952 384 985 errantia,
400 951 505 989 quibas
520 951 649 988 procella
667 950 851 978 tenebrarum
875 954 901 979 01
923 958 966 979 ca—

119 998 209 1035 liginis
230 1001 409 1031 reservatur,
425 997 496 1026 51001
515 997 566 1033 (10)
590 997 669 1025 Iudae
691 997 827 1025 Canonica
849 997 966 1033 Epistola

119 1045 315 1079 admonemur;
338 1045 384 1073 sed
406 1044 494 1073 simus
508 1044 542 1073 de
557 1044 659 1081 quibus
680 1044 707 1072 in
723 1044 833 1072 Daniele
848 1044 965 1073 dicitur:

122 1092 179 1128 Qui
198 1092 239 1120 ad
263 1091 406 1120 iustitiam
428 1091 568 1119 eradiant
587 1091 693 1119 inultos
715 1091 804 1129 quasi
823 1091 920 1119 stellae
934 1092 965 1119 in

118 1142 273 1176 perpetuas
294 1138 487 1166 aeternitates.

199 1186 229 1214 Et
250 1186 321 1214 sicut
342 1185 469 1214 Christus
491 1185 582 1222 proles
597 1185 717 1226 Virginis
739 1185 890 1214 secundum
914 1186 966 1214 hu-

120 1233 276 1261 manitatem
299 1240 348 1269 per
380 1232 500 1266 nabent,
523 1240 572 1269 per
594 1232 713 1266 iridem,
735 1240 785 1269 per
806 1233 908 1266 siclas;
930 1233 966 1261 ita

119 1280 189 1308 bene
211 1279 363 1308 secundum
387 1279 519 1307 Deitatem
543 1287 591 1315 per
612 1279 682 1307 solis
704 1280 895 1316 metaphoram
920 1279 966 1307 de-

121 1329 240 1355 notatur.
263 1326 316 1355 Nec
337 1329 378 1354 est
399 1326 514 1355 visibilis
542 1329 671 1354 creatura
702 1326 794 1363 aliqua
815 1326 904 1363 aptior
933 1326 966 1354 ad

120 1373 361 1402 manuducendum
379 1381 429 1402 1105
445 1373 469 1401 in
486 1373 573 1410 ipsius
588 1373 787 1410 cognitionem3
804 1374 927 1402 Psalmus
939 1374 965 1400 3:

121 1421 153 1448 ln
184 1420 240 1448 sole
264 1420 366 1457 posuit
397 1420 619 1448 tabernaculam
641 1429 729 1448 sanni
752 1424 819 1454 etc.;
841 1424 868 1449 et
896 1421 966 1449 alius

120 1467 269 1504 Propheta:
299 1467 380 1495 Vobis
406 1467 571 1495 timentibus
599 1476 702 1495 nonicn
729 1476 825 1495 ineam
854 1468 966 1496 orietur

120 1514 167 1543 Sol
187 1514 323 1542 institiae.
342 1514 372 1542 Et
393 1514 458 1551 quia
479 1514 631 1542 secundum
649 1514 718 1542 banc
734 1517 861 1542 naturam
878 1519 919 1543 est
938 1515 964 1542 in

119 1561 177 1597 ipso
198 1561 419 1597 incomparabilis
446 1561 593 1598 eliynitas,
616 1561 785 1589 invariabilis
808 1561 964 1595 stabilitas,

119 1608 313 1636 inaccessibilis
334 1608 475 1641 eunitae,-
496 1616 546 1644 per
562 1608 614 1636 tria
636 1608 768 1636 miracula
784 1608 848 1636 solis
863 1608 965 1645 ligura-

119 1657 174 1688 tur,
187 1654 290 1683 scilicet
304 1654 369 1683 solis
384 1655 596 1688 γεω-0001100110,
613 1654 776 1682 mirabiliter
787 1655 902 1688 stantis,
915 1655 965 1683 mi-

119 1701 241 1730 rabiliter
262 1701 443 1738 splendentis.
461 1718 497 1721 —
513 1702 551 1729 De
566 1701 665 1738 primo,
680 1701 759 1729 lsaias
773 1702 800 1729 4:
823 1702 973 1730 Reversus.

119 1751 158 1776 est
177 1748 220 1776 sol
235 1748 328 1776 deceni
344 1748 427 1776 lineis
439 1757 493 1785 per
505 1748 632 1785 gracias,
648 1756 719 1786 qnos
734 1748 918 1776 descenderat
935 1749 965 1776 in

119 1794 264 1832 ltoroloyio
280 1794 392 1823 Acltaz.
408 1795 479 1831 Quid
494 1795 566 1823 enim
586 1803 697 1823 necesse
711 1795 772 1829 fuit,
789 1795 871 1823 vitam
892 1804 964 1823 mor-

118 1842 199 1870 talem
215 1842 353 1879 protelare
368 1842 424 1879 regi
441 1850 503 1870 cum
521 1843 596 1870 ta'nto
611 1842 745 1870 miraculo
760 1842 844 1871 totius
860 1843 965 1877 mundi,

118 1889 169 1918 nisi
191 1897 240 1926 per
262 1890 313 1917 hoc
335 1889 469 1917 Dominus
491 1889 656 1917 miraculum
678 1889 878 1917 miraculorum
893 1889 965 1918 futu-

119 1944 180 1965 rum
203 1937 370 1973 figurasset?
393 1937 421 1964 ln
444 1936 585 1973 horologio
599 1937 702 1973 quippe
724 1940 803 1965 erant
820 1937 964 1965 duodecim

119 1982 220 2017 lineae,
242 1983 288 2011 sed
313 1983 385 2011 ultra
406 1983 539 2011 decimam
556 1983 594 2011 sol
616 1991 669 2011 non
695 1983 767 2011 venit
788 1983 821 2012 ad
843 1983 965 2020 liguran—

119 2029 194 2064 dum,
216 2030 290 2066 quia,
312 2038 374 2058 cum
398 2030 452 2059 sint
473 2030 616 2059 duodecim
633 2030 736 2067 gradus
755 2031 840 2065 vitae,
862 2031 965 2060 scilicet

119 2084 214 2105 novem
236 2076 371 2105 Ordinum
395 2077 558 2113 Angelorum
582 2080 608 2105 et
631 2080 687 2106 tres
708 2077 856 2106 visibilium
889 2086 965 2106 crea-

118 2126 256 2157 turarum,
278 2124 381 2152 scilicet
403 2124 551 2157 rationalis,
567 2124 712 2158 sensibilis,
735 2125 903 2161 vegetabilis,
920 2125 964 2153 Sol

119 2170 237 2199 iustitiae
266 2179 319 2199 non
342 2172 420 2199 eitra
447 2171 580 2199 decimam
609 2171 699 2205 stetit,
728 2172 793 2208 quia
814 2181 964 2210 nitsqztanz

119 2217 242 2254 Angelos
257 2226 306 2246 nec
326 2218 509 2255 Archangelos
524 2217 730 2255 apprehendit,
755 2222 784 2247 ut
798 2220 943 2256 Apostolus
954 2220 964 2236 ⁵

119 2263 171 2297 ait;
187 2271 236 2292 nec
251 2264 331 2292 ultra
346 2265 477 2293 decimam
493 2265 642 2299 descendit,
658 2265 723 2302 quia
738 2273 787 2294 nec
809 2266 963 2295 sensibilem

119 2317 217 2345 puram
238 2318 288 2339 nec
311 2311 488 2347 vegetabilem
505 2319 647 2340 assumere
666 2312 755 2348 ipsum
778 2312 884 2346 decuit3
908 2312 964 2346 sed,

119 2361 149 2385 ut
177 2358 321 2394 Apostolus
348 2359 453 2395 inquit,
482 2367 576 2386 senten
600 2358 738 2387 Abrahae
766 2359 963 2396 apprehendit.

119 2403 185 2432 Cum
209 2412 274 2442 ergo
296 2413 344 2442 per
366 2406 458 2434 decem
476 2406 574 2439 lineas,
598 2406 623 2434 id
645 2409 686 2434 est
707 2410 899 2435 creaturarum
926 2407 965 2435 vi-

120 2453 176 2485 tas,
198 2459 227 2480 se
249 2452 419 2481 humiliando
440 2453 588 2487 descendit,
611 2457 638 2481 et
659 2461 708 2490 per
730 2453 839 2482 eosdem
862 2454 965 2491 gradus

120 2498 256 2531 ascendit,
284 2498 349 2527 dum
379 2507 463 2536 super
485 2508 593 2528 omnem
625 2500 774 2537 angelicam
808 2504 963 2529 creaturam

119 2548 272 2573 assumtum
295 2546 433 2574 hominem
456 2547 598 2575 collocavit
619 2563 655 2567 —
673 2547 810 2576 Psalmus:
832 2548 967 2577 Minuisti

119 2600 183 2620 enin
202 2592 293 2629 paulo
315 2593 413 2621 minas
431 2593 467 2621 ab
484 2594 602 2631 Angelis
618 2611 652 2615 —
670 2595 695 2622 in
719 2595 770 2623 boc
792 2602 857 2632 ergo
880 2595 965 2631 ipsius

183 2737 189 2749 ¹
208 2738 312 2765 Gregor„
330 2739 353 2760 ll.
371 2739 452 2761 llomil.
471 2740 491 2761 in
510 2741 596 2768 livang.
614 2741 691 2763 homil.
709 2742 746 2763 20,
764 2748 785 2764 n.
805 2743 825 2764 1.

182 2775 191 2788 ²
209 2776 263 2804 Cap.
281 2777 317 2804 50,
335 2777 362 2804 65
379 2781 507 2806 sequuntur
527 2779 594 2800 iudae
611 2785 632 2801 v.
654 2780 688 2801 13.
707 2783 728 2802 01
746 2781 802 2802 Dan.
824 2782 857 2808 12,
876 2782 898 2803 3.

183 2815 191 2827 ³
209 2815 290 2837 Psalm.
309 2816 345 2843 18,
363 2816 387 2842 53
405 2817 508 2844 sequitur
527 2818 619 2840 Malach.
638 2818 658 2844 li,
677 2819 698 2840 2.

182 2853 191 2865 ⁴
209 2853 264 2881 Cap.
282 2855 319 2880 38,
337 2855 359 2876 8.

183 2892 192 2904 ⁵
210 2893 277 2914 Hebr.
296 2894 317 2919 ⁶2,
339 2894 377 2920 l(i;

183 2930 192 2942 ⁶
210 2931 264 2959 Cap.
284 2932 319 2959 10,
341 2933 374 2954 13.

184 2969 191 2982 ⁷
209 2970 264 2998 Cap.
287 2972 318 2998 10,
337 2972 373 2993 22.
392 2972 432 2999 21;
450 2972 554 3000 sequitur
571 2973 624 3000 Sap.
644 2973 678 3001 l7,
700 2974 733 2996 19.
750 2981 798 3003 seq.

396 2894 499 2922 sequitur
518 2895 551 2916 l’s,
569 2896 590 2922 8,
608 2896 630 2917 5.

1815 174 1869 201 659

1024 249 1247 286 incomparabilis
1271 250 1392 286 dignatio
1420 250 1586 279 insinuatur.
1610 268 1644 270 -—
1669 251 1705 279 De
1733 251 1869 286 secundo,

1024 297 1102 325 losue
1117 297 1142 324 6;
1166 296 1245 325 Stetit
1266 297 1363 334 itaque
1383 297 1427 325 sol
1448 297 1478 325 in
1499 297 1593 325 medio
1611 297 1685 325 caeli
1705 300 1730 325 ct
1751 306 1809 325 non
1829 296 1870 334 fe-

1023 343 1143 371 stinavit
1164 343 1330 372 occumbere
1350 344 1445 380 spatio
1467 344 1557 372 nnius
1578 344 1643 373 (liei.
1666 344 1794 381 Nunquid
1816 353 1869 373 non

1025 390 1113 426 potuit
1135 390 1267 419 Dominus
1288 391 1390 427 populo
1412 399 1462 419 suo
1478 391 1619 419 victoriam
1635 391 1700 420 dare
1722 391 1780 420 sine
1796 394 1871 420 tanto

1024 437 1177 465 miraculo?
1201 437 1304 471 Potuit,
1326 437 1372 466 sed
1395 438 1422 466 in
1445 438 1496 466 boc
1524 438 1647 475 figurare
1675 438 1775 471 voluit,
1797 438 1871 474 quod

1024 483 1081 519 ipse
1103 483 1145 511 Sol
1168 483 1289 512 iustitiae
1305 484 1330 512 111
1345 488 1468 513 assumto
1483 485 1593 513 homine
1609 489 1784 522 pugnaturus
1803 485 1870 520 fuit,

1024 529 1069 557 sed
1094 532 1182 558 tamen
1205 530 1265 558 eius
1280 530 1434 559 Divinitatis
1449 532 1581 560 celsitudo
1597 532 1789 560 inenarrabilis
1808 540 1870 569 per-

1024 577 1132 604 mansit.
1156 593 1193 596 —
1214 577 1253 605 De
1274 577 1364 611 tertio,
1387 577 1412 606 in
1437 578 1529 606 Exodo
1545 579 1555 595 ⁷
1578 578 1687 615 legitur,
1703 579 1775 615 quod
1798 583 1869 607 tene-

1024 623 1094 651 brae
1114 622 1212 660 factae
1231 629 1301 652 sunt
1327 633 1416 661 super
1445 628 1555 654 terrani
1579 626 1720 663 Aegypti}-
1744 629 1771 655 et
1799 627 1870 655 sicut

1024 670 1049 698 in
1074 670 1143 698 libro
1165 671 1318 707 Sapientiae
1340 671 1450 708 legitur,
1472 672 1621 701 universus
1642 673 1722 701 orbis
1751 673 1870 710 limpido

1024 717 1251 746 illnnzinabatw¹
1283 718 1400 753 lamine,
1432 719 1502 747 solis
1529 723 1626 747 antem
1659 720 1732 754 illis,
1768 720 1871 749 scilicet

1024 764 1177 800 Aegyptiis,
1198 765 1384 801 superposita
1406 770 1471 794 erat
1496 767 1601 803 yravis
1621 775 1698 799 noae‚·
1720 775 1769 803 per
1797 768 1870 804 quod

1024 810 1171 846 figuratur,
1193 811 1267 847 quod
1290 812 1347 847 ipse
1362 813 1401 840 sol
1414 812 1550 846 Christus,
1566 813 1741 849 quibusdam,
1765 814 1871 843 meritis

1024 857 1081 884 suis
1102 857 1294 893 exigentibus,
1318 858 1343 886 in
1366 862 1542 894 peccatorum
1566 864 1645 888 nocte
1667 860 1782 894 relictis,
1804 861 1871 889 alios

1024 902 1161 931 illuminat
1182 903 1346 932 mirabiliter
1368 908 1395 933 et
1416 905 1544 933 illustrat.

1101 950 1255 978 Notandum
1278 950 1371 987 igitur,
1394 951 1468 987 quod
1492 952 1686 981 incarnationis
1709 954 1869 990 mysterium

1023 997 1062 1025 sic
1093 1000 1134 1025 est
1162 997 1305 1026 duodecim
1339 999 1508 1035 metaphoris
1540 999 1728 1036 designatum,
1757 1009 1828 1038 quae
1855 1010 1871 1029 a

1023 1046 1104 1071 terra
1126 1044 1290 1072 humilitatis
1312 1045 1446 1081 incipiunt
1474 1049 1501 1074 et
1523 1046 1548 1074 in
1573 1046 1630 1074 sole
1658 1047 1806 1084 sapientiae
1831 1048 1870 1076 di-

1024 1089 1102 1118 vinae
1123 1091 1240 1124 sistunt,
1263 1091 1328 1128 quia
1350 1091 1401 1119 nbi
1424 1091 1592 1126 tramittens,
1621 1093 1662 1121 ibi
1681 1094 1827 1131 sapientia
1842 1095 1871 1128 5,·

1023 1141 1047 1165 et
1063 1137 1182 1165 initiant
1203 1138 1374 1175 sapientiae,
1391 1138 1478 1167 timor
1495 1140 1619 1168 Domini.
1636 1141 1723 1175 Unde,
1740 1141 1805 1178 quia
1820 1142 1871 1170 hae

1023 1184 1166 1213 duodecim
1191 1185 1368 1222 metaphorae
1389 1186 1496 1214 beatam
1519 1187 1659 1223 Virginem
1681 1191 1707 1216 et
1729 1188 1788 1217 eius
1810 1189 1871 1217 Pro-

1023 1232 1076 1260 lem
1099 1232 1248 1266 insinuant,
1270 1233 1466 1262 convenienter
1481 1233 1515 1262 de
1531 1234 1588 1270 ipsa
1602 1234 1704 1263 dicitur
1720 1235 1785 1264 illud
1803 1237 1870 1272 Apo-

1023 1279 1156 1315 calypsis:
1180 1279 1283 1307 Mulier
1305 1280 1415 1308 amicta
1435 1280 1501 1314 sole,
1524 1281 1627 1309 scilicet
1648 1285 1746 1310 ornata
1767 1282 1870 1310 Divini-

1024 1326 1086 1353 tatis
1117 1326 1256 1359 claritate;
1279 1326 1398 1360 lanam,
1428 1328 1620 1364 temporalium
1642 1329 1870 1363 mutabilitatem,

1024 1372 1128 1400 liabens
1149 1372 1202 1400 snb
1222 1372 1362 1409 pedibas,·
1383 1376 1408 1401 et
1429 1373 1460 1401 in
1481 1374 1574 1411 capite
1605 1375 1710 1403 habens
1731 1384 1870 1404 coronant

1023 1419 1174 1448 duodecim
1195 1419 1347 1448 stellarum
1369 1423 1483 1457 propter
1497 1421 1601 1449 dictum
1621 1423 1783 1458 mysterium
1802 1423 1870 1451 duo-

1022 1466 1110 1494 decim
1123 1467 1292 1502 metaphoris
1304 1467 1475 1503 designatum
1487 1479 1492 1501 ;
1509 1476 1588 1505 quae,
1605 1469 1667 1497 licet
1678 1469 1869 1504 diversimode,

1023 1514 1135 1542 eandem
1161 1517 1249 1542 tamen
1272 1522 1330 1542 rem
1356 1514 1544 1551 designabant.
1568 1516 1739 1545 Bernardus:
1766 1518 1870 1546 «Unus

1022 1559 1074 1588 fuit
1086 1560 1217 1588 nimirum
1237 1561 1355 1597 Spiritus
1370 1562 1492 1589 omnium
1510 1562 1719 1599 Prophetarum,
1735 1564 1792 1601 qui,
1808 1565 1871 1593 licet

1022 1607 1139 1635 diversis
1161 1607 1256 1641 modis,
1279 1608 1363 1644 signis
1385 1612 1411 1636 et
1433 1609 1614 1645 temporibus,
1636 1611 1749 1639 eandem
1779 1614 1869 1640 tamen

1023 1661 1080 1682 rem
1113 1654 1230 1688 diversi,
1259 1663 1312 1682 non
1342 1654 1451 1683 diverso
1476 1655 1596 1691 Spiritu,
1618 1657 1816 1692 praeviderunt
1843 1660 1870 1685 et

1022 1700 1232 1737 praedixerunt.
1255 1701 1333 1737 Quod
1355 1702 1426 1730 enim
1458 1705 1640 1731 monstratum
1664 1703 1715 1731 l'uit
1736 1704 1819 1740 Moysi
1842 1704 1868 1732 in

1023 1748 1094 1776 rubo
1115 1752 1141 1776 et
1163 1748 1240 1785 igne,
1262 1749 1359 1777 Aaroni
1390 1749 1415 1777 in
1438 1749 1516 1786 virga
1544 1753 1570 1778 et
1591 1750 1676 1784 flore,
1702 1751 1819 1780 Gedeoni
1843 1752 1868 1780 in

1024 1795 1124 1823 vellere
1145 1798 1172 1823 et
1194 1803 1265 1829 rore,
1288 1796 1339 1823 hoc
1354 1798 1448 1831 aperte
1470 1796 1594 1825 Salomon
1611 1797 1749 1833 praedixit
1764 1798 1789 1826 in
1805 1807 1869 1826 11111-

1023 1841 1090 1869 liere
1111 1840 1184 1878 forti
1205 1845 1232 1870 et
1253 1842 1312 1871 eius
1335 1842 1423 1879 pretio
1438 1842 1464 1876 9;
1487 1843 1611 1879 apertius
1632 1844 1759 1873 [eremias
1791 1853 1869 1881 prae—

1022 1888 1109 1916 cinuit
1130 1889 1164 1916 (Ie
1183 1889 1304 1917 muliere
1325 1893 1350 1917 et
1371 1890 1450 1923 virm
1478 1890 1650 1926 apertissime
1679 1891 1759 1920 lsaias
1780 1892 1869 1920 decla-

1023 1935 1094 1963 ravit
1115 1936 1148 1963 110
1171 1936 1285 1973 Virgine
1306 1940 1331 1964 et
1353 1937 1446 1969 Filio,·
1461 1940 1487 1965 et
1503 1937 1611 1966 tandem
1627 1937 1736 1967 Gabriel
1752 1939 1774 1955 1⁰
1789 1939 1869 1967 exbi-

1022 1982 1083 2010 buit
1104 1983 1189 2019 ipsam
1212 1983 1351 2020 Virginem
1374 1984 1559 2013 salutando».

1356 2079 1447 2107 500110
1470 2080 1487 2107 11
1504 2080 1536 2107 ¹¹.

1102 2171 1187 2204 Eece,
1217 2171 1303 2208 Virgo
1324 2172 1479 2208 concipiet,
1503 2173 1585 2202 isaiae
1607 2174 1722 2210 septimo
1738 2175 1769 2201 ¹2.

1102 2218 1223 2247 Verbum
1247 2219 1319 2247 istud
1342 2220 1495 2248 secundum
1525 2220 1669 2249 litteralem
1699 2221 1868 2250 intellectum

1022 2265 1152 2301 competit
1175 2266 1277 2302 Virgini
1294 2267 1408 2299 Mariae3
1431 2267 1552 2295 continet
1566 2267 1638 2296 enim
1660 2276 1792 2305 expresse
1812 2277 1870 2305 my—

1023 2312 1137 2340 sterium
1160 2313 1346 2349 conceptionis
1369 2313 1418 2349 ipsi
1441 2313 1475 2341 ab
1497 2314 1597 2350 Angelo
1614 2315 1780 2349 nuntiatum,
1796 2315 1870 2352 quod

1022 2362 1063 2388 est
1085 2359 1200 2388 materia
1221 2360 1401 2388 solemnitatis
1422 2360 1580 2389 hodiernae.
1608 2361 1675 2389 lllud
1697 2365 1788 2390 autem
1812 2371 1870 2399 my-

1023 2406 1138 2435 sterium
1172 2409 1232 2435 erat
1260 2406 1454 2440 altissi'nnnn,
1484 2411 1510 2436 et
1532 2408 1592 2436 ideo
1613 2408 1788 2442 admirabile;
1811 2412 1870 2437 erat

1022 2454 1273 2487 decentissimam,
1296 2457 1323 2482 et
1345 2454 1404 2482 ideo
1420 2455 1596 2489 rationabile3
1619 2458 1679 2483 erat
1692 2454 1869 2492 sinemo-sis-

1022 2501 1141 2534 simum,
1164 2504 1190 2529 et
1212 2501 1271 2530 ideo
1286 2501 1474 2530 desiderabile.
1492 2502 1564 2536 Ideo,
1582 2502 1714 2539 triplicem
1731 2503 1790 2531 eius
1806 2511 1869 2532 con-

1022 2548 1152 2576 ditionem
1185 2548 1343 2582 insinuans,
1374 2549 1509 2585 Propheta
1537 2549 1667 2577 describit
1696 2549 1785 2586 ipsum
1820 2558 1869 2586 per

1024 2595 1077 2623 tria
1098 2595 1247 2624 vocabula:
1270 2599 1301 2624 ut
1321 2596 1393 2624 enim
1419 2596 1509 2632 ipsum
1532 2596 1657 2625 ostendat
1682 2597 1868 2626 adonia-abile.

1084 2741 1093 2754 ὃ
1112 2743 1178 2764 pror.
1200 2743 1233 2771 11,
1252 2744 1276 2769 -2;
1295 2746 1423 2771 sequuntur
1442 2743 1506 2765 Ecoli.
1530 2744 1546 2770 l,
1569 2744 1601 2765 tss.
1619 2747 1641 2764 et
1659 2743 1774 2771 Bernard.‚
1791 2743 1869 2765 homil.

1021 2782 1043 2803 2.
1063 2787 1134 2809 super
1151 2781 1239 2804 Missus
1257 2783 1298 2809 est,
1319 2788 1339 2803 n.
1362 2783 1394 2803 lt.

1084 2819 1093 2831 ⁹
1110 2821 1239 2848 Respicitm·
1258 2821 1324 2842 Pror.
1342 2821 1379 2847 31,
1401 2821 1434 2842 10.
1451 2824 1472 2842 01
1484 2823 1536 2847 post
1549 2821 1588 2842 lcr.
1602 2821 1638 2848 31,
1652 2821 1688 2842 22.
1701 2825 1722 2842 et
1735 2821 1783 2843 lsai.
1795 2821 1817 2846 7,
1835 2820 1867 2843 14.

1085 2858 1103 2871 ¹⁰
1121 2859 1250 2886 Respicitur
1268 2860 1322 2881 Luc.
1345 2860 1362 2887 t‚
1379 2859 1415 2880 30.
1434 2866 1481 2888 seq.

1084 2897 1101 2910 ¹¹
1122 2899 1150 2920 Ex
1167 2898 1219 2920 cod.
1238 2898 1364 2920 Monacensi
1378 2898 1407 2920 W
1421 2898 1456 2920 sol.
1479 2898 1518 2920 196
1538 2905 1560 2920 x.
1572 2902 1594 2920 et
1606 2898 1656 2920 cod.
1670 2898 1763 2920 'rudet-t.
1777 2905 1798 2920 n.
1819 2900 1868 2921 182.

1022 2937 1056 2959 t'ol.
1079 2937 1119 2958 160
1138 2944 1160 2959 v.

1085 2975 1103 2987 ¹²
1123 2976 1187 2998 Vei-s.
1210 2976 1242 2998 it.

1896 256 1922 275 De
1936 257 1996 275 Ptolis

1891 280 2000 299 stabilitate.

1897 584 1922 602 De
1937 584 1996 602 Ptolis

1900 608 1991 626 claritate.

1888 958 1992 977 Conclusio.

1885 2225 2006 2245 introductio.
