2243 3348
664 142 820 170 DOMlNlCA
843 143 859 171 l.
883 143 1064 172 ADVENTUS.
1086 145 1197 174 sERMO
1218 147 1248 174 X.
1273 147 1313 175 ET
1334 148 1377 176 xl.

145 238 181 243 -
204 221 370 258 Vigesimum
398 223 529 256 quartum
559 223 616 253 est,
644 220 710 257 quia
734 220 824 248 omnia
853 220 990 257 aedificia

145 269 267 297 1111111000
287 270 346 295 arte
368 269 527 295 constructa
547 266 708 302 simpliciter
739 269 766 294 et
795 266 989 295 universaliter

144 317 244 347 ruent,
267 313 418 341 secundum
442 312 617 349 Evangelium
641 312 767 341 Matthaei
784 313 803 340 ¹.
831 329 867 332 —
889 313 990 349 Vigesi-

144 369 220 390 mum
240 361 370 397 quintum
399 363 456 394 est,
486 360 551 396 quia
579 367 674 388 omnes
703 359 815 396 lapides
844 360 932 396 magni
962 363 990 388 et

144 408 220 445 parvi
242 407 412 435 scindentur
434 407 459 434 in
483 407 584 435 multas
606 409 697 442 partes
718 410 744 434 et
766 406 930 434 collidentur
955 406 989 435 ad

144 454 273 487 invicem,
295 453 446 482 secundum
469 453 656 481 narrationem
677 453 842 489 Hieronymi.
858 469 894 473 —
910 453 989 489 Vige-

144 501 244 530 simum
263 504 374 528 sextum
396 504 452 534 est,
474 500 540 536 quia
561 507 656 528 omnes
677 503 786 527 montes
811 503 837 527 et
859 499 941 527 colles
963 502 990 527 et

144 548 247 585 lapides
268 547 298 575 in
318 547 463 584 puluerem
495 547 680 584 redigentur,
709 546 862 575 secundum
892 554 988 574 narra-

144 595 245 623 tionem
267 594 432 630 Hieronymi.
449 611 485 613 —
501 594 668 630 Vigesimum
687 593 835 630 septimum
851 597 907 626 est,
923 593 989 629 quia

142 642 234 670 omnia
254 641 401 669 animatia
422 645 518 668 terrae
539 640 650 669 venient
667 640 700 668 ad
722 648 833 676 campos
854 640 887 668 de
913 640 989 668 silvis

143 688 293 724 mugientia
313 691 340 716 et
362 696 414 715 1100
437 687 588 724 gustantia,
617 686 770 715 secundum
800 686 986 715 narrationem

143 735 307 771 Hieronymi.
340 751 376 754 —
406 734 574 771 Vigesimum
606 737 733 762 octavum
763 737 819 767 est,
848 733 914 770 quia
942 733 989 761 fiet

142 781 317 819 adaequatio
349 785 461 814 terrac,
494 780 646 809 secundum
680 780 866 808 narrationem
895 780 988 808 Hiero-

142 829 224 865 nymi.
247 845 286 848 —-
307 828 476 865 Vigesimum
500 836 603 856 nonum
627 831 680 861 est,
703 827 768 864 quia
793 827 911 856 exibunt
940 826 987 855 lto-

142 875 233 904 mines
255 875 289 903 de
310 875 435 903 cavernis
464 877 490 903 et
519 875 598 903 ibunt
627 875 703 903 velut
730 878 853 903 amentes
881 877 908 902 et
933 883 987 902 non

141 925 272 959 poterunt
293 922 342 950 sibi
367 925 466 950 mutuo
495 922 585 958 loqui,
618 921 770 950 secundum
801 921 988 949 narrationem

141 969 306 1005 Hieronymi.
326 985 363 989 —
378 969 560 1005 Trigesimum
583 971 639 1002 est,
661 968 726 1005 quia
746 968 838 997 omnia
851 968 988 1005 sepulcra

141 1016 282 1053 patebunt,
299 1015 509 1052 resurgentibus
524 1016 585 1051 (sic)
602 1023 771 1052 unoquoque
788 1016 856 1043 liora
871 1023 930 1049 sua,
946 1023 988 1044 se-

141 1062 262 1092 cundum
285 1063 490 1099 Hieronymum.
514 1079 552 1082 —
576 1062 760 1099 'frigesimum
785 1062 906 1099 primum
930 1066 986 1096 est,

140 1110 205 1147 quia
225 1110 390 1138 morientur
410 1108 539 1137 ltonzines
562 1110 621 1137 uiui
637 1113 717 1143 tunc,
741 1112 771 1137 ut
786 1117 849 1138 cum
871 1110 988 1138 mortuis

141 1159 295 1193 resurgant.
320 1173 354 1176 —-
377 1156 560 1193 Trigesimum
583 1156 735 1185 secundum
757 1159 814 1190 est,
847 1156 911 1193 quia
940 1164 987 1193 ap-

141 1204 248 1240 parebit
271 1204 392 1240 siynuni
421 1203 491 1231 Filii
518 1202 643 1231 hominis
665 1203 691 1231 in
721 1203 805 1236 caelo,
834 1203 987 1232 secundum

140 1250 268 1279 Matthaei
290 1250 452 1287 vigesimum
482 1254 613 1287 quartum
631 1250 650 1283 ²,
679 1258 741 1278 cum
770 1250 900 1279 omnibus
927 1258 987 1286 pas-

140 1298 223 1326 sionis
244 1305 310 1326 51100
331 1297 523 1326 instrumentis
542 1301 569 1326 et
590 1297 773 1326 cicatricibus.
790 1298 986 1334 Hieronymus:

145 1345 249 1373 «Tunc
275 1344 366 1373 veniet
394 1344 477 1373 Filius
505 1345 626 1373 1101111015
654 1344 681 1372 10
710 1344 851 1373 0101051010
880 1352 930 1372 sua
961 1347 988 1373 et

140 1399 234 1420 omnes
256 1392 346 1428 Angeli
369 1391 429 1420 eius
448 1399 510 1420 0110]
533 1399 578 1425 eo,
600 1394 627 1420 et
649 1391 695 1420 1101
716 1391 850 1420 discussio
878 1395 905 1420 et
927 1399 988 1420 sen-

141 1438 225 1467 tentia
246 1446 297 1475 pro
317 1438 457 1467 universis
473 1450 500 1466 ».

217 1486 323 1522 Quibus
339 1486 469 1522 peractis,
485 1486 602 1514 cessabit
618 1490 709 1514 motus
730 1486 796 1514 caeli
822 1489 849 1514 et
870 1485 988 1514 influen-

140 1532 176 1561 tia
199 1532 394 1566 luminarium,
417 1533 488 1561 facta
510 1533 732 1561 remuneratione
754 1540 903 1569 corporum
926 1540 986 1561 cae-

139 1579 248 1608 lestium
259 1580 278 1614 3,
294 1582 322 1608 01
336 1587 390 1608 1100
406 1579 460 1607 erit
474 1588 530 1607 nox
546 1580 636 1616 prima
650 1580 701 1608 nisi
718 1580 744 1607 in
761 1579 884 1614 inferno,
900 1588 987 1608 omm-

139 1626 192 1655 bus
212 1626 376 1663 corporibus
395 1626 460 1655 caeli
483 1626 621 1655 stantibus
641 1626 666 1654 in
688 1626 795 1660 ordine,
817 1635 873 1663 quo
895 1629 987 1655 creata

138 1676 219 1707 sunt,
241 1674 303 1710 igne
324 1676 484 1702 remanente
499 1673 677 1702 mundificato
691 1673 724 1701 ad
740 1673 850 1702 modum
871 1682 988 1702 vernan-

138 1722 172 1750 tis
183 1721 313 1750 scharlati
326 1721 352 1749 11]
368 1721 522 1750 substantia
535 1720 593 1749 sine
608 1720 728 1757 potentia
742 1720 839 1757 agendi
855 1721 897 1749 vel
916 1721 988 1749 mul-

139 1768 278 1805 tiplicandi
301 1776 346 1802 se,
368 1769 432 1796 aere
453 1776 520 1796 vero
541 1771 689 1802 renovate,
711 1771 854 1801 serenato,
886 1768 987 1796 clarifi-

139 1818 199 1844 cato
220 1815 253 1843 ad
286 1815 397 1843 modum
426 1814 486 1843 auri
516 1814 709 1843 amoenissimi.
740 1815 826 1843 Terra
848 1823 914 1843 vero
941 1823 987 1843 or—

138 1862 270 1891 bicularis
291 1865 318 1890 et
340 1862 421 1898 plana
441 1865 469 1890 et
490 1861 581 1890 lucida
602 1861 711 1895 effecta,
733 1862 886 1890 clarissima
900 1862 933 1890 ad
949 1862 987 1890 10-

138 1912 195 1938 star
209 1909 331 1945 crystalli
354 1912 381 1938 et
397 1909 580 1938 virentissima
594 1909 627 1937 ad
643 1909 730 1937 instar
744 1910 894 1946 smaragdi,
914 1918 987 1947 aqua

138 1956 220 1985 etiam
241 1957 330 1993 gelata
351 1959 378 1985 et
393 1956 500 1993 pervia,
520 1959 552 1984 ut
573 1956 676 1984 vitrum
699 1957 890 1993 perlucidum,
912 1957 986 1986 faece

140 2003 249 2032 tandem
271 2003 395 2031 omnium
416 2003 455 2031 sic
476 2006 659 2040 purgatorum
675 2003 857 2032 descendente
879 2004 905 2032 in
926 2004 987 2032 bar-

139 2050 201 2078 bam
223 2049 417 2078 damnatorum
438 2049 472 2078 ad
494 2050 644 2078 infernum.

492 2137 583 2165 Suiuuo
598 2137 620 2164 X
635 2137 655 2164 4.

208 2228 287 2257 Item,
305 2228 441 2252 summaria
453 2227 560 2253 intentio
573 2227 704 2258 Evangelii
717 2227 850 2252 secundum
864 2227 955 2253 Lucam
968 2227 985 2256 ⁵,

138 2272 202 2304 quod
220 2272 314 2303 legitur
333 2271 413 2302 prima
432 2271 561 2296 Dominica
579 2271 607 2295 de
626 2270 744 2295 Adventu
763 2271 895 2296 secuudum
922 2271 987 2296 ordi-

137 2323 194 2340 nem
222 2314 323 2340 50001οθ
350 2314 475 2339 Romanae
498 2314 630 2343 Ecclesiae,
659 2314 684 2338 et
709 2314 862 2345 praedicavit
881 2322 934 2339 eam
952 2315 986 2339 sic

138 2358 288 2383 decurrendo
316 2357 481 2388 Evangelium
509 2357 571 2381 illud
597 2357 676 2382 frater
700 2357 878 2382 Bonaventura
903 2365 985 2383 coram

137 2409 195 2433 rege
213 2401 334 2426 Franciae
353 2400 383 2425 ad
403 2400 547 2432 petitionem
566 2401 654 2431 ipsius.

219 2476 329 2508 Erunt,
352 2474 455 2511 inquit,
477 2474 564 2511 8197101
585 2474 617 2502 ‘in
637 2474 694 2503 80ζο
714 2479 738 2503 et
760 2474 833 2503 tuna
847 2478 872 2503 et
886 2475 984 2509 stellis,

138 2526 164 2550 et
184 2522 215 2550 in
236 2522 323 2550 terris
341 2530 488 2559 pressura
507 2521 635 2559 yentiunz
657 2530 732 2558 prae
752 2521 922 2558 confusione
940 2531 985 2551 80-

138 2569 218 2597 nitus
239 2569 333 2597 mari-s·
354 2572 379 2597 et
398 2568 559 2605 fluctuum,
583 2569 670 2597 Lucae
691 2569 822 2605 vigesimo
843 2569 932 2605 primo
943 2570 964 2597 ⁶.

218 2616 245 2644 ln
267 2615 319 2644 isto
341 2615 494 2652 Evangelio,
515 2619 547 2643 ut
568 2623 617 2652 per
640 2615 765 2644 timorem
787 2615 922 2644 adventus
943 2617 985 2644 111-

138 2662 243 2691 dicialis
266 2662 458 2699 unusquisque
478 2662 567 2691 fidelis
594 2662 757 2699 disponatur
778 2662 811 2691 ad
843 2662 985 2691 celebran-

139 2710 205 2738 dum
227 2712 254 2738 et
275 2709 453 2738 recolendum
475 2709 648 2738 Nativitatem
681 2709 796 2744 Christi,
819 2709 846 2738 in
868 2718 923 2747 qua
945 2718 985 2739 so-

1046 222 1209 251 lemnizatur
1240 224 1374 253 adventus
1405 226 1564 255 clementiae
1592 229 1806 265 sempiternalis,
1839 232 1885 268 qui

1046 268 1134 297 factus
1155 273 1196 297 est
1215 277 1263 305 per
1278 271 1407 299 unionem
1421 272 1529 301 divinae
1544 277 1658 302 naturae
1679 283 1742 303 0110]
1759 277 1886 311 11001000,

1047 314 1180 343 Dominus
1200 318 1228 343 et
1248 316 1371 345 Salvator
1392 322 1485 346 noster
1507 319 1589 352 lesus,
1611 321 1753 357 alloquens
1768 322 1886 359 discipu-

1047 360 1087 388 los
1108 360 1134 388 in
1158 369 1275 397 persona
1296 364 1418 392 omnium
1440 365 1599 399 electorum,
1621 367 1676 395 duo
1700 369 1887 405 principaliter

1046 406 1118 434 facit.

1126 453 1142 480 1.
1166 454 1256 482 Primo
1276 457 1375 484 erudit
1394 458 1434 485 att
1452 459 1666 494 providentiam
1689 461 1809 489 finalium
1841 463 1887 490 [ri-

1046 499 1229 534 bulationum‚
1251 503 1411 538 exprimens
1432 504 1505 533 circa
1520 506 1600 534 finale
1615 507 1745 535 iudicium
1765 508 1886 537 suturam

1045 546 1229 575 universalem
1245 550 1453 578 commotionem
1469 559 1505 579 ex
1521 556 1597 588 parte
1609 557 1735 582 naturae
1750 555 1886 589 caelestis,

1045 593 1111 629 quia
1131 598 1217 622 crunt
1237 595 1341 632 8191101,
1364 597 1580 632 obscurationis,
1604 600 1633 627 in
1654 601 1711 628 80ἰο
1732 605 1756 628 et
1778 601 1849 630 luna
1863 607 1887 630 et

1044 640 1140 668 stettz's.
1157 658 1194 660 —
1210 641 1249 669 Ex
1265 646 1342 678 parte
1366 648 1490 672 naturae
1504 645 1692 680 elementaris,
1709 648 1772 683 quia
1788 649 1817 676 in
1833 653 1888 676 ter-

1045 687 1088 714 ris
1108 695 1253 723 pressura
1272 689 1404 725 ‘nentium
1415 699 1490 726 prae
1504 691 1672 727 confusione
1690 695 1802 722 sonitus
1823 704 1886 723 ina-

1045 734 1089 762 ιν’ί8
1110 738 1135 761 et
1154 733 1298 770 fluctuum
1321 736 1381 764 erit.
1398 754 1435 756 —
1450 738 1489 765 Ex
1512 742 1589 774 parte
1610 743 1737 768 naturae
1759 741 1887 770 rationa-

1045 780 1081 809 lis
1102 781 1255 815 humanae,
1284 783 1349 818 quia
1377 789 1507 812 arescent
1536 784 1663 814 ltonzincs
1686 796 1759 823 prae
1787 788 1887 816 timore

1044 832 1068 856 et
1089 829 1309 865 eaecpectationc,
1332 838 1406 867 quae
1427 832 1628 867 supervenient
1651 834 1786 862 uniuerso
1815 835 1886 862 orbi.

1044 892 1083 895 —
1106 875 1145 903 Ex
1167 879 1245 911 parte
1266 880 1394 904 naturae
1416 877 1613 906 intellectualis
1645 880 1795 915 angelicae,
1824 881 1888 917 quia

1046 923 1166 950 uirtutes
1188 922 1336 950 caelorum
1357 923 1621 952 commonebuntur.
1638 941 1673 945 -—
1690 926 1728 953 Ex
1752 930 1828 962 parte
1844 927 1887 955 iu—

1044 969 1118 997 dicis
1140 969 1312 1005 apparentis·
1334 969 1360 997 11]
1384 970 1467 998 rutila
1495 971 1569 999 nube
1591 975 1617 1000 et
1638 973 1812 1008 praecellenti
1838 974 1889 1001 cla-

1045 1016 1125 1044 ritate
1146 1018 1174 1044 et
1194 1016 1341 1052 dignitate,
1363 1017 1429 1053 quia
1450 1021 1518 1045 tunc
1548 1018 1682 1047 videbunt
1705 1020 1812 1048 Filium.
1841 1019 1888 1048 lto-

1044 1062 1133 1090 minis
1155 1063 1309 1091 uenientem
1330 1063 1362 1091 in
1383 1063 1457 1091 nube
1478 1072 1544 1092 cum
1564 1069 1701 1101 potestate
1725 1074 1836 1103 ntayna
1864 1070 1889 1095 et

1044 1113 1201 1138 maiestate.

1124 1157 1151 1184 ll.
1174 1157 1299 1185 Secundo
1320 1157 1406 1193 eriyu
1434 1158 1473 1185 ad
1498 1158 1699 1194 confidentium
1729 1159 1886 1188 caelestium

1044 1204 1276 1237 consolationum,
1287 1207 1314 1232 et
1330 1205 1380 1232 1100
1395 1203 1593 1233 eat-hortatione
1607 1205 1821 1243 confortatoria
1836 1207 1887 1235 sub

1044 1258 1092 1287 spe
1114 1250 1310 1287 redemptionis
1331 1251 1594 1288 appropinquantis;
1617 1251 1675 1286 lits,
1698 1253 1801 1289 inquit,
1822 1253 1889 1289 fieri

1044 1297 1258 1335 incipientibus,
1281 1298 1412 1335 respicite
1433 1302 1457 1326 et
1479 1298 1567 1327 lebate
1582 1299 1681 1335 capita
1696 1303 1804 1333 vestra,
1820 1308 1888 1337 qno-

1043 1345 1127 1373 niam
1148 1345 1369 1382 appropinquat
1389 1345 1546 1382 redemptio
1567 1349 1671 1374 vestra.
1689 1362 1724 1367 —
1747 1346 1888 1374 Similitu-

1045 1392 1110 1420 dine
1129 1392 1359 1420 mcmuctuecorta
1374 1392 1426 1420 sub
1442 1393 1602 1429 metaphora
1618 1393 1756 1421 terrestris
1772 1394 1889 1429 pullula—

1045 1439 1126 1467 tionis
1153 1438 1294 1474 ficulneae
1323 1442 1453 1467 aestatem
1483 1439 1622 1476 signantis.
1655 1456 1693 1460 —
1724 1440 1888 1468 Assertione

1044 1485 1250 1521 certificatoria
1274 1485 1326 1514 sub
1348 1485 1458 1514 nomine
1477 1485 1549 1513 caeli
1562 1489 1585 1513 et
1605 1489 1700 1514 terrae
1721 1486 1812 1522 potius
1828 1494 1888 1523 per-

1045 1533 1184 1561 iturorum
1206 1540 1289 1568 quam
1312 1531 1462 1560 verborum
1486 1532 1584 1560 horum
1612 1540 1727 1560 suorum
1756 1541 1809 1561 non
1839 1533 1888 1560 im-

1044 1579 1218 1616 plendorum.

1380 1682 1471 1710 Samio
1493 1681 1534 1709 XI.
1548 1681 1558 1697 ⁷

1113 1780 1191 1810 Item,
1205 1787 1285 1805 sermo
1298 1779 1386 1804 fratris
1404 1779 1595 1805 Bonaventurae
1613 1779 1642 1804 de
1655 1779 1737 1804 eadem
1750 1780 1888 1809 Dominica,

1042 1823 1124 1848 factus
1143 1824 1169 1848 in
1188 1823 1285 1854 capella
1302 1823 1395 1848 domini
1413 1823 1480 1854 regis
1499 1822 1611 1847 Pau-isius
1630 1829 1711 1847 coram
1731 1830 1787 1854 rege
1812 1823 1837 1847 et
1855 1823 1889 1847 fa-

1042 1867 1120 1892 milia.

1122 1958 1217 1986 Erunt
1237 1957 1326 1994 siyna
1347 1957 1379 1985 in
1398 1956 1456 1985 sole
1477 1960 1502 1985 et
1523 1956 1595 1984 luna
1616 1959 1640 1984 et
1667 1956 1771 1989 stellis,
1801 1956 1888 1985 Lucae

1044 2005 1174 2042 vigesimo
1197 2005 1287 2041 primo
1299 2004 1319 2032 ⁸.

1121 2052 1148 2080 11]
1172 2053 1223 2080 1100
1245 2052 1336 2089 prima
1358 2051 1499 2079 Dominica
1521 2050 1659 2079 Adventus
1680 2050 1787 2078 Domini
1809 2058 1889 2078 reno-

1043 2103 1125 2127 vatur
1142 2099 1261 2128 Ecclesia
1276 2099 1303 2127 111
1320 2098 1424 2127 Officiis
1436 2098 1455 2131 ⁹,
1472 2106 1520 2134 per
1534 2097 1607 2134 quod
1623 2097 1786 2130 ostenditur,
1802 2097 1889 2133 quod,

1042 2146 1064 2175 si
1086 2146 1149 2183 quis
1170 2147 1231 2174 vult
1252 2145 1425 2174 Nativitatem
1449 2144 1554 2173 Domini
1578 2144 1658 2181 digne
1679 2144 1834 2177 celebrare,
1849 2143 1889 2171 di-

1042 2201 1094 2230 gne
1116 2193 1245 2222 renovari
1266 2192 1347 2221 debet
1368 2192 1486 2220 interius
1507 2192 1533 2219 in
1556 2190 1705 2229 affectibus
1723 2194 1750 2219 et
1764 2190 1889 2219 exterius

1042 2241 1069 2268 10
1092 2240 1178 2269 sacris
1200 2240 1332 2268 moribus
1353 2243 1380 2268 et
1401 2239 1552 2276 operibus,
1574 2242 1604 2266 ut
1625 2238 1800 2266 inveniantur
1816 2237 1841 2265 111
1857 2245 1888 2265 eo

1043 2287 1120 2324 signa
1142 2286 1301 2315 salvationis
1332 2294 1381 2322 per
1410 2285 1653 2314 conformationem
1682 2284 1715 2312 ad
1747 2283 1886 2311 Christum

1043 2335 1128 2363 solem
1150 2338 1176 2362 et
1198 2335 1311 2362 Matrem
1335 2334 1428 2361 lunam
1450 2336 1477 2361 et
1498 2331 1638 2368 Apostolos
1666 2330 1766 2358 stellas.
1795 2329 1888 2366 Spiri-

1043 2381 1162 2410 tuatiter
1183 2380 1342 2417 accipiendo
1363 2380 1448 2408 verba
1463 2378 1617 2416 proposita,
1633 2377 1763 2405 describit
1779 2377 1822 2405 hic
1836 2376 1888 2404 Do-

1042 2429 1147 2461 minus,
1170 2428 1197 2456 10
1219 2428 1379 2464 exemplum
1403 2426 1537 2455 Ecclesiae
1559 2424 1748 2453 convocandae
1769 2427 1795 2452 et
1817 2423 1888 2451 aedi-

1042 2475 1164 2504 ficandae
1185 2478 1212 2503 et
1233 2475 1267 2503 ad
1288 2474 1331 2503 sui
1353 2477 1380 2502 et
1407 2473 1500 2501 Matris
1527 2474 1555 2501 et
1582 2471 1772 2508 Apostolorum
1801 2470 1888 2498 imita-

1042 2522 1144 2551 tionem
1171 2521 1341 2554 alliciendae,
1368 2521 1457 2557 primo
1484 2528 1556 2548 suae
1585 2519 1659 2547 vitae
1684 2516 1888 2555 perfectionem

1041 2568 1246 2605 multiplicent,
1269 2576 1332 2596 cum
1353 2567 1433 2596 dicit:
1466 2567 1559 2594 Erunt
1579 2566 1667 2603 siqua
1694 2565 1725 2593 in
1751 2564 1826 2597 sole;
1847 2572 1888 2592 50-

1042 2615 1132 2644 00οᾱ0
1154 2623 1220 2644 5000
1243 2615 1336 2643 Matris
1357 2613 1602 2643 conversationem
1623 2612 1809 2649 deiformem,
1825 2618 1886 2638 cum

1041 2663 1131 2691 addit:
1153 2666 1177 2691 et
1193 2662 1283 2695 Zuna;
1300 2661 1380 2690 tertio
1395 2669 1461 2689 suae
1476 2660 1631 2688 cotnititiae
1645 2658 1886 2690 sccnctitudinem,

1041 2718 1105 2739 cum
1127 2709 1279 2738 subinfert:
1302 2712 1328 2736 ct
1347 2707 1452 2741 stellis,
1475 2707 1501 2735 id
1523 2710 1564 2735 est
1585 2706 1725 2743 Apostolis.

203 2866 210 2878 ¹
228 2866 283 2894 Cap.
302 2866 338 2894 et,
356 2867 379 2888 2.
396 2872 460 2895 seqq.
839 2866 848 2880 ²⁵
865 2868 930 2890 Vers.
949 2867 986 2890 30.

202 2904 211 2917 ³
227 2905 273 2928 Cl'r.
290 2906 385 2933 Bonav.‚
403 2905 438 2927 lV.
457 2906 519 2928 Sent.
535 2905 558 2927 d.
577 2905 613 2927 ts.
631 2912 651 2927 a.
669 2906 690 2927 2.
708 2912 730 2934 q.
752 2907 770 2928 l.
789 2907 810 2928 ⁶2..
828 2907 850 2928 3.

200 2944 211 2957 ⁴¹
227 2946 257 2967 Ex
269 2945 351 2967 eodem
365 2945 445 2967 codice
456 2945 493 2967 sol.
505 2945 518 2967 7
537 2951 554 2967 r.
567 2946 647 2967 Sermo
660 2948 693 2967 est
705 2951 746 2973 per
758 2946 854 2968 modum
873 2945 986 2968 homiliae.

1739 2860 1749 2873 ’ἶ
1768 2861 1832 2883 ΥοΓ5.
1850 2861 1886 2882 25.

1739 2898 1748 2909 ’³
1766 2900 1831 2921 Vers.
1849 2899 1887 2921 25.

1107 2866 1116 2879 ⁵
1133 2866 1189 2894 Cap.
1206 2866 1244 2892 21,
1263 2865 1342 2887 25-33.

1108 2904 1116 2917 ⁷
1134 2906 1163 2927 Ex
1182 2904 1264 2927 eodem
1282 2904 1361 2926 codice
1380 2904 1416 2925 l'ol.
1435 2903 1447 2923 S
1469 2909 1487 2924 r.

1107 2943 1116 2956 ²³
1133 2944 1157 2966 ld
1174 2947 1220 2971 est,
1238 2943 1316 2971 incipit
1332 2949 1407 2965 novus
1424 2947 1498 2963 0011115
1515 2941 1688 2963 ecclesiasticus.

1904 464 1949 482 Pars
1962 464 1975 482 1.

1906 1160 1950 1179 Pars
1962 1161 1983 1179 ll.

1906 2517 1983 2536 Divisio.
