2243 3348
3 599 48 645 {Pars-
58 616 87 636 111.
99 616 128 643 oe

0 641 126 684 -l¹¹⁹{i¹·¹‚‘1'‚it⁶²¹'

9 1029 11 1060 i
33 1037 105 1064 Triplex

10 1063 63 1083 iactus
75 1064 128 1080 mise-

10 1094 11 1119 ἦ
40 1084 99 1104 rendi.

18 1412 120 1440 Relevando

11 1440 16 1453 ‘r
24 1441 114 1455 misenam

11 1460 128 1484 ¹toi-poralem.

22 2542 60 2565 seni,
73 2538 122 2566 iguo-

22 2563 84 2580 iniiam
97 2568 124 2581 m-

22 2584 128 2605 llectualem.

620 158 776 187 DOMINICA
799 159 862 187 XIII.
886 159 967 188 POST
990 159 1230 188 PENTECOSTEN.
1253 160 1363 189 SERMo
1385 161 1412 189 II.

143 236 211 264 Iesu.
233 235 298 263 Nam
321 235 343 264 si
365 235 399 264 ab
420 235 479 272 ipso
500 236 707 271 declinaverint,
729 245 782 265 non
799 237 887 273 plena,
904 237 988 265 Immo

142 289 229 311 vacua
249 285 340 310 erunt.
363 282 385 310 Ο
407 282 496 316 Deus,
525 286 628 320 quanta
658 283 786 312 aviditate
818 284 988 320 appetendus

142 331 183 358 est
204 329 287 362 lesus,
308 329 390 358 unica
410 329 485 358 salus
506 329 659 363 hominum,
681 333 769 358 totum
791 330 894 359 bonum
909 330 988 359 Chri-

142 375 304 409 stianorum,
326 375 439 412 plenum
461 375 593 412 gaudium
616 376 772 410 Remorum,
793 377 820 406 in
843 385 898 414 quo
919 381 988 406 tota-

142 422 205 450 liter
226 422 331 450 habitat
359 422 501 458 plenitudo
533 422 645 451 deificae
676 423 841 460 voluptatis,
873 424 899 452 in
932 432 987 461 quo

142 469 233 497 anima
254 469 384 497 immersa
404 471 430 497 et
452 468 592 505 absorpta,
614 469 734 505 perfecte
755 470 846 498 omnia
867 470 927 499 eius
941 470 987 499 de-

143 515 243 544 sideria
263 518 507 544 consummantur!

221 562 260 590 III.
283 562 375 590 Tertio
396 562 422 590 in
446 561 531 590 verbo
549 562 690 598 proposito
704 563 934 591 commendantur
948 563 986 592 illi

141 608 241 645 leprosi
263 611 398 645 quantum
420 608 454 637 ad
475 608 632 637 discretam
659 609 795 637 meritam
823 609 986 646 petitionis,

142 656 206 693 quia
227 655 410 684 versabantur
431 655 504 684 circa
524 654 661 684 defectum
676 655 805 691 propriae
820 655 986 690 infectionis,

141 710 205 731 cum
226 702 377 731 subinfert:
398 702 535 731 miserere
555 702 657 730 nostri.
679 701 819 730 Habebant
843 702 915 730 enim
937 703 987 730 tri-

140 749 237 786 plicem
259 749 412 783 defectum,
435 748 541 777 ratione
562 748 643 777 cuius
671 748 786 777 interior
808 751 835 777 et
863 749 986 777 exterior

139 797 223 825 homo
243 796 421 833 gravabatur.
443 796 509 824 Nam
528 795 618 832 primo
633 795 771 824 habebant
785 794 987 832 infirmitatem

140 843 291 880 corporalis
313 843 453 877 miseriae;
476 842 597 871 secundo
612 842 750 871 habebant
765 842 929 870 eaecitatem
946 842 986 870 in-

140 890 303 919 tellectualis
324 890 511 927 ignorantiae;
533 890 614 918 tertio
636 889 776 918 habebant
802 889 987 928 iniquitatem

141 937 292 966 affectualis
313 937 441 965 malitiae*
463 936 502 965 Ab
523 936 575 965 isto
596 937 668 965 enim
691 936 791 973 triplici
807 936 916 965 defectu
931 936 986 965 dis-

140 987 215 1013 crete
235 983 365 1021 petebant
386 983 507 1017 liberari,
529 991 593 1012 cum
614 983 755 1012 dicebant:
778 983 915 1012 miserere
936 992 986 1011 no-

140 1031 203 1059 stri.
226 1031 333 1064 Primo,
355 1030 477 1067 inquam,
498 1030 636 1059 miserere
656 1030 752 1059 nostri
772 1030 919 1059 relevando
939 1030 986 1059 de-

139 1077 241 1107 fectum
263 1077 415 1114 corporalis
435 1077 573 1106 miseriae
594 1085 643 1114 per
665 1077 836 1106 collationem
865 1077 986 1106 exterio-

139 1124 178 1153 ris
199 1124 338 1158 sanitatis;
360 1124 496 1159 secundo,
519 1124 655 1152 miserere
669 1125 764 1153 nostri
777 1124 925 1153 relevando
939 1124 986 1153 de-

139 1171 241 1200 fectum
273 1171 465 1200 intellectualis
496 1170 682 1208 iqnorantiae
702 1179 752 1207 per
774 1171 985 1200 illustrationem

139 1218 288 1246 infallibilis
310 1217 448 1251 veritatis;
471 1217 561 1251 tertio,
580 1218 717 1246 miserere
730 1218 826 1246 nostri
839 1218 987 1247 relevando

139 1264 275 1294 defectum
297 1265 448 1294 affectualis
469 1264 600 1293 malitiae
620 1272 670 1302 per
685 1265 858 1293 donationem
874 1265 987 1294 interio-

140 1312 178 1341 ris
199 1312 358 1341 sanctitatis.

218 1359 319 1393 Primo,
340 1359 477 1387 miserere
497 1359 593 1388 nostri
614 1359 761 1388 relevando
776 1358 917 1397 defectam
932 1359 987 1387 mi-

140 1406 233 1434 seriae
254 1405 419 1443 corporalis
440 1405 583 1435 collatione
598 1406 747 1435 exterioris
761 1406 893 1435 sanitatis.
910 1406 987 1434 Hunc

140 1452 275 1482 defectum
298 1453 325 1481 in
347 1460 376 1482 se
397 1453 506 1489 petebat
529 1453 574 1482 lob
595 1453 711 1482 relevari
734 1453 768 1482 ab
789 1453 899 1487 amicis,
921 1461 985 1482 cum

140 1500 234 1529 dolore
255 1500 294 1528 eis
315 1500 497 1529 calamitatem
519 1500 650 1529 inflictam
679 1500 859 1537 exponendo,
888 1508 986 1529 secun-

140 1547 206 1576 dum
228 1547 301 1584 quod
332 1547 434 1576 dicitur
463 1547 508 1575 Iob
539 1547 645 1576 decimo
677 1548 786 1575 nono¹:
808 1547 987 1575 Miseremini

140 1594 205 1628 mei,
227 1594 408 1622 miseremini
427 1594 496 1628 mei,
518 1594 620 1622 saltem
640 1603 700 1628 vos,
723 1594 814 1623 amici
833 1594 900 1628 mei,
915 1594 987 1633 qnia

140 1649 249 1669 manus
266 1641 383 1669 Domini
397 1641 488 1678 tetigit
498 1649 549 1669 me.
564 1641 633 1670 Dicit
644 1641 716 1670 enim
729 1641 771 1669 bis
781 1651 786 1669 :
798 1641 985 1675 Miseremini,

140 1688 331 1722 miseremini,
346 1692 377 1717 ut
391 1688 526 1723 ostendat,
541 1688 614 1725 quod
629 1688 818 1718 misericordia
832 1688 912 1717 debet
927 1696 986 1717 esse

142 1735 168 1764 in
190 1735 290 1764 affectu
311 1735 429 1764 interius
450 1738 477 1764 et
497 1736 525 1764 in
546 1736 646 1764 effectu
660 1736 795 1764 exterius.
811 1735 861 1764 Sed
877 1735 923 1764 ubi
940 1735 986 1764 de-

141 1782 238 1811 ficiunt
258 1790 354 1811 omnes
375 1782 453 1811 amici
477 1782 531 1811 mei
552 1782 683 1817 humani,
705 1790 759 1811 non
783 1782 876 1811 deficit
903 1790 987 1811 verus

141 1829 246 1858 amicus
267 1829 410 1864 Christus,
432 1829 584 1858 secundum
606 1830 681 1867 quod
702 1833 776 1867 patet
803 1830 831 1858 in
857 1830 987 1867 parabola

141 1876 291 1910 vulnerati,
307 1876 395 1905 Lucae
410 1876 515 1905 decimo
527 1877 553 1904 2;
577 1876 789 1905 Samaritanus
810 1881 908 1906 antem
923 1877 987 1915 qai-

141 1923 220 1957 dam,
236 1923 291 1952 iter
304 1922 427 1960 faciens,
442 1923 649 1952 misericordia
662 1928 759 1952 motas
777 1928 818 1952 est
837 1928 862 1952 et
883 1932 988 1961 appro-

138 1970 228 2007 pians
249 1970 383 2007 altiqavit
403 1970 528 1999 vulnera
549 1970 620 1999 eius.
643 1987 680 1991 —
697 1971 923 2005 Samaritanus,
939 1970 986 2008 qui

141 2020 233 2046 custos
253 2017 471 2055 interpretatur,
493 2021 624 2055 tanquam
646 2025 730 2047 verus
752 2018 875 2047 medicus
895 2020 987 2047 custo-

140 2064 180 2093 dit
200 2068 227 2094 et
247 2068 393 2093 conservat
413 2065 520 2093 animas
547 2068 574 2094 et
602 2073 719 2101 corpora
746 2065 774 2093 in
802 2065 923 2101 perfecta
945 2072 988 2093 sa-

140 2111 241 2145 nitate;
270 2111 323 2140 iter
351 2110 480 2148 faciem,
503 2111 638 2140 visitando
659 2119 708 2148 per
730 2111 987 2140 condescensionem

141 2158 301 2193 Maiestatis;
324 2158 531 2187 misericordia
556 2162 651 2187 motus
676 2162 732 2193 est,
754 2158 910 2188 miserando
938 2166 987 2195 per

141 2205 270 2234 affectum
296 2205 404 2242 pietatis
425 2209 452 2234 et
473 2206 590 2234 vulnera
610 2206 670 2234 eius
691 2205 811 2234 sanando
833 2213 883 2242 per
898 2205 988 2234 virtu-

141 2255 195 2281 tem
210 2252 373 2281 Divinitatis.
389 2253 448 2290 lpse
462 2253 534 2281 enim
550 2256 591 2282 est
605 2253 728 2282 medicus
743 2253 827 2282 totius
841 2253 987 2289 experien-

141 2299 209 2334 tiae,
224 2300 272 2337 qui
288 2302 365 2328 sanat
379 2307 489 2328 omnem
505 2300 667 2337 languorem
683 2300 741 2329 sine
755 2303 913 2337 unguento,
929 2299 988 2328 sine

141 2345 230 2381 ferro,
253 2346 311 2375 sine
342 2355 520 2384 quocumque
551 2350 662 2376 terreno
693 2347 908 2381 medicamento,
940 2346 988 2375 sed

141 2396 248 2422 tantum
270 2394 327 2422 solo
349 2394 434 2423 verbo
455 2397 482 2422 et
503 2402 569 2422 suae
591 2394 740 2423 voluntatis
761 2397 832 2423 nutu
853 2398 880 2423 et
905 2394 987 2423 bene-

143 2439 249 2476 placito.

220 2487 363 2522 Secundo,
384 2488 520 2516 miserere
541 2488 636 2516 nostri
666 2488 813 2517 relevando
844 2487 987 2525 defectam

144 2533 342 2563 intellectualis
364 2535 552 2572 ignorantiae
573 2535 757 2564 illustratione
778 2535 926 2564 infallibilis
941 2543 987 2565 ve—

142 2580 244 2615 ritatis;
267 2582 340 2611 unde
362 2582 450 2611 Lucae
471 2582 576 2611 decimo
597 2582 731 2611 octavo-⁹³:
760 2582 869 2611 Caecus
896 2582 987 2611 mutto

142 2629 238 2665 magis
259 2629 421 2657 clamabat.-
444 2629 503 2657 Fili
524 2629 635 2663 David,
657 2629 794 2658 miserere
815 2629 878 2658 mei.
900 2629 987 2658 Stans

143 2679 237 2704 autem
260 2676 355 2710 Iesus,
371 2676 466 2710 iussit,
482 2676 565 2705 illam
587 2676 698 2705 adduci
717 2676 758 2705 act
770 2685 807 2705 se.
824 2676 899 2705 Sicut
914 2676 986 2705 enim

1833 164 1888 191 405

1045 237 1096 266 iste
1117 245 1215 267 caecus
1236 247 1289 267 non
1311 238 1465 268 dimittebat
1486 242 1598 277 propter
1620 240 1718 269 turbae
1737 241 1888 269 tumultum

1045 287 1072 313 et
1093 284 1306 321 increpationes,
1328 286 1394 322 quin
1417 286 1504 315 multo
1526 287 1613 323 magis
1634 287 1773 321 clamaret,
1795 291 1827 316 ut
1848 288 1890 316 lu-

1045 339 1107 360 men
1139 333 1282 369 corporale
1313 337 1469 362 mereretur
1490 334 1630 371 accipere;
1659 334 1697 363 sic
1725 334 1771 371 qui
1795 335 1854 363 vult
1874 343 1890 363 a

1045 378 1105 407 Iesu
1127 378 1276 407 illuminari
1299 379 1488 416 spiritualiter,
1510 388 1573 408 cum
1595 381 1733 409 tumultus
1766 392 1779 405 «
1794 388 1889 409 carna—

1046 425 1112 453 lium
1134 425 1264 454 vitiorum
1286 425 1419 462 dissipant
1440 426 1617 463 cogitationes
1639 427 1758 456 hominis
1779 430 1805 456 et
1827 435 1889 464 per—

1044 472 1159 500 turbant
1180 480 1273 501 vocem
1295 473 1442 507 orationis,
1464 481 1498 502 ne
1520 474 1594 502 Iesus
1615 474 1649 502 ad
1677 474 1888 504 illuminandum

1045 518 1139 547 venire
1160 518 1245 555 possit
1266 526 1313 547 cor
1334 519 1467 553 hominis,
1489 520 1535 549 sed
1551 520 1603 548 iam
1620 521 1743 555 credens,
1759 521 1888 555 sentiens,

1045 572 1073 593 se
1095 565 1204 601 gravari
1226 565 1417 602 phantasmate
1439 567 1564 603 priorum
1588 567 1716 596 vitiorum
1738 571 1766 597 et
1794 576 1887 597 vocem

1044 611 1176 640 orationis
1196 620 1262 640 suae
1284 612 1425 648 impediri,
1447 613 1589 642 ardentius
1603 614 1714 648 clamet,
1729 615 1807 651 quia,
1822 615 1888 644 dum

1044 658 1236 687 vehementius
1257 659 1358 687 insistit
1378 660 1507 693 orationi,
1522 660 1634 689 ducitur
1648 661 1682 689 ad
1697 661 1793 690 Iesum
1807 665 1888 690 stan-

1045 708 1097 732 tem
1120 708 1147 733 et
1168 705 1265 741 recipit
1287 706 1393 740 lumen,
1415 714 1447 735 eo
1468 707 1541 743 quod
1563 707 1636 736 Deus
1656 708 1683 736 in
1705 708 1787 737 corde
1808 709 1888 737 firmo

1044 750 1148 787 figitur,
1170 754 1198 780 et
1218 752 1257 780 sic
1278 752 1329 780 lux
1357 753 1458 781 amissa
1485 757 1705 790 recuperatur»,
1735 755 1886 784 secundum

1044 797 1117 834 quod
1139 797 1205 826 dicit
1225 798 1327 826 Glossa.
1350 799 1387 827 Ad
1409 799 1461 827 hoc
1482 800 1607 828 similiter
1629 801 1748 837 pertinet
1762 802 1835 838 quod
1850 801 1888 830 di-

1044 843 1117 872 citur
1139 844 1318 873 Ecclesiastici
1340 845 1481 881 trigesimo
1502 847 1617 874 sexto4:
1635 847 1770 875 Miserere
1784 848 1888 882 nostri,

1045 889 1140 923 Deus,
1161 894 1186 918 et
1208 891 1317 927 respice
1337 899 1390 919 nos
1411 895 1435 919 et
1457 892 1569 920 ostende
1590 892 1671 921 nobis
1694 893 1782 922 lacem
1804 895 1888 922 mise-

1043 936 1193 964 rationum
1227 940 1367 971 taarum,
1396 941 1427 966 ut
1454 938 1513 974 ipsa
1534 947 1584 967 nos
1604 939 1720 976 dirigat,
1742 948 1775 969 ne
1797 941 1823 969 in
1846 941 1889 969 via

1043 990 1154 1011 morum
1177 984 1337 1020 praepritio
1359 992 1476 1013 ruamur
1487 985 1508 1019 ⁵,
1523 988 1573 1021 (et)
1588 986 1718 1014 cttlditectt
1733 995 1782 1023 per
1797 987 1889 1024 cogni-

1044 1029 1145 1058 tionem
1168 1034 1194 1059 et
1209 1038 1331 1059 amorem
1346 1031 1386 1059 ad
1400 1036 1524 1060 montem
1538 1036 1674 1061 sanctam
1690 1038 1783 1067 titani,
1800 1034 1888 1063 Iesum

1043 1076 1193 1105 Christum.

1123 1124 1230 1158 Tertio,
1253 1124 1389 1153 miserere
1409 1125 1505 1153 nostri
1525 1125 1671 1154 relevando
1686 1126 1826 1164 desectam
1841 1126 1889 1164 af-

1043 1170 1180 1208 fectualis
1211 1171 1343 1199 malitiae
1373 1171 1519 1201 donatione
1550 1172 1689 1202 interioris
1721 1174 1887 1208 sanctitatis;

1043 1218 1117 1247 unde
1139 1218 1222 1247 Isaiae
1237 1219 1468 1256 quinquagesimo
1482 1220 1579 1257 quinto
1590 1220 1616 1248 ⁶:
1635 1221 1821 1259 Derelinqaat
1835 1222 1888 1250 im-

1041 1265 1111 1302 pias
1132 1266 1211 1293 viam
1232 1274 1335 1299 suam,
1355 1270 1381 1294 et
1400 1266 1447 1294 vir
1468 1266 1590 1304 iniquus
1610 1267 1795 1304 coyitationes
1816 1277 1889 1297 snas

1043 1315 1069 1341 et
1089 1316 1255 1341 revertatur
1276 1313 1316 1341 act
1332 1313 1505 1347 Dominam,
1526 1317 1551 1342 et
1571 1314 1755 1343 miserebitur
1770 1315 1850 1348 θέω,-
1865 1319 1892 1343 et

1044 1360 1084 1388 ad
1107 1359 1197 1387 Deum
1219 1363 1372 1393 nostrum,
1394 1360 1534 1397 qnoniam
1555 1360 1666 1389 mattas
1687 1364 1727 1389 est
1747 1362 1787 1390 (ιιι
1808 1361 1889 1399 igno-

1043 1407 1191 1435 scendum.
1209 1423 1243 1426 —
1259 1407 1329 1442 Quia
1349 1407 1444 1436 nullus
1466 1410 1554 1444 potest
1575 1416 1687 1444 sperare
1702 1408 1809 1437 veniam
1828 1416 1890 1445 pec-

1044 1456 1185 1488 catorum,
1207 1453 1258 1482 nisi
1281 1454 1359 1490 prius
1373 1453 1491 1482 dimittat
1512 1455 1658 1484 retrahens
1678 1458 1837 1491 peccatum,
1859 1458 1891 1484 ut

1043 1501 1130 1538 possit
1150 1504 1207 1529 toto
1229 1500 1311 1529 corde
1332 1500 1424 1529 redire
1444 1501 1477 1529 ad
1498 1501 1602 1535 Deum,
1624 1501 1684 1530 ideo
1706 1502 1841 1539 Propheta
1862 1502 1889 1531 in

1043 1547 1183 1585 praedicta
1204 1548 1369 1576 auctoritate
1391 1548 1480 1584 primo
1503 1548 1630 1577 hortatur
1651 1549 1685 1577 ad
1706 1549 1888 1578 desertionem

1043 1594 1232 1632 impedimenti
1256 1595 1436 1629 retrahentis,
1458 1603 1520 1623 cum
1536 1595 1616 1624 dicit:
1635 1596 1820 1633 Deretinquat
1834 1596 1889 1624 im-

1040 1642 1112 1679 pias
1132 1641 1214 1670 viam
1234 1650 1336 1675 snam,
1359 1641 1386 1670 id
1400 1645 1441 1670 est
1456 1645 1599 1679 peccatum
1614 1643 1789 1679 operationis,
1804 1646 1829 1672 et
1842 1643 1889 1671 vir

1043 1690 1165 1728 iniquus
1186 1689 1373 1726 coyitationes
1393 1697 1483 1723 suas,
1506 1689 1531 1718 id
1553 1692 1594 1718 est
1620 1694 1761 1726 peccatum
1790 1690 1888 1719 cordis.

1043 1736 1119 1765 Unde
1141 1736 1224 1765 homo
1244 1744 1299 1764 non
1325 1739 1432 1765 tantum
1454 1736 1534 1765 debet
1562 1737 1719 1773 relinquere
1746 1740 1889 1774 peccatum

1043 1784 1071 1812 in
1093 1791 1192 1820 opere,
1215 1783 1260 1812 sed
1283 1783 1365 1812 etiam
1387 1783 1415 1811 in
1436 1783 1518 1812 corde
1540 1784 1642 1812 evitare
1668 1784 1824 1812 immundas
1845 1791 1889 1812 co-

1044 1831 1189 1868 gitationes
1210 1833 1237 1859 et
1258 1830 1427 1859 Inordinatas
1442 1831 1612 1867 affectiones,
1627 1839 1661 1859 ne
1676 1831 1714 1859 eis
1729 1831 1890 1866 consentiat,

1044 1886 1076 1906 eo
1107 1877 1181 1915 quod
1210 1885 1367 1914 perversae
1397 1877 1583 1915 cogitationes
1613 1881 1753 1914 separant
1781 1886 1800 1905 a
1822 1878 1887 1906 Deo.

1044 1924 1106 1953 Post
1127 1924 1311 1953 desertionem
1331 1924 1521 1961 impedimenti
1542 1924 1708 1953 retrahentis
1729 1924 1834 1953 inducit
1855 1924 1889 1953 ad

1044 1971 1293 2008 apprehensionem
1316 1972 1509 2008 complementi
1531 1971 1718 2008 expedientis,
1739 1979 1802 2000 cum
1824 1971 1889 2000 sub-

1044 2018 1098 2047 dit:
1121 2022 1145 2046 et
1166 2022 1332 2047 revertatur
1353 2019 1393 2047 acl
1415 2019 1582 2052 Dominam,
1604 2026 1667 2047 cum
1690 2018 1797 2052 timore,
1812 2018 1891 2046 etad

1045 2065 1137 2093 Deam
1158 2069 1303 2099 nostrum,
1326 2073 1390 2094 cum
1411 2073 1514 2094 amore.
1531 2065 1671 2094 Postremo
1685 2065 1817 2101 exprimit
1832 2065 1891 2093 dul-

1045 2112 1169 2141 cedinem
1191 2112 1321 2150 bonitatis
1340 2120 1448 2141 omnem
1464 2113 1635 2149 iniquitatem
1651 2112 1811 2145 relaxantis,
1826 2119 1890 2140 cum

1045 2159 1196 2188 subinfert:
1220 2163 1245 2188 et
1272 2159 1456 2188 miserebitur
1477 2160 1555 2193 eius,
1587 2167 1636 2196 per
1664 2159 1890 2188 condonationem

1044 2207 1168 2235 omnium
1191 2207 1372 2241 delictorum,
1395 2207 1534 2245 quoniam
1556 2206 1666 2235 mattas
1687 2209 1728 2234 est
1748 2206 1787 2233 ad
1809 2206 1890 2243 igno-

1044 2254 1194 2287 scendum,
1216 2261 1248 2282 eo
1270 2254 1345 2291 quod
1366 2256 1441 2282 tanta
1462 2256 1503 2282 est
1523 2253 1634 2287 offensa,
1651 2260 1721 2289 quae
1736 2252 1897 2286 relaxatur,-

1044 2303 1166 2337 quantus
1180 2302 1222 2329 est
1236 2300 1294 2337 ipse
1305 2300 1352 2337 qui
1365 2300 1521 2329 offenditur.
1535 2300 1669 2336 Rogemus
1680 2298 1827 2327 Dominum
1838 2301 1889 2327 etc.

1386 2402 1477 2430 Samio
1498 2401 1518 2429 II
1533 2400 1552 2428 ⁷.

1115 2496 1243 2521 Dominica
1262 2496 1355 2521 decima
1373 2495 1449 2520 tertia
1468 2495 1524 2526 posi]
1543 2494 1715 2520 Pentecosten.
1740 2495 1823 2520 Sermo
1842 2494 1891 2520 fra-

1044 2539 1091 2564 tris
1110 2539 1300 2565 Bonaventurae
1320 2539 1432 2564 Parisius
1450 2539 1475 2562 in
1494 2538 1609 2569 Capitnlo
1628 2538 1656 2562 de
1676 2545 1754 2563 mane.

1124 2628 1262 2657 Abrahae
1290 2629 1384 2658 (lictae
1411 2632 1481 2657 sunt
1503 2628 1713 2666 promissiones
1737 2631 1762 2656 et
1786 2627 1890 2656 semini

1044 2676 1119 2710 eius,
1141 2676 1175 2704 ad
1195 2676 1303 2705 Galatas
1325 2676 1406 2705 tertio
1421 2676 1440 2704 ³³.

206 2844 212 2858 ¹
231 2845 296 2867 Vers.
315 2846 351 2867 21.

205 2882 214 2896 2
232 2884 296 2906 Vers.
315 2885 352 2906 33.
368 2891 417 2914 seq.

205 2920 214 2934 ⁸
232 2922 297 2945 Vers.
315 2924 352 2945 39.
369 2930 417 2953 seq.
435 2930 488 2946 cum
505 2924 583 2947 Glossa
601 2923 725 2947 ordinaria
744 2924 806 2952 apud
824 2925 948 2952 Lyranuni.

205 2960 215 2973 4
232 2962 297 2984 Vers.
318 2963 337 2984 1.

1110 2844 1119 2857 ⁵
1137 2845 1181 2867 Csr.
1195 2845 1320 2873 Forcettini,
1333 2845 1430 2868 Lexicon
1442 2848 1483 2867 etc.
1496 2857 1526 2860 —
1539 2843 1625 2866 Deinde
1636 2843 1757 2871 respicitur
1770 2843 1804 2865 Ps.
1818 2842 1854 2870 43,
1867 2843 1890 2865 3.

1110 2884 1119 2897 ⁶
1138 2885 1203 2907 Vers.
1221 2884 1249 2912 7;
1266 2885 1370 2913 sequitur
1388 2885 1440 2912 Sap.
1462 2885 1480 2911 i,
1498 2884 1518 2905 3.

1109 2922 1117 2935 ⁷
1136 2924 1166 2946 Ex
1183 2924 1200 2945 A
1219 2924 1254 2945 fol.
1274 2923 1318 2945 «142
1336 2930 1359 2945 v,

1109 2961 1117 2974 Β
1137 2963 1201 2985 Vers.
1223 2963 1257 2985 16.

1906 1134 1958 1156 item,
1971 1134 2024 1153 mati-

1914 1158 1958 1176 tiam
1970 1157 2015 1177 affo-

1921 1181 2007 1200 ctualem.
