<?xml version="1.0" encoding="UTF-8"?>
<!DOCTYPE html PUBLIC "-//W3C//DTD XHTML 1.0 Transitional//EN"
    "http://www.w3.org/TR/xhtml1/DTD/xhtml1-transitional.dtd">
<html xmlns="http://www.w3.org/1999/xhtml" xml:lang="en" lang="en">
 <head>
  <title>
</title>
<meta http-equiv="Content-Type" content="text/html;charset=utf-8" />
  <meta name='ocr-system' content='tesseract 3.04.00' />
  <meta name='ocr-capabilities' content='ocr_page ocr_carea ocr_par ocr_line ocrx_word'/>
</head>
<body>
  <div class='ocr_page' id='page_1' title='image "./doctorisseraphic09bona_0602.png"; bbox 0 0 2243 3348; ppageno 0'>
   <div class='ocr_carea' id='block_1_1' title="bbox 231 510 331 528">
    <p class='ocr_par' dir='ltr' id='par_1_1' title="bbox 231 510 331 528">
     <span class='ocr_line' id='line_1_1' title="bbox 231 510 331 528; baseline -0.01 0"><span class='ocrx_word' id='word_1_1' title='bbox 231 510 257 528; x_wconf 77' lang='lat' dir='ltr'>De</span> <span class='ocrx_word' id='word_1_2' title='bbox 271 510 331 528; x_wconf 78' lang='lat' dir='ltr'>tertia.</span> 
     </span>
    </p>
   </div>
   <div class='ocr_carea' id='block_1_2' title="bbox 224 1489 331 1531">
    <p class='ocr_par' dir='ltr' id='par_1_2' title="bbox 224 1489 331 1531">
     <span class='ocr_line' id='line_1_2' title="bbox 224 1489 331 1508; baseline 0.009 -1"><span class='ocrx_word' id='word_1_3' title='bbox 224 1489 243 1507; x_wconf 85' lang='lat' dir='ltr'>S.</span> <span class='ocrx_word' id='word_1_4' title='bbox 256 1489 331 1508; x_wconf 75' lang='lat' dir='ltr'>Franci·</span> 
     </span>
     <span class='ocr_line' id='line_1_3' title="bbox 251 1518 300 1531; baseline -0.02 0"><span class='ocrx_word' id='word_1_5' title='bbox 251 1518 300 1531; x_wconf 80' lang='lat' dir='ltr'>scus.</span> 
     </span>
    </p>
   </div>
   <div class='ocr_carea' id='block_1_3' title="bbox 224 2239 336 2262">
    <p class='ocr_par' dir='ltr' id='par_1_3' title="bbox 224 2239 336 2262">
     <span class='ocr_line' id='line_1_4' title="bbox 224 2239 336 2262; baseline 0 -5"><span class='ocrx_word' id='word_1_6' title='bbox 224 2239 251 2258; x_wconf 80' lang='lat' dir='ltr'>De</span> <span class='ocrx_word' id='word_1_7' title='bbox 264 2241 336 2262; x_wconf 77' lang='lat' dir='ltr'>quarta.</span> 
     </span>
    </p>
   </div>
   <div class='ocr_carea' id='block_1_4' title="bbox 352 148 408 176">
    <p class='ocr_par' dir='ltr' id='par_1_4' title="bbox 352 148 408 176">
     <span class='ocr_line' id='line_1_5' title="bbox 352 148 408 176; baseline 0 0"><span class='ocrx_word' id='word_1_8' title='bbox 352 148 408 176; x_wconf 71' lang='lat'>574</span> 
     </span>
    </p>
   </div>
   <div class='ocr_carea' id='block_1_5' title="bbox 349 216 1205 2549">
    <p class='ocr_par' dir='ltr' id='par_1_5' title="bbox 349 216 1205 2549">
     <span class='ocr_line' id='line_1_6' title="bbox 352 216 1195 259; baseline -0.013 -5"><span class='ocrx_word' id='word_1_9' title='bbox 352 225 415 254; x_wconf 83' lang='lat' dir='ltr'>Sint</span> <span class='ocrx_word' id='word_1_10' title='bbox 429 224 521 254; x_wconf 82' lang='lat' dir='ltr'>lumbi</span> <span class='ocrx_word' id='word_1_11' title='bbox 537 223 624 252; x_wconf 76' lang='lat' dir='ltr'>vestri</span> <span class='ocrx_word' id='word_1_12' title='bbox 636 220 798 259; x_wconf 81' lang='lat' dir='ltr'>praecincti</span> <span class='ocrx_word' id='word_1_13' title='bbox 811 223 878 252; x_wconf 85' lang='lat' dir='ltr'>etc..;</span> <span class='ocrx_word' id='word_1_14' title='bbox 898 217 1062 253; x_wconf 74' lang='lat' dir='ltr'><strong>Gregorius:</strong></span> <span class='ocrx_word' id='word_1_15' title='bbox 1090 227 1102 241; x_wconf 88' lang='lat'>«</span> <span class='ocrx_word' id='word_1_16' title='bbox 1117 216 1195 244; x_wconf 91' lang='lat' dir='ltr'>Lum-</span> 
     </span>
     <span class='ocr_line' id='line_1_7' title="bbox 351 261 1196 307; baseline -0.013 -7"><span class='ocrx_word' id='word_1_17' title='bbox 351 272 400 300; x_wconf 84' lang='lat' dir='ltr'>bos</span> <span class='ocrx_word' id='word_1_18' title='bbox 422 270 639 307; x_wconf 74' lang='lat' dir='ltr'>praecingimus,</span> <span class='ocrx_word' id='word_1_19' title='bbox 669 274 733 296; x_wconf 87' lang='lat' dir='ltr'>cum</span> <span class='ocrx_word' id='word_1_20' title='bbox 761 265 852 294; x_wconf 86' lang='lat' dir='ltr'>carnis</span> <span class='ocrx_word' id='word_1_21' title='bbox 874 264 1015 293; x_wconf 87' lang='lat' dir='ltr'>luxuriam</span> <span class='ocrx_word' id='word_1_22' title='bbox 1039 270 1087 299; x_wconf 88' lang='lat' dir='ltr'>per</span> <span class='ocrx_word' id='word_1_23' title='bbox 1108 261 1196 291; x_wconf 85' lang='lat' dir='ltr'>conti-</span> 
     </span>
     <span class='ocr_line' id='line_1_8' title="bbox 351 307 1195 347; baseline -0.013 -2"><span class='ocrx_word' id='word_1_24' title='bbox 351 317 470 345; x_wconf 85' lang='lat' dir='ltr'>nentiam</span> <span class='ocrx_word' id='word_1_25' title='bbox 492 319 664 344; x_wconf 81' lang='lat' dir='ltr'>coarctauuis</span> <span class='ocrx_word' id='word_1_26' title='bbox 678 324 704 340; x_wconf 88' lang='lat'>».</span> <span class='ocrx_word' id='word_1_27' title='bbox 729 312 760 341; x_wconf 83' lang='lat' dir='ltr'>Et</span> <span class='ocrx_word' id='word_1_28' title='bbox 781 311 908 347; x_wconf 87' lang='lat' dir='ltr'>sequitur</span> <span class='ocrx_word' id='word_1_29' title='bbox 930 309 982 343; x_wconf 87' lang='lat' dir='ltr'>ibi,</span> <span class='ocrx_word' id='word_1_30' title='bbox 1004 308 1077 345; x_wconf 89' lang='lat' dir='ltr'>quod</span> <span class='ocrx_word' id='word_1_31' title='bbox 1103 307 1195 336; x_wconf 87' lang='lat' dir='ltr'>Domi-</span> 
     </span>
     <span class='ocr_line' id='line_1_9' title="bbox 351 353 1195 396; baseline -0.012 -4"><span class='ocrx_word' id='word_1_32' title='bbox 351 371 419 396; x_wconf 80' lang='lat' dir='ltr'>nus,</span> <span class='ocrx_word' id='word_1_33' title='bbox 441 370 504 391; x_wconf 85' lang='grc'>011111</span> <span class='ocrx_word' id='word_1_34' title='bbox 527 362 594 390; x_wconf 81' lang='lat' dir='ltr'>tales</span> <span class='ocrx_word' id='word_1_35' title='bbox 621 359 773 391; x_wconf 86' lang='lat' dir='ltr'>invenerit,</span> <span class='ocrx_word' id='word_1_36' title='bbox 798 357 968 394; x_wconf 74' lang='lat' dir='ltr'>praaeinyet</span> <span class='ocrx_word' id='word_1_37' title='bbox 998 364 1028 383; x_wconf 84' lang='lat' dir='ltr'>se</span> <span class='ocrx_word' id='word_1_38' title='bbox 1055 358 1080 383; x_wconf 81' lang='lat' dir='ltr'>et</span> <span class='ocrx_word' id='word_1_39' title='bbox 1107 353 1195 391; x_wconf 84' lang='lat' dir='ltr'>faciet</span> 
     </span>
     <span class='ocr_line' id='line_1_10' title="bbox 353 401 1196 440; baseline -0.009 -3"><span class='ocrx_word' id='word_1_40' title='bbox 353 409 414 437; x_wconf 73' lang='lat' dir='ltr'>illos</span> <span class='ocrx_word' id='word_1_41' title='bbox 435 407 623 440; x_wconf 76' lang='lat' dir='ltr'>discumbere,</span> <span class='ocrx_word' id='word_1_42' title='bbox 646 406 670 434; x_wconf 89' lang='lat' dir='ltr'>id</span> <span class='ocrx_word' id='word_1_43' title='bbox 693 408 743 438; x_wconf 87' lang='lat' dir='ltr'>est,</span> <span class='ocrx_word' id='word_1_44' title='bbox 775 403 919 432; x_wconf 84' lang='lat' dir='ltr'>consolari.</span> <span class='ocrx_word' id='word_1_45' title='bbox 941 402 980 430; x_wconf 86' lang='lat' dir='ltr'>Ab</span> <span class='ocrx_word' id='word_1_46' title='bbox 1000 402 1052 430; x_wconf 86' lang='lat' dir='ltr'>hac</span> <span class='ocrx_word' id='word_1_47' title='bbox 1073 401 1196 430; x_wconf 85' lang='lat' dir='ltr'>consola-</span> 
     </span>
     <span class='ocr_line' id='line_1_11' title="bbox 351 448 1196 484; baseline -0.009 -1"><span class='ocrx_word' id='word_1_48' title='bbox 351 456 423 484; x_wconf 80' lang='lat' dir='ltr'>tione</span> <span class='ocrx_word' id='word_1_49' title='bbox 445 461 539 482; x_wconf 87' lang='lat' dir='ltr'>omnes</span> <span class='ocrx_word' id='word_1_50' title='bbox 561 451 695 481; x_wconf 80' lang='lat' dir='ltr'>immundi</span> <span class='ocrx_word' id='word_1_51' title='bbox 723 450 929 482; x_wconf 83' lang='lat' dir='ltr'>excluduntur;</span> <span class='ocrx_word' id='word_1_52' title='bbox 951 448 1024 477; x_wconf 88' lang='lat' dir='ltr'>unde</span> <span class='ocrx_word' id='word_1_53' title='bbox 1046 448 1072 476; x_wconf 93' lang='lat' dir='ltr'>in</span> <span class='ocrx_word' id='word_1_54' title='bbox 1095 448 1196 484; x_wconf 86' lang='lat' dir='ltr'>Apoca-</span> 
     </span>
     <span class='ocr_line' id='line_1_12' title="bbox 352 494 1196 537; baseline -0.008 -8"><span class='ocrx_word' id='word_1_55' title='bbox 352 502 419 537; x_wconf 74' lang='lat' dir='ltr'>lypsi</span> <span class='ocrx_word' id='word_1_56' title='bbox 436 502 461 528; x_wconf 88' lang='lat'>¹:</span> <span class='ocrx_word' id='word_1_57' title='bbox 477 499 564 528; x_wconf 84' lang='lat' dir='ltr'>Foris</span> <span class='ocrx_word' id='word_1_58' title='bbox 579 506 665 527; x_wconf 82' lang='lat' dir='ltr'>canes</span> <span class='ocrx_word' id='word_1_59' title='bbox 679 501 704 525; x_wconf 84' lang='lat' dir='ltr'>et</span> <span class='ocrx_word' id='word_1_60' title='bbox 725 496 842 533; x_wconf 72' lang='lat' dir='ltr'>venefici</span> <span class='ocrx_word' id='word_1_61' title='bbox 855 500 880 524; x_wconf 83' lang='lat' dir='ltr'>et</span> <span class='ocrx_word' id='word_1_62' title='bbox 895 494 1046 532; x_wconf 83' lang='lat' dir='ltr'>impudici.</span> <span class='ocrx_word' id='word_1_63' title='bbox 1067 511 1105 515; x_wconf 87' lang='lat'>--</span> <span class='ocrx_word' id='word_1_64' title='bbox 1121 494 1196 527; x_wconf 79' lang='lat' dir='ltr'>item,</span> 
     </span>
     <span class='ocr_line' id='line_1_13' title="bbox 351 540 1197 584; baseline -0.008 -9"><span class='ocrx_word' id='word_1_65' title='bbox 351 548 417 584; x_wconf 81' lang='lat' dir='ltr'>quia</span> <span class='ocrx_word' id='word_1_66' title='bbox 438 546 490 575; x_wconf 80' lang='lat' dir='ltr'>tuit</span> <span class='ocrx_word' id='word_1_67' title='bbox 510 545 603 581; x_wconf 76' lang='lat' dir='ltr'>(idelis</span> <span class='ocrx_word' id='word_1_68' title='bbox 625 552 673 581; x_wconf 88' lang='lat' dir='ltr'>per</span> <span class='ocrx_word' id='word_1_69' title='bbox 695 543 893 572; x_wconf 76' lang='lat' dir='ltr'>abdicationem</span> <span class='ocrx_word' id='word_1_70' title='bbox 915 542 1090 571; x_wconf 83' lang='lat' dir='ltr'>terrestrium</span> <span class='ocrx_word' id='word_1_71' title='bbox 1119 540 1197 577; x_wconf 82' lang='lat' dir='ltr'>cupi—</span> 
     </span>
     <span class='ocr_line' id='line_1_14' title="bbox 349 587 1197 626; baseline -0.008 -4"><span class='ocrx_word' id='word_1_72' title='bbox 349 594 480 626; x_wconf 76' lang='lat' dir='ltr'>ditatum,</span> <span class='ocrx_word' id='word_1_73' title='bbox 496 592 574 621; x_wconf 85' lang='lat' dir='ltr'>iuxta</span> <span class='ocrx_word' id='word_1_74' title='bbox 590 591 656 620; x_wconf 91' lang='lat' dir='ltr'>illud</span> <span class='ocrx_word' id='word_1_75' title='bbox 671 591 873 619; x_wconf 90' lang='lat' dir='ltr'>Numerorum:</span> <span class='ocrx_word' id='word_1_76' title='bbox 890 589 998 617; x_wconf 79' lang='lat' dir='ltr'>Servus</span> <span class='ocrx_word' id='word_1_77' title='bbox 1019 596 1100 617; x_wconf 78' lang='lat' dir='ltr'>meus</span> <span class='ocrx_word' id='word_1_78' title='bbox 1121 587 1197 624; x_wconf 78' lang='lat' dir='ltr'>Moy-</span> 
     </span>
     <span class='ocr_line' id='line_1_15' title="bbox 349 633 1197 676; baseline -0.007 -8"><span class='ocrx_word' id='word_1_79' title='bbox 349 649 393 668; x_wconf 77' lang='lat' dir='ltr'>ses</span> <span class='ocrx_word' id='word_1_80' title='bbox 413 639 602 676; x_wconf 77' lang='lat' dir='ltr'>fidelissimus</span> <span class='ocrx_word' id='word_1_81' title='bbox 632 643 672 666; x_wconf 84' lang='lat' dir='ltr'>est</span> <span class='ocrx_word' id='word_1_82' title='bbox 704 637 735 665; x_wconf 84' lang='lat' dir='ltr'>in</span> <span class='ocrx_word' id='word_1_83' title='bbox 760 637 840 665; x_wconf 80' lang='lat' dir='ltr'>omni</span> <span class='ocrx_word' id='word_1_84' title='bbox 870 637 954 665; x_wconf 82' lang='lat' dir='ltr'>domo</span> <span class='ocrx_word' id='word_1_85' title='bbox 986 643 1059 663; x_wconf 83' lang='lat' dir='ltr'>mea.</span> <span class='ocrx_word' id='word_1_86' title='bbox 1089 633 1197 663; x_wconf 79' lang='lat' dir='ltr'>Fidelis</span> 
     </span>
     <span class='ocr_line' id='line_1_16' title="bbox 350 681 1197 723; baseline -0.007 -8"><span class='ocrx_word' id='word_1_87' title='bbox 350 686 460 723; x_wconf 82' lang='lat' dir='ltr'>quidem</span> <span class='ocrx_word' id='word_1_88' title='bbox 483 689 525 714; x_wconf 78' lang='lat' dir='ltr'>est</span> <span class='ocrx_word' id='word_1_89' title='bbox 553 692 666 718; x_wconf 86' lang='lat' dir='ltr'>servus,</span> <span class='ocrx_word' id='word_1_90' title='bbox 688 685 735 721; x_wconf 87' lang='lat' dir='ltr'>qui</span> <span class='ocrx_word' id='word_1_91' title='bbox 758 692 812 712; x_wconf 89' lang='grc'>11011</span> <span class='ocrx_word' id='word_1_92' title='bbox 835 683 945 720; x_wconf 86' lang='lat' dir='ltr'>quaerit</span> <span class='ocrx_word' id='word_1_93' title='bbox 968 683 1115 711; x_wconf 79' lang='lat' dir='ltr'>humanam</span> <span class='ocrx_word' id='word_1_94' title='bbox 1139 681 1197 709; x_wconf 86' lang='lat' dir='ltr'>lau-</span> 
     </span>
     <span class='ocr_line' id='line_1_17' title="bbox 349 728 1196 766; baseline -0.006 -5"><span class='ocrx_word' id='word_1_95' title='bbox 349 734 426 766; x_wconf 86' lang='lat' dir='ltr'>dem;</span> <span class='ocrx_word' id='word_1_96' title='bbox 449 733 483 761; x_wconf 80' lang='lat' dir='ltr'>ad</span> <span class='ocrx_word' id='word_1_97' title='bbox 504 732 627 761; x_wconf 77' lang='lat' dir='ltr'>Galatas:</span> <span class='ocrx_word' id='word_1_98' title='bbox 654 731 687 760; x_wconf 84' lang='lat' dir='ltr'>Si</span> <span class='ocrx_word' id='word_1_99' title='bbox 714 730 812 759; x_wconf 75' lang='lat' dir='ltr'>adhuc</span> <span class='ocrx_word' id='word_1_100' title='bbox 840 729 1007 759; x_wconf 74' lang='lat' dir='ltr'>hominibus</span> <span class='ocrx_word' id='word_1_101' title='bbox 1034 728 1196 765; x_wconf 83' lang='lat' dir='ltr'>placerem,</span> 
     </span>
     <span class='ocr_line' id='line_1_18' title="bbox 352 774 1198 808; baseline -0.006 0"><span class='ocrx_word' id='word_1_102' title='bbox 352 779 461 808; x_wconf 71' lang='lat' dir='ltr'>Christi</span> <span class='ocrx_word' id='word_1_103' title='bbox 490 787 594 807; x_wconf 76' lang='lat' dir='ltr'>servus</span> <span class='ocrx_word' id='word_1_104' title='bbox 624 787 681 807; x_wconf 84' lang='lat' dir='ltr'>non</span> <span class='ocrx_word' id='word_1_105' title='bbox 710 786 807 806; x_wconf 79' lang='lat' dir='ltr'>esseni.</span> <span class='ocrx_word' id='word_1_106' title='bbox 838 775 1036 806; x_wconf 78' lang='lat' dir='ltr'>Bernardus²z</span> <span class='ocrx_word' id='word_1_107' title='bbox 1073 774 1198 803; x_wconf 81' lang='lat' dir='ltr'>«Fide-lis</span> 
     </span>
     <span class='ocr_line' id='line_1_19' title="bbox 350 822 1196 860; baseline -0.007 -5"><span class='ocrx_word' id='word_1_108' title='bbox 350 835 380 855; x_wconf 89' lang='lat' dir='ltr'>re</span> <span class='ocrx_word' id='word_1_109' title='bbox 402 834 467 855; x_wconf 83' lang='lat' dir='ltr'>vera</span> <span class='ocrx_word' id='word_1_110' title='bbox 488 833 587 854; x_wconf 88' lang='lat' dir='ltr'>servus</span> <span class='ocrx_word' id='word_1_111' title='bbox 608 833 646 858; x_wconf 86' lang='lat' dir='ltr'>es,</span> <span class='ocrx_word' id='word_1_112' title='bbox 668 825 689 854; x_wconf 88' lang='lat' dir='ltr'>si</span> <span class='ocrx_word' id='word_1_113' title='bbox 711 825 745 853; x_wconf 88' lang='lat' dir='ltr'>de</span> <span class='ocrx_word' id='word_1_114' title='bbox 774 824 861 853; x_wconf 86' lang='lat' dir='ltr'>multa</span> <span class='ocrx_word' id='word_1_115' title='bbox 888 823 975 860; x_wconf 81' lang='lat' dir='ltr'>gloria</span> <span class='ocrx_word' id='word_1_116' title='bbox 1002 822 1125 856; x_wconf 83' lang='lat' dir='ltr'>Domini,</span> <span class='ocrx_word' id='word_1_117' title='bbox 1147 822 1196 850; x_wconf 88' lang='lat' dir='ltr'>etsi</span> 
     </span>
     <span class='ocr_line' id='line_1_20' title="bbox 350 869 1199 906; baseline -0.005 -4"><span class='ocrx_word' id='word_1_118' title='bbox 350 882 404 902; x_wconf 91' lang='lat' dir='ltr'>non</span> <span class='ocrx_word' id='word_1_119' title='bbox 426 876 547 902; x_wconf 82' lang='lat' dir='ltr'>exeunte</span> <span class='ocrx_word' id='word_1_120' title='bbox 568 880 603 901; x_wconf 88' lang='lat' dir='ltr'>ex</span> <span class='ocrx_word' id='word_1_121' title='bbox 634 876 674 906; x_wconf 86' lang='lat' dir='ltr'>te,</span> <span class='ocrx_word' id='word_1_122' title='bbox 698 875 787 900; x_wconf 88' lang='lat' dir='ltr'>tamen</span> <span class='ocrx_word' id='word_1_123' title='bbox 811 874 971 899; x_wconf 78' lang='lat' dir='ltr'>transeunte</span> <span class='ocrx_word' id='word_1_124' title='bbox 998 878 1046 906; x_wconf 85' lang='lat' dir='ltr'>per</span> <span class='ocrx_word' id='word_1_125' title='bbox 1073 872 1114 904; x_wconf 84' lang='lat' dir='ltr'>te,</span> <span class='ocrx_word' id='word_1_126' title='bbox 1144 869 1199 898; x_wconf 84' lang='lat' dir='ltr'>tuis</span> 
     </span>
     <span class='ocr_line' id='line_1_21' title="bbox 351 917 1196 956; baseline -0.004 -8"><span class='ocrx_word' id='word_1_127' title='bbox 351 920 479 949; x_wconf 87' lang='lat' dir='ltr'>manibus</span> <span class='ocrx_word' id='word_1_128' title='bbox 494 920 560 948; x_wconf 86' lang='lat' dir='ltr'>nihil</span> <span class='ocrx_word' id='word_1_129' title='bbox 577 919 723 956; x_wconf 80' lang='lat' dir='ltr'>contigerit</span> <span class='ocrx_word' id='word_1_130' title='bbox 737 918 889 947; x_wconf 85' lang='lat' dir='ltr'>adhaerere</span> <span class='ocrx_word' id='word_1_131' title='bbox 905 929 930 945; x_wconf 80' lang='lat'>».</span> <span class='ocrx_word' id='word_1_132' title='bbox 954 917 1083 946; x_wconf 82' lang='lat' dir='ltr'>Fidelior</span> <span class='ocrx_word' id='word_1_133' title='bbox 1104 919 1196 945; x_wconf 88' lang='lat' dir='ltr'>autem</span> 
     </span>
     <span class='ocr_line' id='line_1_22' title="bbox 350 964 1197 1004; baseline -0.006 -8"><span class='ocrx_word' id='word_1_134' title='bbox 350 971 391 996; x_wconf 85' lang='lat' dir='ltr'>est</span> <span class='ocrx_word' id='word_1_135' title='bbox 413 967 460 1004; x_wconf 85' lang='lat' dir='ltr'>qui</span> <span class='ocrx_word' id='word_1_136' title='bbox 483 975 535 995; x_wconf 89' lang='lat' dir='ltr'>non</span> <span class='ocrx_word' id='word_1_137' title='bbox 558 966 668 1003; x_wconf 82' lang='lat' dir='ltr'>quaerit</span> <span class='ocrx_word' id='word_1_138' title='bbox 696 966 833 994; x_wconf 82' lang='lat' dir='ltr'>carnalem</span> <span class='ocrx_word' id='word_1_139' title='bbox 866 965 1003 1001; x_wconf 88' lang='lat' dir='ltr'>quietem;</span> <span class='ocrx_word' id='word_1_140' title='bbox 1029 964 1197 992; x_wconf 80' lang='lat' dir='ltr'>Matthaeus:</span> 
     </span>
     <span class='ocr_line' id='line_1_23' title="bbox 353 1011 1199 1050; baseline -0.005 -8"><span class='ocrx_word' id='word_1_141' title='bbox 353 1014 434 1049; x_wconf 81' lang='lat' dir='ltr'>Quis,</span> <span class='ocrx_word' id='word_1_142' title='bbox 448 1017 549 1050; x_wconf 77' lang='lat' dir='ltr'>putaS,</span> <span class='ocrx_word' id='word_1_143' title='bbox 565 1016 605 1041; x_wconf 81' lang='lat' dir='ltr'>est</span> <span class='ocrx_word' id='word_1_144' title='bbox 618 1012 712 1048; x_wconf 75' lang='lat' dir='ltr'>fidelis</span> <span class='ocrx_word' id='word_1_145' title='bbox 726 1020 829 1040; x_wconf 78' lang='lat' dir='ltr'>seruus</span> <span class='ocrx_word' id='word_1_146' title='bbox 843 1014 867 1039; x_wconf 90' lang='lat' dir='ltr'>et</span> <span class='ocrx_word' id='word_1_147' title='bbox 881 1011 1023 1048; x_wconf 53' lang='lat' dir='ltr'>pruden&amp;</span> <span class='ocrx_word' id='word_1_148' title='bbox 1038 1019 1122 1048; x_wconf 81' lang='lat' dir='ltr'>quenz</span> <span class='ocrx_word' id='word_1_149' title='bbox 1136 1018 1199 1038; x_wconf 86' lang='lat' dir='ltr'>con-</span> 
     </span>
     <span class='ocr_line' id='line_1_24' title="bbox 350 1057 1198 1095; baseline -0.005 -7"><span class='ocrx_word' id='word_1_150' title='bbox 350 1060 445 1088; x_wconf 80' lang='lat' dir='ltr'>stituit</span> <span class='ocrx_word' id='word_1_151' title='bbox 466 1060 609 1088; x_wconf 79' lang='lat' dir='ltr'>Dominus</span> <span class='ocrx_word' id='word_1_152' title='bbox 630 1068 704 1087; x_wconf 86' lang='lat' dir='ltr'>suus</span> <span class='ocrx_word' id='word_1_153' title='bbox 731 1067 820 1095; x_wconf 79' lang='lat' dir='ltr'>super</span> <span class='ocrx_word' id='word_1_154' title='bbox 842 1057 991 1095; x_wconf 80' lang='lat' dir='ltr'>familiam</span> <span class='ocrx_word' id='word_1_155' title='bbox 1013 1057 1125 1085; x_wconf 72' lang='lat' dir='ltr'>suant?</span> <span class='ocrx_word' id='word_1_156' title='bbox 1147 1060 1198 1086; x_wconf 85' lang='lat' dir='ltr'>etc.</span> 
     </span>
     <span class='ocr_line' id='line_1_25' title="bbox 352 1103 1199 1144; baseline -0.006 -8"><span class='ocrx_word' id='word_1_157' title='bbox 352 1108 382 1136; x_wconf 85' lang='lat' dir='ltr'>Et</span> <span class='ocrx_word' id='word_1_158' title='bbox 404 1107 546 1144; x_wconf 81' lang='lat' dir='ltr'>sequitur:</span> <span class='ocrx_word' id='word_1_159' title='bbox 572 1107 689 1140; x_wconf 85' lang='lat' dir='ltr'>Beatus,</span> <span class='ocrx_word' id='word_1_160' title='bbox 705 1105 751 1134; x_wconf 86' lang='lat' dir='ltr'>ille</span> <span class='ocrx_word' id='word_1_161' title='bbox 767 1114 880 1139; x_wconf 77' lang='lat' dir='ltr'>servus,</span> <span class='ocrx_word' id='word_1_162' title='bbox 896 1113 989 1142; x_wconf 83' lang='lat' dir='ltr'>quenz,</span> <span class='ocrx_word' id='word_1_163' title='bbox 1005 1113 1070 1133; x_wconf 71' lang='lat' dir='ltr'>euni</span> <span class='ocrx_word' id='word_1_164' title='bbox 1091 1103 1199 1132; x_wconf 77' lang='lat' dir='ltr'>venerit</span> 
     </span>
     <span class='ocr_line' id='line_1_26' title="bbox 352 1150 1197 1189; baseline -0.006 -6"><span class='ocrx_word' id='word_1_165' title='bbox 352 1154 495 1183; x_wconf 80' lang='lat' dir='ltr'>Dominus</span> <span class='ocrx_word' id='word_1_166' title='bbox 513 1154 586 1187; x_wconf 78' lang='lat' dir='ltr'>eins,</span> <span class='ocrx_word' id='word_1_167' title='bbox 601 1153 742 1181; x_wconf 76' lang='lat' dir='ltr'>invenerit</span> <span class='ocrx_word' id='word_1_168' title='bbox 763 1152 805 1181; x_wconf 81' lang='lat' dir='ltr'>sic</span> <span class='ocrx_word' id='word_1_169' title='bbox 826 1151 989 1189; x_wconf 72' lang='lat' dir='ltr'>facientem.</span> <span class='ocrx_word' id='word_1_170' title='bbox 1008 1150 1150 1179; x_wconf 77' lang='lat' dir='ltr'>Dominus</span> <span class='ocrx_word' id='word_1_171' title='bbox 1172 1150 1197 1178; x_wconf 86' lang='lat' dir='ltr'>in</span> 
     </span>
     <span class='ocr_line' id='line_1_27' title="bbox 351 1196 1199 1237; baseline -0.006 -8"><span class='ocrx_word' id='word_1_172' title='bbox 351 1205 440 1230; x_wconf 85' lang='lat' dir='ltr'>morte</span> <span class='ocrx_word' id='word_1_173' title='bbox 463 1201 554 1233; x_wconf 48' lang='lat' dir='ltr'>centn·</span> <span class='ocrx_word' id='word_1_174' title='bbox 575 1208 641 1237; x_wconf 80' lang='lat' dir='ltr'>ergo</span> <span class='ocrx_word' id='word_1_175' title='bbox 663 1202 726 1228; x_wconf 84' lang='lat' dir='ltr'>ante</span> <span class='ocrx_word' id='word_1_176' title='bbox 746 1207 800 1227; x_wconf 92' lang='lat' dir='ltr'>non</span> <span class='ocrx_word' id='word_1_177' title='bbox 823 1202 863 1227; x_wconf 87' lang='lat' dir='ltr'>est</span> <span class='ocrx_word' id='word_1_178' title='bbox 884 1207 900 1226; x_wconf 89' lang='lat' dir='ltr'>a</span> <span class='ocrx_word' id='word_1_179' title='bbox 922 1198 1015 1226; x_wconf 79' lang='lat' dir='ltr'>labore</span> <span class='ocrx_word' id='word_1_180' title='bbox 1041 1196 1199 1225; x_wconf 87' lang='lat' dir='ltr'>huiusmodi</span> 
     </span>
     <span class='ocr_line' id='line_1_28' title="bbox 352 1242 1199 1284; baseline -0.007 -8"><span class='ocrx_word' id='word_1_181' title='bbox 352 1247 558 1284; x_wconf 80' lang='lat' dir='ltr'>quiescendum.</span> <span class='ocrx_word' id='word_1_182' title='bbox 578 1246 653 1275; x_wconf 86' lang='lat' dir='ltr'>Unde</span> <span class='ocrx_word' id='word_1_183' title='bbox 674 1250 700 1274; x_wconf 85' lang='lat' dir='ltr'>et</span> <span class='ocrx_word' id='word_1_184' title='bbox 721 1246 753 1273; x_wconf 89' lang='lat' dir='ltr'>de</span> <span class='ocrx_word' id='word_1_185' title='bbox 775 1245 900 1273; x_wconf 84' lang='lat' dir='ltr'>Samuele</span> <span class='ocrx_word' id='word_1_186' title='bbox 917 1259 953 1264; x_wconf 89' lang='lat'>—-</span> <span class='ocrx_word' id='word_1_187' title='bbox 968 1243 1001 1271; x_wconf 87' lang='lat' dir='ltr'>de</span> <span class='ocrx_word' id='word_1_188' title='bbox 1015 1251 1071 1279; x_wconf 87' lang='lat' dir='ltr'>quo</span> <span class='ocrx_word' id='word_1_189' title='bbox 1086 1243 1113 1271; x_wconf 86' lang='lat' dir='ltr'>in</span> <span class='ocrx_word' id='word_1_190' title='bbox 1130 1242 1199 1271; x_wconf 91' lang='lat' dir='ltr'>libro</span> 
     </span>
     <span class='ocr_line' id='line_1_29' title="bbox 354 1290 1199 1331; baseline -0.006 -9"><span class='ocrx_word' id='word_1_191' title='bbox 354 1295 456 1331; x_wconf 75' lang='lat' dir='ltr'>Regum</span> <span class='ocrx_word' id='word_1_192' title='bbox 479 1294 596 1322; x_wconf 79' lang='lat' dir='ltr'>dicitur:</span> <span class='ocrx_word' id='word_1_193' title='bbox 625 1292 761 1330; x_wconf 71' lang='lat' dir='ltr'>Coynooit</span> <span class='ocrx_word' id='word_1_194' title='bbox 787 1292 944 1319; x_wconf 65' lang='lat' dir='ltr'>universus</span> <span class='ocrx_word' id='word_1_195' title='bbox 970 1290 1065 1318; x_wconf 82' lang='lat' dir='ltr'>Israel</span> <span class='ocrx_word' id='word_1_196' title='bbox 1091 1298 1110 1317; x_wconf 86' lang='lat' dir='ltr'>a</span> <span class='ocrx_word' id='word_1_197' title='bbox 1134 1290 1199 1317; x_wconf 82' lang='lat' dir='ltr'>Dan</span> 
     </span>
     <span class='ocr_line' id='line_1_30' title="bbox 355 1335 1199 1379; baseline -0.006 -10"><span class='ocrx_word' id='word_1_198' title='bbox 355 1350 443 1379; x_wconf 77' lang='lat' dir='ltr'>usque</span> <span class='ocrx_word' id='word_1_199' title='bbox 466 1340 614 1373; x_wconf 75' lang='lat' dir='ltr'>Bersabee,</span> <span class='ocrx_word' id='word_1_200' title='bbox 636 1340 713 1377; x_wconf 78' lang='lat' dir='ltr'>quod</span> <span class='ocrx_word' id='word_1_201' title='bbox 733 1338 826 1375; x_wconf 74' lang='lat' dir='ltr'>fidelis</span> <span class='ocrx_word' id='word_1_202' title='bbox 853 1337 972 1366; x_wconf 78' lang='lat' dir='ltr'>Samuel</span> <span class='ocrx_word' id='word_1_203' title='bbox 990 1335 1132 1373; x_wconf 72' lang='lat' dir='ltr'>propheta</span> <span class='ocrx_word' id='word_1_204' title='bbox 1158 1344 1199 1364; x_wconf 85' lang='lat' dir='ltr'>es-</span> 
     </span>
     <span class='ocr_line' id='line_1_31' title="bbox 352 1383 1200 1422; baseline -0.006 -6"><span class='ocrx_word' id='word_1_205' title='bbox 352 1392 391 1416; x_wconf 76' lang='lat' dir='ltr'>set</span> <span class='ocrx_word' id='word_1_206' title='bbox 409 1388 577 1416; x_wconf 68' lang='grc' dir='ltr'>0001ίηὶ-</span> <span class='ocrx_word' id='word_1_207' title='bbox 592 1387 625 1415; x_wconf 82' lang='lat' dir='ltr'>de</span> <span class='ocrx_word' id='word_1_208' title='bbox 648 1387 705 1422; x_wconf 85' lang='lat' dir='ltr'>ipso</span> <span class='ocrx_word' id='word_1_209' title='bbox 727 1386 753 1413; x_wconf 94' lang='lat' dir='ltr'>in</span> <span class='ocrx_word' id='word_1_210' title='bbox 778 1385 964 1413; x_wconf 75' lang='lat' dir='ltr'>Ecclesiastico</span> <span class='ocrx_word' id='word_1_211' title='bbox 978 1384 988 1400; x_wconf 78' lang='lat'>3</span> <span class='ocrx_word' id='word_1_212' title='bbox 1010 1384 1126 1412; x_wconf 85' lang='lat' dir='ltr'>dicitur:</span> <span class='ocrx_word' id='word_1_213' title='bbox 1150 1383 1200 1411; x_wconf 81' lang='lat' dir='ltr'>Pe-</span> 
     </span>
     <span class='ocr_line' id='line_1_32' title="bbox 353 1431 1198 1472; baseline -0.006 -9"><span class='ocrx_word' id='word_1_214' title='bbox 353 1435 457 1463; x_wconf 83' lang='lat' dir='ltr'>canias</span> <span class='ocrx_word' id='word_1_215' title='bbox 472 1438 496 1463; x_wconf 88' lang='lat' dir='ltr'>et</span> <span class='ocrx_word' id='word_1_216' title='bbox 520 1443 608 1472; x_wconf 79' lang='lat' dir='ltr'>usqae</span> <span class='ocrx_word' id='word_1_217' title='bbox 629 1434 669 1461; x_wconf 83' lang='lat' dir='ltr'>ad</span> <span class='ocrx_word' id='word_1_218' title='bbox 684 1432 879 1461; x_wconf 70' lang='lat' dir='ltr'>calceamenta</span> <span class='ocrx_word' id='word_1_219' title='bbox 893 1431 930 1459; x_wconf 85' lang='lat' dir='ltr'>ab</span> <span class='ocrx_word' id='word_1_220' title='bbox 945 1431 1026 1459; x_wconf 81' lang='lat' dir='ltr'>omni</span> <span class='ocrx_word' id='word_1_221' title='bbox 1039 1439 1128 1459; x_wconf 86' lang='lat' dir='ltr'>carne</span> <span class='ocrx_word' id='word_1_222' title='bbox 1142 1439 1198 1458; x_wconf 82' lang='lat' dir='ltr'>non</span> 
     </span>
     <span class='ocr_line' id='line_1_33' title="bbox 353 1477 1201 1518; baseline -0.006 -8"><span class='ocrx_word' id='word_1_223' title='bbox 353 1482 472 1518; x_wconf 79' lang='lat' dir='ltr'>accepit,</span> <span class='ocrx_word' id='word_1_224' title='bbox 489 1486 512 1510; x_wconf 84' lang='lat' dir='ltr'>et</span> <span class='ocrx_word' id='word_1_225' title='bbox 528 1490 586 1509; x_wconf 81' lang='lat' dir='ltr'>non</span> <span class='ocrx_word' id='word_1_226' title='bbox 607 1480 759 1508; x_wconf 70' lang='lat' dir='ltr'>accusavit</span> <span class='ocrx_word' id='word_1_227' title='bbox 778 1479 859 1507; x_wconf 81' lang='lat' dir='ltr'>illum</span> <span class='ocrx_word' id='word_1_228' title='bbox 874 1477 966 1506; x_wconf 75' lang='lat' dir='ltr'>honio.</span> <span class='ocrx_word' id='word_1_229' title='bbox 983 1495 1020 1498; x_wconf 92' lang='lat'>—</span> <span class='ocrx_word' id='word_1_230' title='bbox 1036 1478 1089 1506; x_wconf 86' lang='lat' dir='ltr'>Hoc</span> <span class='ocrx_word' id='word_1_231' title='bbox 1104 1477 1201 1505; x_wconf 85' lang='lat' dir='ltr'>beatus</span> 
     </span>
     <span class='ocr_line' id='line_1_34' title="bbox 352 1524 1201 1562; baseline -0.006 -5"><span class='ocrx_word' id='word_1_232' title='bbox 352 1529 370 1557; x_wconf 84' lang='lat' dir='ltr'>F</span> <span class='ocrx_word' id='word_1_233' title='bbox 374 1529 513 1557; x_wconf 81' lang='lat' dir='ltr'>ranciscus</span> <span class='ocrx_word' id='word_1_234' title='bbox 534 1527 675 1556; x_wconf 81' lang='lat' dir='ltr'>evidenter</span> <span class='ocrx_word' id='word_1_235' title='bbox 697 1525 833 1562; x_wconf 88' lang='lat' dir='ltr'>implevit,</span> <span class='ocrx_word' id='word_1_236' title='bbox 855 1525 902 1562; x_wconf 85' lang='lat' dir='ltr'>qui</span> <span class='ocrx_word' id='word_1_237' title='bbox 925 1524 1097 1561; x_wconf 83' lang='lat' dir='ltr'>evangelicae</span> <span class='ocrx_word' id='word_1_238' title='bbox 1119 1532 1201 1560; x_wconf 81' lang='lat' dir='ltr'>regu-</span> 
     </span>
     <span class='ocr_line' id='line_1_35' title="bbox 353 1570 1201 1612; baseline -0.008 -7"><span class='ocrx_word' id='word_1_239' title='bbox 353 1577 393 1605; x_wconf 86' lang='lat' dir='ltr'>lae</span> <span class='ocrx_word' id='word_1_240' title='bbox 415 1584 444 1604; x_wconf 84' lang='lat' dir='ltr'>se</span> <span class='ocrx_word' id='word_1_241' title='bbox 466 1575 576 1612; x_wconf 89' lang='lat' dir='ltr'>penitus</span> <span class='ocrx_word' id='word_1_242' title='bbox 596 1573 788 1606; x_wconf 77' lang='lat' dir='ltr'>conformavit,</span> <span class='ocrx_word' id='word_1_243' title='bbox 810 1573 846 1600; x_wconf 85' lang='lat' dir='ltr'>ita</span> <span class='ocrx_word' id='word_1_244' title='bbox 869 1576 900 1600; x_wconf 89' lang='lat' dir='ltr'>ut</span> <span class='ocrx_word' id='word_1_245' title='bbox 920 1580 971 1600; x_wconf 86' lang='lat' dir='ltr'>nec</span> <span class='ocrx_word' id='word_1_246' title='bbox 992 1572 1023 1599; x_wconf 82' lang='lat' dir='ltr'>in</span> <span class='ocrx_word' id='word_1_247' title='bbox 1044 1570 1130 1599; x_wconf 75' lang='lat' dir='ltr'>zonis</span> <span class='ocrx_word' id='word_1_248' title='bbox 1152 1579 1201 1598; x_wconf 83' lang='lat' dir='ltr'>aes</span> 
     </span>
     <span class='ocr_line' id='line_1_36' title="bbox 352 1618 1201 1657; baseline -0.007 -6"><span class='ocrx_word' id='word_1_249' title='bbox 352 1632 403 1651; x_wconf 84' lang='lat' dir='ltr'>nec</span> <span class='ocrx_word' id='word_1_250' title='bbox 424 1622 621 1651; x_wconf 82' lang='lat' dir='ltr'>calceamenta</span> <span class='ocrx_word' id='word_1_251' title='bbox 643 1621 671 1648; x_wconf 86' lang='lat' dir='ltr'>in</span> <span class='ocrx_word' id='word_1_252' title='bbox 692 1619 813 1657; x_wconf 81' lang='lat' dir='ltr'>pedibus</span> <span class='ocrx_word' id='word_1_253' title='bbox 833 1619 1013 1656; x_wconf 78' lang='lat' dir='ltr'>portaverit,</span> <span class='ocrx_word' id='word_1_254' title='bbox 1035 1618 1158 1646; x_wconf 85' lang='lat' dir='ltr'>imitatus</span> <span class='ocrx_word' id='word_1_255' title='bbox 1174 1618 1201 1646; x_wconf 87' lang='lat' dir='ltr'>in</span> 
     </span>
     <span class='ocr_line' id='line_1_37' title="bbox 354 1665 1199 1702; baseline -0.007 -4"><span class='ocrx_word' id='word_1_256' title='bbox 354 1671 405 1698; x_wconf 89' lang='lat' dir='ltr'>hoc</span> <span class='ocrx_word' id='word_1_257' title='bbox 427 1669 584 1697; x_wconf 90' lang='lat' dir='ltr'>Dominum.</span> <span class='ocrx_word' id='word_1_258' title='bbox 606 1668 689 1701; x_wconf 90' lang='lat' dir='ltr'>Nam,</span> <span class='ocrx_word' id='word_1_259' title='bbox 711 1667 783 1695; x_wconf 83' lang='lat' dir='ltr'>sicut</span> <span class='ocrx_word' id='word_1_260' title='bbox 804 1666 987 1702; x_wconf 77' lang='lat' dir='ltr'>Hieronymus</span> <span class='ocrx_word' id='word_1_261' title='bbox 1001 1666 1013 1681; x_wconf 77' lang='lat'>4</span> <span class='ocrx_word' id='word_1_262' title='bbox 1034 1665 1087 1698; x_wconf 84' lang='lat' dir='ltr'>ait,</span> <span class='ocrx_word' id='word_1_263' title='bbox 1119 1676 1131 1689; x_wconf 90' lang='lat'>«</span> <span class='ocrx_word' id='word_1_264' title='bbox 1147 1673 1199 1693; x_wconf 89' lang='lat' dir='ltr'>non</span> 
     </span>
     <span class='ocr_line' id='line_1_38' title="bbox 353 1711 1202 1753; baseline -0.006 -8"><span class='ocrx_word' id='word_1_265' title='bbox 353 1717 443 1753; x_wconf 87' lang='lat' dir='ltr'>potuit</span> <span class='ocrx_word' id='word_1_266' title='bbox 464 1716 566 1744; x_wconf 79' lang='lat' dir='ltr'>habere</span> <span class='ocrx_word' id='word_1_267' title='bbox 589 1714 721 1743; x_wconf 76' lang='lat' dir='ltr'>Dominus</span> <span class='ocrx_word' id='word_1_268' title='bbox 740 1713 812 1751; x_wconf 90' lang='lat' dir='ltr'>quod</span> <span class='ocrx_word' id='word_1_269' title='bbox 829 1712 972 1750; x_wconf 78' lang='lat' dir='ltr'>prohibuit</span> <span class='ocrx_word' id='word_1_270' title='bbox 986 1712 1012 1740; x_wconf 93' lang='lat' dir='ltr'>in</span> <span class='ocrx_word' id='word_1_271' title='bbox 1029 1712 1116 1741; x_wconf 83' lang='lat' dir='ltr'>servis</span> <span class='ocrx_word' id='word_1_272' title='bbox 1128 1723 1154 1740; x_wconf 70' lang='grc' dir='ltr'>ι),</span> <span class='ocrx_word' id='word_1_273' title='bbox 1171 1711 1202 1740; x_wconf 84' lang='lat' dir='ltr'>Et</span> 
     </span>
     <span class='ocr_line' id='line_1_39' title="bbox 353 1758 1201 1800; baseline -0.007 -8"><span class='ocrx_word' id='word_1_274' title='bbox 353 1771 402 1800; x_wconf 85' lang='lat' dir='ltr'>per</span> <span class='ocrx_word' id='word_1_275' title='bbox 425 1762 582 1791; x_wconf 88' lang='lat' dir='ltr'>huiusmodi</span> <span class='ocrx_word' id='word_1_276' title='bbox 606 1761 764 1790; x_wconf 86' lang='lat' dir='ltr'>fidelitatem</span> <span class='ocrx_word' id='word_1_277' title='bbox 786 1760 888 1789; x_wconf 85' lang='lat' dir='ltr'>assumi</span> <span class='ocrx_word' id='word_1_278' title='bbox 911 1759 1014 1788; x_wconf 90' lang='lat' dir='ltr'>meruit</span> <span class='ocrx_word' id='word_1_279' title='bbox 1034 1758 1068 1787; x_wconf 86' lang='lat' dir='ltr'>ad</span> <span class='ocrx_word' id='word_1_280' title='bbox 1094 1758 1201 1795; x_wconf 85' lang='lat' dir='ltr'>regium</span> 
     </span>
     <span class='ocr_line' id='line_1_40' title="bbox 354 1805 1201 1844; baseline -0.007 -5"><span class='ocrx_word' id='word_1_281' title='bbox 354 1811 503 1843; x_wconf 77' lang='lat' dir='ltr'>honorem3</span> <span class='ocrx_word' id='word_1_282' title='bbox 526 1809 694 1837; x_wconf 79' lang='lat' dir='ltr'>Matthaeus:</span> <span class='ocrx_word' id='word_1_283' title='bbox 719 1808 815 1844; x_wconf 71' lang='lat' dir='ltr'>Eugye,</span> <span class='ocrx_word' id='word_1_284' title='bbox 836 1815 917 1835; x_wconf 78' lang='lat' dir='ltr'>serve</span> <span class='ocrx_word' id='word_1_285' title='bbox 946 1806 1015 1835; x_wconf 83' lang='lat' dir='ltr'>bone</span> <span class='ocrx_word' id='word_1_286' title='bbox 1046 1809 1071 1834; x_wconf 82' lang='lat' dir='ltr'>et</span> <span class='ocrx_word' id='word_1_287' title='bbox 1090 1805 1201 1842; x_wconf 78' lang='lat' dir='ltr'>fidelis,</span> 
     </span>
     <span class='ocr_line' id='line_1_41' title="bbox 354 1854 1201 1894; baseline -0.006 -8"><span class='ocrx_word' id='word_1_288' title='bbox 354 1858 434 1886; x_wconf 81' lang='lat' dir='ltr'>intra</span> <span class='ocrx_word' id='word_1_289' title='bbox 455 1858 487 1885; x_wconf 85' lang='lat' dir='ltr'>in</span> <span class='ocrx_word' id='word_1_290' title='bbox 507 1856 653 1894; x_wconf 68' lang='lat' dir='ltr'>gaudium</span> <span class='ocrx_word' id='word_1_291' title='bbox 678 1855 796 1883; x_wconf 82' lang='lat' dir='ltr'>Domini</span> <span class='ocrx_word' id='word_1_292' title='bbox 817 1854 862 1882; x_wconf 88' lang='lat' dir='ltr'>tui</span> <span class='ocrx_word' id='word_1_293' title='bbox 869 1865 878 1887; x_wconf 93' lang='lat'>,·</span> <span class='ocrx_word' id='word_1_294' title='bbox 898 1854 932 1882; x_wconf 89' lang='lat' dir='ltr'>ad</span> <span class='ocrx_word' id='word_1_295' title='bbox 953 1854 1027 1891; x_wconf 89' lang='lat' dir='ltr'>quod</span> <span class='ocrx_word' id='word_1_296' title='bbox 1049 1862 1103 1882; x_wconf 89' lang='grc'>11011</span> <span class='ocrx_word' id='word_1_297' title='bbox 1124 1861 1201 1882; x_wconf 84' lang='lat' dir='ltr'>assu—</span> 
     </span>
     <span class='ocr_line' id='line_1_42' title="bbox 353 1900 1203 1940; baseline -0.007 -6"><span class='ocrx_word' id='word_1_298' title='bbox 353 1908 469 1934; x_wconf 89' lang='lat' dir='ltr'>muntur</span> <span class='ocrx_word' id='word_1_299' title='bbox 484 1903 576 1937; x_wconf 86' lang='lat' dir='ltr'>avari;</span> <span class='ocrx_word' id='word_1_300' title='bbox 592 1902 751 1940; x_wconf 77' lang='lat' dir='ltr'>Apostolus:</span> <span class='ocrx_word' id='word_1_301' title='bbox 770 1901 871 1930; x_wconf 82' lang='lat' dir='ltr'>Omnis</span> <span class='ocrx_word' id='word_1_302' title='bbox 885 1900 1062 1938; x_wconf 69' lang='lat' dir='ltr'>fornicator,</span> <span class='ocrx_word' id='word_1_303' title='bbox 1084 1904 1137 1929; x_wconf 83' lang='lat' dir='ltr'>aut</span> <span class='ocrx_word' id='word_1_304' title='bbox 1151 1900 1203 1929; x_wconf 77' lang='lat' dir='ltr'>ini-</span> 
     </span>
     <span class='ocr_line' id='line_1_43' title="bbox 355 1948 1202 1991; baseline -0.007 -10"><span class='ocrx_word' id='word_1_305' title='bbox 355 1952 495 1985; x_wconf 81' lang='lat' dir='ltr'>mundus,</span> <span class='ocrx_word' id='word_1_306' title='bbox 517 1954 570 1979; x_wconf 85' lang='lat' dir='ltr'>aut</span> <span class='ocrx_word' id='word_1_307' title='bbox 591 1958 724 1991; x_wconf 64' lang='lat' dir='ltr'>aecimis,</span> <span class='ocrx_word' id='word_1_308' title='bbox 746 1949 823 1987; x_wconf 83' lang='lat' dir='ltr'>quod</span> <span class='ocrx_word' id='word_1_309' title='bbox 844 1948 1045 1977; x_wconf 82' lang='lat' dir='ltr'>estidolorum</span> <span class='ocrx_word' id='word_1_310' title='bbox 1065 1948 1202 1981; x_wconf 77' lang='lat' dir='ltr'>seruitus,</span> 
     </span>
     <span class='ocr_line' id='line_1_44' title="bbox 356 1994 1200 2032; baseline -0.007 -4"><span class='ocrx_word' id='word_1_311' title='bbox 356 2008 411 2028; x_wconf 80' lang='lat' dir='ltr'>non</span> <span class='ocrx_word' id='word_1_312' title='bbox 443 1998 526 2027; x_wconf 78' lang='lat' dir='ltr'>liabet</span> <span class='ocrx_word' id='word_1_313' title='bbox 557 1996 744 2026; x_wconf 71' lang='lat' dir='ltr'>hereditatem</span> <span class='ocrx_word' id='word_1_314' title='bbox 775 1996 807 2024; x_wconf 86' lang='lat' dir='ltr'>in</span> <span class='ocrx_word' id='word_1_315' title='bbox 835 2004 923 2032; x_wconf 77' lang='lat' dir='ltr'>reyno</span> <span class='ocrx_word' id='word_1_316' title='bbox 957 1994 1068 2024; x_wconf 77' lang='lat' dir='ltr'>Christi</span> <span class='ocrx_word' id='word_1_317' title='bbox 1094 1998 1119 2023; x_wconf 85' lang='lat' dir='ltr'>et</span> <span class='ocrx_word' id='word_1_318' title='bbox 1141 1995 1200 2023; x_wconf 81' lang='lat' dir='ltr'>Dei.</span> 
     </span>
     <span class='ocr_line' id='line_1_45' title="bbox 354 2041 1202 2081; baseline -0.006 -7"><span class='ocrx_word' id='word_1_319' title='bbox 354 2045 429 2074; x_wconf 81' lang='lat' dir='ltr'>Unde</span> <span class='ocrx_word' id='word_1_320' title='bbox 444 2044 637 2081; x_wconf 76' lang='lat' dir='ltr'>blasphemant</span> <span class='ocrx_word' id='word_1_321' title='bbox 651 2043 697 2080; x_wconf 89' lang='lat' dir='ltr'>qui</span> <span class='ocrx_word' id='word_1_322' title='bbox 715 2042 877 2079; x_wconf 83' lang='lat' dir='ltr'>temporalia</span> <span class='ocrx_word' id='word_1_323' title='bbox 891 2041 1008 2070; x_wconf 84' lang='lat' dir='ltr'>amanda</span> <span class='ocrx_word' id='word_1_324' title='bbox 1026 2041 1202 2078; x_wconf 81' lang='lat' dir='ltr'>praedicant;</span> 
     </span>
     <span class='ocr_line' id='line_1_46' title="bbox 354 2088 1203 2128; baseline -0.006 -7"><span class='ocrx_word' id='word_1_325' title='bbox 354 2093 537 2128; x_wconf 86' lang='lat' dir='ltr'>Hieronymus</span> <span class='ocrx_word' id='word_1_326' title='bbox 551 2091 578 2118; x_wconf 89' lang='lat'>⁵:</span> <span class='ocrx_word' id='word_1_327' title='bbox 606 2102 619 2115; x_wconf 86' lang='lat'>«</span> <span class='ocrx_word' id='word_1_328' title='bbox 633 2091 726 2126; x_wconf 87' lang='lat' dir='ltr'>Turpe</span> <span class='ocrx_word' id='word_1_329' title='bbox 748 2093 798 2123; x_wconf 90' lang='lat' dir='ltr'>est,</span> <span class='ocrx_word' id='word_1_330' title='bbox 810 2092 873 2118; x_wconf 85' lang='lat' dir='ltr'>ante</span> <span class='ocrx_word' id='word_1_331' title='bbox 894 2088 967 2117; x_wconf 85' lang='lat' dir='ltr'>fores</span> <span class='ocrx_word' id='word_1_332' title='bbox 982 2088 1132 2117; x_wconf 82' lang='lat' dir='ltr'>sacerdotis</span> <span class='ocrx_word' id='word_1_333' title='bbox 1152 2088 1203 2116; x_wconf 91' lang='lat' dir='ltr'>Do-</span> 
     </span>
     <span class='ocr_line' id='line_1_47' title="bbox 355 2135 1202 2174; baseline -0.006 -6"><span class='ocrx_word' id='word_1_334' title='bbox 355 2140 421 2168; x_wconf 88' lang='lat' dir='ltr'>mini</span> <span class='ocrx_word' id='word_1_335' title='bbox 444 2138 572 2168; x_wconf 86' lang='lat' dir='ltr'>crucifixi</span> <span class='ocrx_word' id='word_1_336' title='bbox 588 2141 615 2166; x_wconf 88' lang='lat' dir='ltr'>et</span> <span class='ocrx_word' id='word_1_337' title='bbox 629 2137 769 2174; x_wconf 87' lang='lat' dir='ltr'>pauperis,</span> <span class='ocrx_word' id='word_1_338' title='bbox 785 2136 832 2173; x_wconf 89' lang='lat' dir='ltr'>qui</span> <span class='ocrx_word' id='word_1_339' title='bbox 848 2136 909 2164; x_wconf 89' lang='lat' dir='ltr'>cibo</span> <span class='ocrx_word' id='word_1_340' title='bbox 924 2135 1090 2164; x_wconf 82' lang='lat' dir='ltr'>vescebatur</span> <span class='ocrx_word' id='word_1_341' title='bbox 1104 2135 1202 2169; x_wconf 88' lang='lat' dir='ltr'>alieno,</span> 
     </span>
     <span class='ocr_line' id='line_1_48' title="bbox 356 2178 1202 2217; baseline -0.007 -1"><span class='ocrx_word' id='word_1_342' title='bbox 356 2187 466 2216; x_wconf 84' lang='lat' dir='ltr'>lictores</span> <span class='ocrx_word' id='word_1_343' title='bbox 487 2185 633 2215; x_wconf 87' lang='lat' dir='ltr'>consulum</span> <span class='ocrx_word' id='word_1_344' title='bbox 662 2188 689 2213; x_wconf 88' lang='lat' dir='ltr'>et</span> <span class='ocrx_word' id='word_1_345' title='bbox 717 2178 817 2213; x_wconf 83' lang='lat' dir='ltr'>milites</span> <span class='ocrx_word' id='word_1_346' title='bbox 838 2183 979 2212; x_wconf 77' lang='lat' dir='ltr'>excubare</span> <span class='ocrx_word' id='word_1_347' title='bbox 994 2193 1021 2217; x_wconf 74' lang='lat'>»3</span> <span class='ocrx_word' id='word_1_348' title='bbox 1046 2191 1105 2211; x_wconf 85' lang='lat' dir='ltr'>non</span> <span class='ocrx_word' id='word_1_349' title='bbox 1130 2182 1202 2211; x_wconf 88' lang='lat' dir='ltr'>enim</span> 
     </span>
     <span class='ocr_line' id='line_1_49' title="bbox 354 2228 1204 2266; baseline -0.007 -3"><span class='ocrx_word' id='word_1_350' title='bbox 354 2238 395 2263; x_wconf 79' lang='lat' dir='ltr'>est</span> <span class='ocrx_word' id='word_1_351' title='bbox 415 2242 518 2262; x_wconf 77' lang='lat' dir='ltr'>servus</span> <span class='ocrx_word' id='word_1_352' title='bbox 540 2232 637 2261; x_wconf 81' lang='lat' dir='ltr'>maior</span> <span class='ocrx_word' id='word_1_353' title='bbox 667 2231 789 2260; x_wconf 81' lang='lat' dir='ltr'>Domino</span> <span class='ocrx_word' id='word_1_354' title='bbox 810 2239 872 2259; x_wconf 82' lang='lat' dir='ltr'>suo.</span> <span class='ocrx_word' id='word_1_355' title='bbox 903 2246 939 2251; x_wconf 84' lang='lat'>—</span> <span class='ocrx_word' id='word_1_356' title='bbox 962 2230 1044 2263; x_wconf 88' lang='lat' dir='ltr'>Item,</span> <span class='ocrx_word' id='word_1_357' title='bbox 1070 2230 1136 2266; x_wconf 88' lang='lat' dir='ltr'>quia</span> <span class='ocrx_word' id='word_1_358' title='bbox 1156 2228 1204 2266; x_wconf 84' lang='lat' dir='ltr'>fa-</span> 
     </span>
     <span class='ocr_line' id='line_1_50' title="bbox 355 2276 1203 2316; baseline -0.006 -7"><span class='ocrx_word' id='word_1_359' title='bbox 355 2280 484 2309; x_wconf 78' lang='lat' dir='ltr'>miliaris</span> <span class='ocrx_word' id='word_1_360' title='bbox 516 2287 565 2316; x_wconf 89' lang='lat' dir='ltr'>per</span> <span class='ocrx_word' id='word_1_361' title='bbox 593 2278 814 2315; x_wconf 82' lang='lat' dir='ltr'>adimpletionem</span> <span class='ocrx_word' id='word_1_362' title='bbox 845 2277 1003 2306; x_wconf 84' lang='lat' dir='ltr'>caelestium</span> <span class='ocrx_word' id='word_1_363' title='bbox 1033 2276 1203 2310; x_wconf 90' lang='lat' dir='ltr'>iussionum;</span> 
     </span>
     <span class='ocr_line' id='line_1_51' title="bbox 356 2322 1205 2364; baseline -0.007 -8"><span class='ocrx_word' id='word_1_364' title='bbox 356 2327 415 2356; x_wconf 88' lang='lat' dir='ltr'>lob:</span> <span class='ocrx_word' id='word_1_365' title='bbox 439 2326 580 2364; x_wconf 84' lang='lat' dir='ltr'>Nunquid</span> <span class='ocrx_word' id='word_1_366' title='bbox 594 2324 789 2354; x_wconf 74' lang='lat' dir='ltr'>considerasti</span> <span class='ocrx_word' id='word_1_367' title='bbox 809 2332 925 2352; x_wconf 72' lang='lat' dir='ltr'>servunt</span> <span class='ocrx_word' id='word_1_368' title='bbox 941 2331 1038 2352; x_wconf 82' lang='lat' dir='ltr'>meum</span> <span class='ocrx_word' id='word_1_369' title='bbox 1053 2322 1112 2357; x_wconf 84' lang='lat' dir='ltr'>Iob,</span> <span class='ocrx_word' id='word_1_370' title='bbox 1127 2323 1205 2360; x_wconf 85' lang='lat' dir='ltr'>quod</span> 
     </span>
     <span class='ocr_line' id='line_1_52' title="bbox 356 2369 1204 2406; baseline -0.007 -4"><span class='ocrx_word' id='word_1_371' title='bbox 356 2383 414 2402; x_wconf 88' lang='lat' dir='ltr'>non</span> <span class='ocrx_word' id='word_1_372' title='bbox 434 2374 471 2402; x_wconf 82' lang='lat' dir='ltr'>sit</span> <span class='ocrx_word' id='word_1_373' title='bbox 493 2373 519 2401; x_wconf 89' lang='lat' dir='ltr'>ei</span> <span class='ocrx_word' id='word_1_374' title='bbox 545 2372 651 2402; x_wconf 74' lang='lat' dir='ltr'>similis</span> <span class='ocrx_word' id='word_1_375' title='bbox 680 2372 711 2400; x_wconf 87' lang='lat' dir='ltr'>in</span> <span class='ocrx_word' id='word_1_376' title='bbox 732 2375 829 2405; x_wconf 78' lang='lat' dir='ltr'>terra,</span> <span class='ocrx_word' id='word_1_377' title='bbox 852 2370 935 2399; x_wconf 77' lang='lat' dir='ltr'>honio</span> <span class='ocrx_word' id='word_1_378' title='bbox 955 2369 1079 2406; x_wconf 73' lang='lat' dir='ltr'>simplex</span> <span class='ocrx_word' id='word_1_379' title='bbox 1107 2373 1132 2397; x_wconf 88' lang='lat' dir='ltr'>et</span> <span class='ocrx_word' id='word_1_380' title='bbox 1159 2378 1204 2397; x_wconf 78' lang='lat' dir='ltr'>re-</span> 
     </span>
     <span class='ocr_line' id='line_1_53' title="bbox 356 2416 1204 2449; baseline -0.006 0"><span class='ocrx_word' id='word_1_381' title='bbox 356 2425 419 2449; x_wconf 81' lang='lat' dir='ltr'>ctus</span> <span class='ocrx_word' id='word_1_382' title='bbox 440 2429 476 2449; x_wconf 87' lang='lat' dir='ltr'>ac</span> <span class='ocrx_word' id='word_1_383' title='bbox 498 2420 600 2449; x_wconf 81' lang='lat' dir='ltr'>timens</span> <span class='ocrx_word' id='word_1_384' title='bbox 621 2420 709 2448; x_wconf 78' lang='lat' dir='ltr'>Deum</span> <span class='ocrx_word' id='word_1_385' title='bbox 732 2423 758 2447; x_wconf 81' lang='lat' dir='ltr'>et</span> <span class='ocrx_word' id='word_1_386' title='bbox 778 2418 910 2446; x_wconf 78' lang='lat' dir='ltr'>recedens</span> <span class='ocrx_word' id='word_1_387' title='bbox 931 2425 951 2445; x_wconf 88' lang='lat' dir='ltr'>a</span> <span class='ocrx_word' id='word_1_388' title='bbox 972 2416 1071 2446; x_wconf 73' lang='lat' dir='ltr'>malo?</span> <span class='ocrx_word' id='word_1_389' title='bbox 1094 2416 1131 2444; x_wconf 90' lang='lat' dir='ltr'>De</span> <span class='ocrx_word' id='word_1_390' title='bbox 1153 2416 1204 2445; x_wconf 90' lang='lat' dir='ltr'>hac</span> 
     </span>
     <span class='ocr_line' id='line_1_54' title="bbox 357 2463 1205 2503; baseline -0.007 -6"><span class='ocrx_word' id='word_1_391' title='bbox 357 2468 490 2497; x_wconf 90' lang='lat' dir='ltr'>servitute</span> <span class='ocrx_word' id='word_1_392' title='bbox 511 2468 538 2496; x_wconf 92' lang='lat' dir='ltr'>in</span> <span class='ocrx_word' id='word_1_393' title='bbox 560 2467 631 2495; x_wconf 87' lang='lat' dir='ltr'>libro</span> <span class='ocrx_word' id='word_1_394' title='bbox 653 2466 742 2503; x_wconf 92' lang='lat' dir='ltr'>primo</span> <span class='ocrx_word' id='word_1_395' title='bbox 764 2466 867 2502; x_wconf 79' lang='lat' dir='ltr'>Regum</span> <span class='ocrx_word' id='word_1_396' title='bbox 883 2465 893 2481; x_wconf 81' lang='lat'><strong>⁶</strong></span> <span class='ocrx_word' id='word_1_397' title='bbox 915 2464 1033 2493; x_wconf 89' lang='lat' dir='ltr'>dicitur:</span> <span class='ocrx_word' id='word_1_398' title='bbox 1057 2463 1165 2492; x_wconf 78' lang='lat' dir='ltr'>Servite</span> <span class='ocrx_word' id='word_1_399' title='bbox 1178 2463 1205 2492; x_wconf 85' lang='lat' dir='ltr'>ei</span> 
     </span>
     <span class='ocr_line' id='line_1_55' title="bbox 356 2510 1202 2549; baseline -0.006 -6"><span class='ocrx_word' id='word_1_400' title='bbox 356 2515 420 2549; x_wconf 85' lang='lat' dir='ltr'>soli,</span> <span class='ocrx_word' id='word_1_401' title='bbox 442 2518 466 2543; x_wconf 87' lang='lat' dir='ltr'>et</span> <span class='ocrx_word' id='word_1_402' title='bbox 488 2518 568 2542; x_wconf 80' lang='lat' dir='ltr'>eruet</span> <span class='ocrx_word' id='word_1_403' title='bbox 595 2522 654 2541; x_wconf 83' lang='lat' dir='ltr'>vos.</span> <span class='ocrx_word' id='word_1_404' title='bbox 684 2513 772 2541; x_wconf 82' lang='lat' dir='ltr'>Nemo</span> <span class='ocrx_word' id='word_1_405' title='bbox 800 2512 873 2540; x_wconf 86' lang='lat' dir='ltr'>enim</span> <span class='ocrx_word' id='word_1_406' title='bbox 901 2514 990 2548; x_wconf 84' lang='lat' dir='ltr'>potest</span> <span class='ocrx_word' id='word_1_407' title='bbox 1018 2510 1131 2539; x_wconf 82' lang='lat' dir='ltr'>duobus</span> <span class='ocrx_word' id='word_1_408' title='bbox 1154 2510 1202 2538; x_wconf 82' lang='lat' dir='ltr'>do-</span> 
     </span>
    </p>
   </div>
   <div class='ocr_carea' id='block_1_6' title="bbox 357 2665 1204 2967">
    <p class='ocr_par' dir='ltr' id='par_1_6' title="bbox 419 2665 1140 2696">
     <span class='ocr_line' id='line_1_56' title="bbox 419 2665 1140 2696; baseline -0.007 -5"><span class='ocrx_word' id='word_1_409' title='bbox 419 2668 427 2681; x_wconf 90' lang='lat'>¹</span> <span class='ocrx_word' id='word_1_410' title='bbox 445 2667 501 2696; x_wconf 85' lang='lat' dir='ltr'>Cap.</span> <span class='ocrx_word' id='word_1_411' title='bbox 520 2668 557 2695; x_wconf 75' lang='lat'>22,</span> <span class='ocrx_word' id='word_1_412' title='bbox 579 2667 615 2694; x_wconf 75' lang='lat'>153</span> <span class='ocrx_word' id='word_1_413' title='bbox 635 2668 762 2695; x_wconf 85' lang='lat' dir='ltr'>sequuntur</span> <span class='ocrx_word' id='word_1_414' title='bbox 779 2666 846 2688; x_wconf 89' lang='lat' dir='ltr'>Num.</span> <span class='ocrx_word' id='word_1_415' title='bbox 868 2666 902 2692; x_wconf 75' lang='grc'>12,</span> <span class='ocrx_word' id='word_1_416' title='bbox 918 2665 940 2687; x_wconf 82' lang='lat'>7.</span> <span class='ocrx_word' id='word_1_417' title='bbox 959 2668 981 2687; x_wconf 90' lang='lat' dir='ltr'>et</span> <span class='ocrx_word' id='word_1_418' title='bbox 997 2665 1044 2687; x_wconf 87' lang='lat' dir='ltr'>Gal.</span> <span class='ocrx_word' id='word_1_419' title='bbox 1064 2665 1084 2693; x_wconf 58' lang='grc'>’1,</span> <span class='ocrx_word' id='word_1_420' title='bbox 1103 2665 1140 2687; x_wconf 79' lang='grc'>10.</span> 
     </span>
    </p>

    <p class='ocr_par' dir='ltr' id='par_1_7' title="bbox 357 2703 1203 2773">
     <span class='ocr_line' id='line_1_57' title="bbox 420 2703 1203 2733; baseline -0.004 -5"><span class='ocrx_word' id='word_1_421' title='bbox 420 2706 428 2719; x_wconf 80' lang='lat'><strong>²</strong></span> <span class='ocrx_word' id='word_1_422' title='bbox 446 2707 520 2729; x_wconf 81' lang='lat' dir='ltr'>Serm.</span> <span class='ocrx_word' id='word_1_423' title='bbox 539 2706 575 2728; x_wconf 73' lang='lat' dir='ltr'>is.</span> <span class='ocrx_word' id='word_1_424' title='bbox 593 2706 614 2727; x_wconf 93' lang='lat' dir='ltr'>in</span> <span class='ocrx_word' id='word_1_425' title='bbox 632 2704 696 2727; x_wconf 84' lang='lat' dir='ltr'>Cant.</span> <span class='ocrx_word' id='word_1_426' title='bbox 714 2711 737 2727; x_wconf 89' lang='lat' dir='ltr'>n.</span> <span class='ocrx_word' id='word_1_427' title='bbox 755 2705 780 2733; x_wconf 68' lang='lat'>3,</span> <span class='ocrx_word' id='word_1_428' title='bbox 799 2706 928 2733; x_wconf 85' lang='lat' dir='ltr'>sequuntur</span> <span class='ocrx_word' id='word_1_429' title='bbox 949 2704 1026 2726; x_wconf 85' lang='lat' dir='ltr'>Mattb.</span> <span class='ocrx_word' id='word_1_430' title='bbox 1044 2703 1081 2731; x_wconf 78' lang='lat'>24,</span> <span class='ocrx_word' id='word_1_431' title='bbox 1100 2703 1137 2725; x_wconf 78' lang='lat'>45.</span> <span class='ocrx_word' id='word_1_432' title='bbox 1154 2708 1203 2731; x_wconf 87' lang='lat' dir='ltr'>seq.</span> 
     </span>
     <span class='ocr_line' id='line_1_58' title="bbox 357 2745 579 2773; baseline -0.009 -4"><span class='ocrx_word' id='word_1_433' title='bbox 357 2749 378 2769; x_wconf 86' lang='lat' dir='ltr'>et</span> <span class='ocrx_word' id='word_1_434' title='bbox 395 2747 409 2768; x_wconf 97' lang='lat' dir='ltr'>l.</span> <span class='ocrx_word' id='word_1_435' title='bbox 427 2746 484 2773; x_wconf 58' lang='lat' dir='ltr'>neg.</span> <span class='ocrx_word' id='word_1_436' title='bbox 503 2746 525 2772; x_wconf 88' lang='lat'>3,</span> <span class='ocrx_word' id='word_1_437' title='bbox 542 2745 579 2767; x_wconf 74' lang='lat'>20.</span> 
     </span>
    </p>

    <p class='ocr_par' dir='ltr' id='par_1_8' title="bbox 419 2781 1156 2812">
     <span class='ocr_line' id='line_1_59' title="bbox 419 2781 1156 2812; baseline -0.005 -5"><span class='ocrx_word' id='word_1_438' title='bbox 419 2784 428 2797; x_wconf 81' lang='lat'>³</span> <span class='ocrx_word' id='word_1_439' title='bbox 446 2784 501 2812; x_wconf 87' lang='lat' dir='ltr'>Cap.</span> <span class='ocrx_word' id='word_1_440' title='bbox 520 2784 555 2811; x_wconf 79' lang='lat'>46,</span> <span class='ocrx_word' id='word_1_441' title='bbox 573 2785 615 2811; x_wconf 53' lang='lat' dir='ltr'>‘2ae</span> <span class='ocrx_word' id='word_1_442' title='bbox 633 2786 762 2812; x_wconf 82' lang='lat' dir='ltr'>sequuntur</span> <span class='ocrx_word' id='word_1_443' title='bbox 779 2783 848 2805; x_wconf 83' lang='lat' dir='ltr'>Marc.</span> <span class='ocrx_word' id='word_1_444' title='bbox 864 2783 886 2809; x_wconf 84' lang='lat'>6,</span> <span class='ocrx_word' id='word_1_445' title='bbox 904 2783 926 2805; x_wconf 87' lang='lat'>8.</span> <span class='ocrx_word' id='word_1_446' title='bbox 945 2785 968 2804; x_wconf 90' lang='lat' dir='ltr'>et</span> <span class='ocrx_word' id='word_1_447' title='bbox 984 2782 1060 2805; x_wconf 84' lang='lat' dir='ltr'>Matth.</span> <span class='ocrx_word' id='word_1_448' title='bbox 1083 2782 1116 2808; x_wconf 89' lang='grc' dir='ltr'>ΙΟ,</span> <span class='ocrx_word' id='word_1_449' title='bbox 1134 2781 1156 2803; x_wconf 87' lang='grc'>9.</span> 
     </span>
    </p>

    <p class='ocr_par' dir='ltr' id='par_1_9' title="bbox 358 2821 1203 2890">
     <span class='ocr_line' id='line_1_60' title="bbox 419 2821 1203 2851; baseline -0.004 -5"><span class='ocrx_word' id='word_1_450' title='bbox 419 2824 428 2836; x_wconf 70' lang='lat'><strong>⁴</strong></span> <span class='ocrx_word' id='word_1_451' title='bbox 446 2824 517 2851; x_wconf 84' lang='lat' dir='ltr'>Epist.</span> <span class='ocrx_word' id='word_1_452' title='bbox 534 2824 570 2845; x_wconf 74' lang='lat'>22.</span> <span class='ocrx_word' id='word_1_453' title='bbox 589 2823 618 2845; x_wconf 82' lang='lat' dir='ltr'>ad</span> <span class='ocrx_word' id='word_1_454' title='bbox 636 2823 742 2845; x_wconf 82' lang='lat' dir='ltr'>Eustoch.</span> <span class='ocrx_word' id='word_1_455' title='bbox 759 2829 781 2844; x_wconf 91' lang='lat' dir='ltr'>n.</span> <span class='ocrx_word' id='word_1_456' title='bbox 802 2822 841 2849; x_wconf 82' lang='lat' dir='ltr'>l9;</span> <span class='ocrx_word' id='word_1_457' title='bbox 864 2824 992 2850; x_wconf 84' lang='lat' dir='ltr'>sequuntur</span> <span class='ocrx_word' id='word_1_458' title='bbox 1009 2822 1086 2844; x_wconf 85' lang='lat' dir='ltr'>Mattb.</span> <span class='ocrx_word' id='word_1_459' title='bbox 1106 2821 1148 2848; x_wconf 79' lang='lat'>25,</span> <span class='ocrx_word' id='word_1_460' title='bbox 1166 2821 1203 2843; x_wconf 76' lang='lat' dir='ltr'>2l.</span> 
     </span>
     <span class='ocr_line' id='line_1_61' title="bbox 358 2862 532 2890; baseline 0 -6"><span class='ocrx_word' id='word_1_461' title='bbox 358 2866 379 2884; x_wconf 87' lang='lat' dir='ltr'>et</span> <span class='ocrx_word' id='word_1_462' title='bbox 397 2863 454 2890; x_wconf 83' lang='lat' dir='ltr'>Eph.</span> <span class='ocrx_word' id='word_1_463' title='bbox 471 2863 492 2889; x_wconf 89' lang='lat'>5,</span> <span class='ocrx_word' id='word_1_464' title='bbox 511 2862 532 2884; x_wconf 96' lang='lat'>5.</span> 
     </span>
    </p>

    <p class='ocr_par' dir='ltr' id='par_1_10' title="bbox 358 2899 1204 2967">
     <span class='ocr_line' id='line_1_62' title="bbox 420 2899 1204 2929; baseline -0.003 -6"><span class='ocrx_word' id='word_1_465' title='bbox 420 2899 430 2912; x_wconf 76' lang='lat'>⁵</span> <span class='ocrx_word' id='word_1_466' title='bbox 447 2901 518 2928; x_wconf 81' lang='lat' dir='ltr'>Epist.</span> <span class='ocrx_word' id='word_1_467' title='bbox 535 2901 573 2923; x_wconf 83' lang='lat'>52.</span> <span class='ocrx_word' id='word_1_468' title='bbox 591 2900 654 2927; x_wconf 88' lang='lat' dir='ltr'>(alias</span> <span class='ocrx_word' id='word_1_469' title='bbox 678 2901 708 2929; x_wconf 76' lang='lat'>2.)</span> <span class='ocrx_word' id='word_1_470' title='bbox 730 2900 759 2923; x_wconf 82' lang='lat' dir='ltr'>ad</span> <span class='ocrx_word' id='word_1_471' title='bbox 784 2900 936 2928; x_wconf 75' lang='lat' dir='ltr'>Nepotianum</span> <span class='ocrx_word' id='word_1_472' title='bbox 962 2906 982 2922; x_wconf 91' lang='lat' dir='ltr'>n.</span> <span class='ocrx_word' id='word_1_473' title='bbox 1013 2900 1050 2927; x_wconf 85' lang='lat' dir='ltr'>ll;</span> <span class='ocrx_word' id='word_1_474' title='bbox 1076 2902 1204 2928; x_wconf 83' lang='lat' dir='ltr'>sequuntur</span> 
     </span>
     <span class='ocr_line' id='line_1_63' title="bbox 358 2939 701 2967; baseline 0 -5"><span class='ocrx_word' id='word_1_475' title='bbox 358 2941 418 2962; x_wconf 83' lang='lat' dir='ltr'>ioan.</span> <span class='ocrx_word' id='word_1_476' title='bbox 440 2941 473 2967; x_wconf 89' lang='grc'>13,</span> <span class='ocrx_word' id='word_1_477' title='bbox 495 2941 528 2962; x_wconf 91' lang='grc'>16.</span> <span class='ocrx_word' id='word_1_478' title='bbox 546 2943 568 2962; x_wconf 83' lang='lat' dir='ltr'>et</span> <span class='ocrx_word' id='word_1_479' title='bbox 584 2939 622 2962; x_wconf 85' lang='grc'>1011</span> <span class='ocrx_word' id='word_1_480' title='bbox 645 2941 662 2967; x_wconf 86' lang='lat' dir='ltr'>l,</span> <span class='ocrx_word' id='word_1_481' title='bbox 680 2940 701 2962; x_wconf 80' lang='lat'>8.</span> 
     </span>
    </p>
   </div>
   <div class='ocr_carea' id='block_1_7' title="bbox 1024 136 1420 168">
    <p class='ocr_par' dir='ltr' id='par_1_11' title="bbox 1024 136 1420 168">
     <span class='ocr_line' id='line_1_64' title="bbox 1024 136 1420 168; baseline -0.01 0"><span class='ocrx_word' id='word_1_482' title='bbox 1024 138 1196 168; x_wconf 84' lang='lat' dir='ltr'>SERMONES</span> <span class='ocrx_word' id='word_1_483' title='bbox 1216 137 1259 166; x_wconf 91' lang='lat' dir='ltr'>DE</span> <span class='ocrx_word' id='word_1_484' title='bbox 1280 136 1420 166; x_wconf 86' lang='lat' dir='ltr'>SANCTlS.</span> 
     </span>
    </p>
   </div>
   <div class='ocr_carea' id='block_1_8' title="bbox 1222 222 1235 2539">
    <p class='ocr_par' dir='ltr' id='par_1_12' title="bbox 1222 222 1235 2539">
     <span class='ocr_line' id='line_1_65' title="bbox 1222 222 1235 2539; baseline 0 0"><span class='ocrx_word' id='word_1_485' title='bbox 1222 222 1235 2539; x_wconf 95' lang='lat' dir='ltr'> </span> 
     </span>
    </p>
   </div>
   <div class='ocr_carea' id='block_1_9' title="bbox 1229 2663 1233 2803">
    <p class='ocr_par' dir='ltr' id='par_1_13' title="bbox 1229 2663 1233 2803">
     <span class='ocr_line' id='line_1_66' title="bbox 1229 2663 1233 2803; baseline 0 545"><span class='ocrx_word' id='word_1_486' title='bbox 1229 2663 1233 2803; x_wconf 95' lang='lat' dir='ltr'> </span> 
     </span>
    </p>
   </div>
   <div class='ocr_carea' id='block_1_10' title="bbox 1250 211 2243 1280">
    <p class='ocr_par' dir='ltr' id='par_1_14' title="bbox 1250 211 2243 1226">
     <span class='ocr_line' id='line_1_67' title="bbox 1250 211 2096 248; baseline -0.002 -6"><span class='ocrx_word' id='word_1_487' title='bbox 1250 214 1340 242; x_wconf 84' lang='lat' dir='ltr'>minis</span> <span class='ocrx_word' id='word_1_488' title='bbox 1360 213 1481 246; x_wconf 80' lang='lat' dir='ltr'>servire,</span> <span class='ocrx_word' id='word_1_489' title='bbox 1503 212 1606 241; x_wconf 82' lang='lat' dir='ltr'>scilicet</span> <span class='ocrx_word' id='word_1_490' title='bbox 1627 212 1735 240; x_wconf 89' lang='lat' dir='ltr'>diabolo</span> <span class='ocrx_word' id='word_1_491' title='bbox 1750 215 1776 240; x_wconf 90' lang='lat' dir='ltr'>et</span> <span class='ocrx_word' id='word_1_492' title='bbox 1791 212 1855 245; x_wconf 83' lang='lat' dir='ltr'>Deo,</span> <span class='ocrx_word' id='word_1_493' title='bbox 1878 211 1928 240; x_wconf 88' lang='lat' dir='ltr'>nisi</span> <span class='ocrx_word' id='word_1_494' title='bbox 1951 211 2003 240; x_wconf 90' lang='lat' dir='ltr'>sub</span> <span class='ocrx_word' id='word_1_495' title='bbox 2018 214 2096 248; x_wconf 82' lang='lat' dir='ltr'>pacto</span> 
     </span>
     <span class='ocr_line' id='line_1_68' title="bbox 1253 258 2096 296; baseline -0.002 -8"><span class='ocrx_word' id='word_1_496' title='bbox 1253 260 1307 294; x_wconf 88' lang='lat' dir='ltr'>tali,</span> <span class='ocrx_word' id='word_1_497' title='bbox 1328 260 1409 296; x_wconf 85' lang='lat' dir='ltr'>quale</span> <span class='ocrx_word' id='word_1_498' title='bbox 1431 260 1500 288; x_wconf 84' lang='lat' dir='ltr'>Naas</span> <span class='ocrx_word' id='word_1_499' title='bbox 1520 267 1583 288; x_wconf 82' lang='grc'>011111</span> <span class='ocrx_word' id='word_1_500' title='bbox 1599 258 1662 287; x_wconf 84' lang='lat' dir='ltr'>[iliis</span> <span class='ocrx_word' id='word_1_501' title='bbox 1677 258 1758 287; x_wconf 87' lang='lat' dir='ltr'>lsrael</span> <span class='ocrx_word' id='word_1_502' title='bbox 1780 258 1869 287; x_wconf 82' lang='lat' dir='ltr'>facere</span> <span class='ocrx_word' id='word_1_503' title='bbox 1890 258 2010 292; x_wconf 84' lang='lat' dir='ltr'>volebat,</span> <span class='ocrx_word' id='word_1_504' title='bbox 2033 266 2096 287; x_wconf 87' lang='lat' dir='ltr'>cum</span> 
     </span>
     <span class='ocr_line' id='line_1_69' title="bbox 1251 304 2097 342; baseline -0.001 -8"><span class='ocrx_word' id='word_1_505' title='bbox 1251 306 1336 335; x_wconf 86' lang='lat' dir='ltr'>dixit:</span> <span class='ocrx_word' id='word_1_506' title='bbox 1361 306 1395 334; x_wconf 88' lang='lat' dir='ltr'>ln</span> <span class='ocrx_word' id='word_1_507' title='bbox 1415 305 1467 334; x_wconf 76' lang='lat' dir='ltr'>lice</span> <span class='ocrx_word' id='word_1_508' title='bbox 1488 305 1596 342; x_wconf 81' lang='lat' dir='ltr'>feriam</span> <span class='ocrx_word' id='word_1_509' title='bbox 1618 305 1765 334; x_wconf 81' lang='lat' dir='ltr'>vobiscum</span> <span class='ocrx_word' id='word_1_510' title='bbox 1779 304 1907 342; x_wconf 78' lang='lat' dir='ltr'>foedus,</span> <span class='ocrx_word' id='word_1_511' title='bbox 1933 309 1964 333; x_wconf 83' lang='lat' dir='ltr'>ut</span> <span class='ocrx_word' id='word_1_512' title='bbox 1993 313 2097 334; x_wconf 79' lang='lat' dir='ltr'>eruant</span> 
     </span>
     <span class='ocr_line' id='line_1_70' title="bbox 1251 352 2097 390; baseline -0.001 -9"><span class='ocrx_word' id='word_1_513' title='bbox 1251 353 1382 382; x_wconf 79' lang='lat' dir='ltr'>oninium</span> <span class='ocrx_word' id='word_1_514' title='bbox 1404 356 1531 381; x_wconf 75' lang='lat' dir='ltr'>vestrum</span> <span class='ocrx_word' id='word_1_515' title='bbox 1553 352 1651 381; x_wconf 78' lang='lat' dir='ltr'>oculos</span> <span class='ocrx_word' id='word_1_516' title='bbox 1671 352 1788 381; x_wconf 73' lang='lat' dir='ltr'>dextros</span> <span class='ocrx_word' id='word_1_517' title='bbox 1799 360 1964 390; x_wconf 84' lang='lat' dir='ltr'>ponamque</span> <span class='ocrx_word' id='word_1_518' title='bbox 1984 360 2034 380; x_wconf 80' lang='lat' dir='ltr'>vos</span> <span class='ocrx_word' id='word_1_519' title='bbox 2049 360 2097 388; x_wconf 84' lang='lat' dir='ltr'>op-</span> 
     </span>
     <span class='ocr_line' id='line_1_71' title="bbox 1251 398 2098 436; baseline 0 -9"><span class='ocrx_word' id='word_1_520' title='bbox 1251 399 1404 436; x_wconf 80' lang='lat' dir='ltr'>probrium</span> <span class='ocrx_word' id='word_1_521' title='bbox 1420 399 1451 428; x_wconf 85' lang='lat' dir='ltr'>in</span> <span class='ocrx_word' id='word_1_522' title='bbox 1471 399 1608 428; x_wconf 79' lang='lat' dir='ltr'>universo</span> <span class='ocrx_word' id='word_1_523' title='bbox 1625 398 1733 432; x_wconf 85' lang='lat' dir='ltr'>Israel;</span> <span class='ocrx_word' id='word_1_524' title='bbox 1748 399 1846 427; x_wconf 89' lang='lat' dir='ltr'>oculus</span> <span class='ocrx_word' id='word_1_525' title='bbox 1860 399 1969 432; x_wconf 75' lang='lat' dir='ltr'>dexter,</span> <span class='ocrx_word' id='word_1_526' title='bbox 1985 398 2098 428; x_wconf 86' lang='lat' dir='ltr'>intentio</span> 
     </span>
     <span class='ocr_line' id='line_1_72' title="bbox 1252 445 2099 482; baseline 0 -8"><span class='ocrx_word' id='word_1_527' title='bbox 1252 445 1401 482; x_wconf 83' lang='lat' dir='ltr'>respiciens</span> <span class='ocrx_word' id='word_1_528' title='bbox 1424 449 1551 480; x_wconf 85' lang='lat' dir='ltr'>aeterna;</span> <span class='ocrx_word' id='word_1_529' title='bbox 1572 445 1700 479; x_wconf 73' lang='lat' dir='ltr'>sinister,</span> <span class='ocrx_word' id='word_1_530' title='bbox 1722 445 1872 482; x_wconf 86' lang='lat' dir='ltr'>respiciens</span> <span class='ocrx_word' id='word_1_531' title='bbox 1893 448 2011 475; x_wconf 87' lang='lat' dir='ltr'>terrena.</span> <span class='ocrx_word' id='word_1_532' title='bbox 2033 446 2099 475; x_wconf 87' lang='lat' dir='ltr'>Vult</span> 
     </span>
     <span class='ocr_line' id='line_1_73' title="bbox 1251 492 2098 530; baseline 0.001 -10"><span class='ocrx_word' id='word_1_533' title='bbox 1251 492 1323 521; x_wconf 88' lang='lat' dir='ltr'>enim</span> <span class='ocrx_word' id='word_1_534' title='bbox 1345 492 1479 525; x_wconf 85' lang='lat' dir='ltr'>diabolus,</span> <span class='ocrx_word' id='word_1_535' title='bbox 1502 495 1533 521; x_wconf 93' lang='lat' dir='ltr'>ut</span> <span class='ocrx_word' id='word_1_536' title='bbox 1554 492 1626 521; x_wconf 88' lang='lat' dir='ltr'>servi</span> <span class='ocrx_word' id='word_1_537' title='bbox 1647 492 1700 525; x_wconf 90' lang='lat' dir='ltr'>sui,</span> <span class='ocrx_word' id='word_1_538' title='bbox 1714 492 1795 521; x_wconf 84' lang='lat' dir='ltr'>etiam</span> <span class='ocrx_word' id='word_1_539' title='bbox 1811 492 1833 521; x_wconf 90' lang='lat' dir='ltr'>si</span> <span class='ocrx_word' id='word_1_540' title='bbox 1849 492 1911 521; x_wconf 90' lang='lat' dir='ltr'>boni</span> <span class='ocrx_word' id='word_1_541' title='bbox 1927 492 1993 530; x_wconf 86' lang='lat' dir='ltr'>quid</span> <span class='ocrx_word' id='word_1_542' title='bbox 2008 495 2098 529; x_wconf 84' lang='lat' dir='ltr'>agant,</span> 
     </span>
     <span class='ocr_line' id='line_1_74' title="bbox 1252 539 2099 575; baseline 0 -8"><span class='ocrx_word' id='word_1_543' title='bbox 1252 542 1429 568; x_wconf 89' lang='lat' dir='ltr'>aeternorum</span> <span class='ocrx_word' id='word_1_544' title='bbox 1442 539 1619 568; x_wconf 89' lang='lat' dir='ltr'>intentionem</span> <span class='ocrx_word' id='word_1_545' title='bbox 1630 539 1754 575; x_wconf 88' lang='lat' dir='ltr'>perdant.</span> <span class='ocrx_word' id='word_1_546' title='bbox 1764 555 1800 559; x_wconf 90' lang='lat'><em>-</em></span> <span class='ocrx_word' id='word_1_547' title='bbox 1809 539 1908 568; x_wconf 86' lang='lat' dir='ltr'>Beatus</span> <span class='ocrx_word' id='word_1_548' title='bbox 1919 542 2010 568; x_wconf 84' lang='lat' dir='ltr'>autem</span> <span class='ocrx_word' id='word_1_549' title='bbox 2020 540 2099 568; x_wconf 84' lang='lat' dir='ltr'>Fran-</span> 
     </span>
     <span class='ocr_line' id='line_1_75' title="bbox 1253 585 2099 623; baseline 0.001 -9"><span class='ocrx_word' id='word_1_550' title='bbox 1253 586 1342 615; x_wconf 85' lang='lat' dir='ltr'>c-iscus</span> <span class='ocrx_word' id='word_1_551' title='bbox 1353 586 1464 615; x_wconf 89' lang='lat' dir='ltr'>oculum</span> <span class='ocrx_word' id='word_1_552' title='bbox 1476 586 1607 615; x_wconf 87' lang='lat' dir='ltr'>dextrum</span> <span class='ocrx_word' id='word_1_553' title='bbox 1623 585 1650 614; x_wconf 90' lang='grc'>111</span> <span class='ocrx_word' id='word_1_554' title='bbox 1666 586 1738 614; x_wconf 92' lang='lat' dir='ltr'>omni</span> <span class='ocrx_word' id='word_1_555' title='bbox 1754 593 1838 622; x_wconf 87' lang='lat' dir='ltr'>opere</span> <span class='ocrx_word' id='word_1_556' title='bbox 1850 586 1962 620; x_wconf 88' lang='lat' dir='ltr'>hahuit;</span> <span class='ocrx_word' id='word_1_557' title='bbox 1977 586 2099 623; x_wconf 78' lang='lat' dir='ltr'>simplex</span> 
     </span>
     <span class='ocr_line' id='line_1_76' title="bbox 1252 632 2099 669; baseline 0 -8"><span class='ocrx_word' id='word_1_558' title='bbox 1252 633 1327 661; x_wconf 82' lang='lat' dir='ltr'>enim</span> <span class='ocrx_word' id='word_1_559' title='bbox 1343 636 1367 661; x_wconf 88' lang='lat' dir='ltr'>el</span> <span class='ocrx_word' id='word_1_560' title='bbox 1383 636 1478 661; x_wconf 84' lang='lat' dir='ltr'>rectus</span> <span class='ocrx_word' id='word_1_561' title='bbox 1489 632 1555 669; x_wconf 75' lang='lat' dir='ltr'>sitit.</span> <span class='ocrx_word' id='word_1_562' title='bbox 1570 633 1600 661; x_wconf 88' lang='lat' dir='ltr'>Et</span> <span class='ocrx_word' id='word_1_563' title='bbox 1611 632 1677 669; x_wconf 85' lang='lat' dir='ltr'>quia</span> <span class='ocrx_word' id='word_1_564' title='bbox 1687 632 1846 669; x_wconf 77' lang='lat' dir='ltr'>simplicem</span> <span class='ocrx_word' id='word_1_565' title='bbox 1861 632 1977 661; x_wconf 82' lang='lat' dir='ltr'>oculum</span> <span class='ocrx_word' id='word_1_566' title='bbox 1994 633 2099 667; x_wconf 82' lang='lat' dir='ltr'>habuit,</span> 
     </span>
     <span class='ocr_line' id='line_1_77' title="bbox 1254 678 2100 716; baseline 0 -9"><span class='ocrx_word' id='word_1_567' title='bbox 1254 682 1345 708; x_wconf 80' lang='lat' dir='ltr'>totum</span> <span class='ocrx_word' id='word_1_568' title='bbox 1366 688 1474 716; x_wconf 81' lang='lat' dir='ltr'>corpus</span> <span class='ocrx_word' id='word_1_569' title='bbox 1494 687 1611 716; x_wconf 85' lang='lat' dir='ltr'>operum</span> <span class='ocrx_word' id='word_1_570' title='bbox 1626 687 1742 708; x_wconf 90' lang='lat' dir='ltr'>suorum</span> <span class='ocrx_word' id='word_1_571' title='bbox 1758 679 1888 708; x_wconf 79' lang='lat' dir='ltr'>lucidum</span> <span class='ocrx_word' id='word_1_572' title='bbox 1902 678 1961 716; x_wconf 80' lang='lat' dir='ltr'>fuit</span> <span class='ocrx_word' id='word_1_573' title='bbox 1973 680 1994 713; x_wconf 79' lang='lat'>⁷,</span> <span class='ocrx_word' id='word_1_574' title='bbox 2009 682 2036 708; x_wconf 89' lang='lat' dir='ltr'>et</span> <span class='ocrx_word' id='word_1_575' title='bbox 2051 687 2100 716; x_wconf 87' lang='lat' dir='ltr'>per</span> 
     </span>
     <span class='ocr_line' id='line_1_78' title="bbox 1254 726 2100 755; baseline 0 0"><span class='ocrx_word' id='word_1_576' title='bbox 1254 726 1411 755; x_wconf 89' lang='lat' dir='ltr'>huiusmodi</span> <span class='ocrx_word' id='word_1_577' title='bbox 1438 726 1598 755; x_wconf 84' lang='lat' dir='ltr'>familiarem</span> <span class='ocrx_word' id='word_1_578' title='bbox 1627 726 1788 754; x_wconf 88' lang='lat' dir='ltr'>servitutem</span> <span class='ocrx_word' id='word_1_579' title='bbox 1813 726 1915 755; x_wconf 83' lang='lat' dir='ltr'>assumi</span> <span class='ocrx_word' id='word_1_580' title='bbox 1944 727 2046 755; x_wconf 89' lang='lat' dir='ltr'>meruit</span> <span class='ocrx_word' id='word_1_581' title='bbox 2067 726 2100 755; x_wconf 83' lang='lat' dir='ltr'>ad</span> 
     </span>
     <span class='ocr_line' id='line_1_79' title="bbox 1256 772 2100 806; baseline 0.001 -5"><span class='ocrx_word' id='word_1_582' title='bbox 1256 773 1307 801; x_wconf 84' lang='lat' dir='ltr'>Dei</span> <span class='ocrx_word' id='word_1_583' title='bbox 1334 772 1564 801; x_wconf 80' lang='lat' dir='ltr'>contubernium.</span> <span class='ocrx_word' id='word_1_584' title='bbox 1584 772 1679 801; x_wconf 84' lang='lat' dir='ltr'>lsaias:</span> <span class='ocrx_word' id='word_1_585' title='bbox 1712 773 1795 806; x_wconf 81' lang='lat' dir='ltr'>Eece,</span> <span class='ocrx_word' id='word_1_586' title='bbox 1817 781 1920 801; x_wconf 82' lang='lat' dir='ltr'>servus</span> <span class='ocrx_word' id='word_1_587' title='bbox 1941 781 2022 802; x_wconf 80' lang='lat' dir='ltr'>meus</span> <span class='ocrx_word' id='word_1_588' title='bbox 2050 773 2100 802; x_wconf 84' lang='lat' dir='ltr'>ele-</span> 
     </span>
     <span class='ocr_line' id='line_1_80' title="bbox 1254 819 2100 857; baseline 0.001 -10"><span class='ocrx_word' id='word_1_589' title='bbox 1254 824 1328 853; x_wconf 82' lang='lat' dir='ltr'>ctus,</span> <span class='ocrx_word' id='word_1_590' title='bbox 1343 828 1427 857; x_wconf 85' lang='lat' dir='ltr'>quem</span> <span class='ocrx_word' id='word_1_591' title='bbox 1448 819 1527 856; x_wconf 73' lang='lat' dir='ltr'>eleyi,</span> <span class='ocrx_word' id='word_1_592' title='bbox 1542 819 1628 856; x_wconf 82' lang='lat' dir='ltr'>posui</span> <span class='ocrx_word' id='word_1_593' title='bbox 1641 828 1730 856; x_wconf 80' lang='lat' dir='ltr'>super</span> <span class='ocrx_word' id='word_1_594' title='bbox 1751 828 1817 848; x_wconf 76' lang='lat' dir='ltr'>eunt</span> <span class='ocrx_word' id='word_1_595' title='bbox 1834 819 1972 856; x_wconf 77' lang='lat' dir='ltr'>spiritum</span> <span class='ocrx_word' id='word_1_596' title='bbox 1994 828 2100 848; x_wconf 81' lang='lat' dir='ltr'>meum.</span> 
     </span>
     <span class='ocr_line' id='line_1_81' title="bbox 1255 866 2102 904; baseline 0.001 -9"><span class='ocrx_word' id='word_1_597' title='bbox 1255 866 1290 895; x_wconf 86' lang='lat' dir='ltr'>Ad</span> <span class='ocrx_word' id='word_1_598' title='bbox 1314 867 1365 895; x_wconf 93' lang='grc'>1100</span> <span class='ocrx_word' id='word_1_599' title='bbox 1386 870 1477 895; x_wconf 87' lang='lat' dir='ltr'>autem</span> <span class='ocrx_word' id='word_1_600' title='bbox 1493 866 1705 895; x_wconf 87' lang='lat' dir='ltr'>contubernium</span> <span class='ocrx_word' id='word_1_601' title='bbox 1722 866 1769 903; x_wconf 89' lang='lat' dir='ltr'>qui</span> <span class='ocrx_word' id='word_1_602' title='bbox 1792 867 1839 895; x_wconf 92' lang='lat' dir='ltr'>Dei</span> <span class='ocrx_word' id='word_1_603' title='bbox 1857 871 2001 904; x_wconf 83' lang='lat' dir='ltr'>praecepta</span> <span class='ocrx_word' id='word_1_604' title='bbox 2019 867 2102 896; x_wconf 88' lang='lat' dir='ltr'>adim-</span> 
     </span>
     <span class='ocr_line' id='line_1_82' title="bbox 1254 913 2100 951; baseline 0 -9"><span class='ocrx_word' id='word_1_605' title='bbox 1254 914 1330 950; x_wconf 87' lang='lat' dir='ltr'>plere</span> <span class='ocrx_word' id='word_1_606' title='bbox 1346 913 1438 942; x_wconf 90' lang='lat' dir='ltr'>renuit</span> <span class='ocrx_word' id='word_1_607' title='bbox 1453 913 1578 947; x_wconf 79' lang='lat' dir='ltr'>(inutilis</span> <span class='ocrx_word' id='word_1_608' title='bbox 1593 913 1661 946; x_wconf 46' lang='lat' dir='ltr'>esth</span> <span class='ocrx_word' id='word_1_609' title='bbox 1677 913 1804 942; x_wconf 84' lang='lat' dir='ltr'>Matthaei</span> <span class='ocrx_word' id='word_1_610' title='bbox 1821 913 1951 950; x_wconf 84' lang='lat' dir='ltr'>vigesimo</span> <span class='ocrx_word' id='word_1_611' title='bbox 1969 914 2066 951; x_wconf 89' lang='lat' dir='ltr'>quinto</span> <span class='ocrx_word' id='word_1_612' title='bbox 2076 914 2100 942; x_wconf 81' lang='lat'>⁸:</span> 
     </span>
     <span class='ocr_line' id='line_1_83' title="bbox 1256 960 2100 997; baseline 0.001 -9"><span class='ocrx_word' id='word_1_613' title='bbox 1256 960 1376 989; x_wconf 77' lang='lat' dir='ltr'>Seruum</span> <span class='ocrx_word' id='word_1_614' title='bbox 1400 960 1529 988; x_wconf 75' lang='lat' dir='ltr'>inutilem</span> <span class='ocrx_word' id='word_1_615' title='bbox 1558 960 1692 997; x_wconf 83' lang='lat' dir='ltr'>proiicite</span> <span class='ocrx_word' id='word_1_616' title='bbox 1720 960 1751 988; x_wconf 87' lang='lat' dir='ltr'>in</span> <span class='ocrx_word' id='word_1_617' title='bbox 1779 960 1911 989; x_wconf 79' lang='lat' dir='ltr'>tenebras</span> <span class='ocrx_word' id='word_1_618' title='bbox 1927 961 2100 989; x_wconf 64' lang='lat' dir='ltr'>&#39;exter-tores.</span> 
     </span>
     <span class='ocr_line' id='line_1_84' title="bbox 1256 1007 2102 1044; baseline 0.001 -9"><span class='ocrx_word' id='word_1_619' title='bbox 1256 1024 1292 1028; x_wconf 87' lang='lat'><em>-</em></span> <span class='ocrx_word' id='word_1_620' title='bbox 1315 1008 1357 1036; x_wconf 81' lang='lat' dir='ltr'>Sic</span> <span class='ocrx_word' id='word_1_621' title='bbox 1379 1007 1463 1044; x_wconf 77' lang='lat' dir='ltr'>igitur</span> <span class='ocrx_word' id='word_1_622' title='bbox 1486 1007 1582 1036; x_wconf 84' lang='lat' dir='ltr'>beatus</span> <span class='ocrx_word' id='word_1_623' title='bbox 1606 1007 1770 1036; x_wconf 85' lang='lat' dir='ltr'>Franciscus</span> <span class='ocrx_word' id='word_1_624' title='bbox 1795 1007 1847 1036; x_wconf 88' lang='lat' dir='ltr'>fuit</span> <span class='ocrx_word' id='word_1_625' title='bbox 1868 1015 1966 1036; x_wconf 88' lang='lat' dir='ltr'>servus</span> <span class='ocrx_word' id='word_1_626' title='bbox 1987 1007 2102 1036; x_wconf 89' lang='lat' dir='ltr'>Domino</span> 
     </span>
     <span class='ocr_line' id='line_1_85' title="bbox 1255 1053 2101 1091; baseline 0 -9"><span class='ocrx_word' id='word_1_627' title='bbox 1255 1054 1438 1090; x_wconf 82' lang='lat' dir='ltr'>acceptabilis,</span> <span class='ocrx_word' id='word_1_628' title='bbox 1461 1054 1525 1090; x_wconf 81' lang='lat' dir='ltr'>quia</span> <span class='ocrx_word' id='word_1_629' title='bbox 1541 1053 1670 1087; x_wconf 68' lang='lat' dir='ltr'>humilis,</span> <span class='ocrx_word' id='word_1_630' title='bbox 1686 1053 1792 1087; x_wconf 73' lang='lat' dir='ltr'>viriliS,</span> <span class='ocrx_word' id='word_1_631' title='bbox 1807 1053 1910 1090; x_wconf 74' lang='lat' dir='ltr'>fidelis,</span> <span class='ocrx_word' id='word_1_632' title='bbox 1925 1053 2101 1091; x_wconf 78' lang='lat' dir='ltr'>familiaris,</span> 
     </span>
     <span class='ocr_line' id='line_1_86' title="bbox 1255 1100 2243 1138; baseline 0.001 -9"><span class='ocrx_word' id='word_1_633' title='bbox 1255 1104 1351 1129; x_wconf 85' lang='lat' dir='ltr'>contra</span> <span class='ocrx_word' id='word_1_634' title='bbox 1374 1101 1519 1129; x_wconf 88' lang='lat' dir='ltr'>vanitatem</span> <span class='ocrx_word' id='word_1_635' title='bbox 1535 1100 1746 1134; x_wconf 83' lang='lat' dir='ltr'>sublimitatum,</span> <span class='ocrx_word' id='word_1_636' title='bbox 1772 1100 1960 1129; x_wconf 85' lang='lat' dir='ltr'>carnalitatem</span> <span class='ocrx_word' id='word_1_637' title='bbox 1982 1101 2103 1138; x_wconf 79' lang='lat' dir='ltr'>volupia·</span> <span class='ocrx_word' id='word_1_638' title='bbox 2241 1102 2243 1122; x_wconf 77' lang='lat' dir='ltr'>l</span> 
     </span>
     <span class='ocr_line' id='line_1_87' title="bbox 1256 1147 2240 1185; baseline 0 -9"><span class='ocrx_word' id='word_1_639' title='bbox 1256 1151 1332 1182; x_wconf 86' lang='lat' dir='ltr'>tum,</span> <span class='ocrx_word' id='word_1_640' title='bbox 1355 1148 1543 1176; x_wconf 86' lang='lat' dir='ltr'>terrenitatem</span> <span class='ocrx_word' id='word_1_641' title='bbox 1566 1147 1763 1184; x_wconf 87' lang='lat' dir='ltr'>cupiditatum,</span> <span class='ocrx_word' id='word_1_642' title='bbox 1785 1148 1963 1184; x_wconf 85' lang='lat' dir='ltr'>pertinaciam</span> <span class='ocrx_word' id='word_1_643' title='bbox 1980 1148 2104 1185; x_wconf 84' lang='lat' dir='ltr'>maligni·</span> <span class='ocrx_word' id='word_1_644' title='bbox 2238 1158 2240 1182; x_wconf 54' lang='lat'>¹,</span> 
     </span>
     <span class='ocr_line' id='line_1_88' title="bbox 1257 1185 2240 1223; baseline 0 0"><span class='ocrx_word' id='word_1_645' title='bbox 1257 1198 1353 1223; x_wconf 87' lang='lat' dir='ltr'>tatum.</span> <span class='ocrx_word' id='word_1_646' title='bbox 2238 1185 2240 1210; x_wconf 49' lang='lat'><strong><em>³</em></strong></span> 
     </span>
    </p>

    <p class='ocr_par' dir='ltr' id='par_1_15' title="bbox 1336 1232 2241 1280">
     <span class='ocr_line' id='line_1_89' title="bbox 1336 1232 2241 1280; baseline 0.001 -11"><span class='ocrx_word' id='word_1_647' title='bbox 1336 1242 1363 1269; x_wconf 92' lang='grc'>11.</span> <span class='ocrx_word' id='word_1_648' title='bbox 1386 1241 1517 1278; x_wconf 73' lang='lat' dir='ltr'>Sequitur</span> <span class='ocrx_word' id='word_1_649' title='bbox 1538 1241 1571 1270; x_wconf 86' lang='lat' dir='ltr'>de</span> <span class='ocrx_word' id='word_1_650' title='bbox 1587 1241 1723 1270; x_wconf 81' lang='lat' dir='ltr'>secundo:</span> <span class='ocrx_word' id='word_1_651' title='bbox 1737 1250 1843 1278; x_wconf 81' lang='lat' dir='ltr'>ponam</span> <span class='ocrx_word' id='word_1_652' title='bbox 1862 1245 1886 1270; x_wconf 85' lang='lat' dir='ltr'>te</span> <span class='ocrx_word' id='word_1_653' title='bbox 1901 1242 1989 1280; x_wconf 79' lang='lat' dir='ltr'>qnasi</span> <span class='ocrx_word' id='word_1_654' title='bbox 2002 1242 2102 1279; x_wconf 73' lang='lat' dir='ltr'>siyna-</span> <span class='ocrx_word' id='word_1_655' title='bbox 2119 1246 2165 1273; x_wconf 55' lang='lat' dir='ltr'>Pers</span> <span class='ocrx_word' id='word_1_656' title='bbox 2177 1245 2197 1264; x_wconf 88' lang='lat'>¹¹·</span> <span class='ocrx_word' id='word_1_657' title='bbox 2210 1232 2241 1270; x_wconf 69' lang='grc' dir='ltr'>0ιῖ</span> 
     </span>
    </p>
   </div>
   <div class='ocr_carea' id='block_1_11' title="bbox 1256 1269 2241 1325">
    <p class='ocr_par' dir='ltr' id='par_1_16' title="bbox 1256 1269 2241 1325">
     <span class='ocr_line' id='line_1_90' title="bbox 1256 1269 2241 1325; baseline 0.002 -9"><span class='ocrx_word' id='word_1_658' title='bbox 1256 1288 1366 1321; x_wconf 79' lang='lat' dir='ltr'>culum,</span> <span class='ocrx_word' id='word_1_659' title='bbox 1379 1288 1424 1316; x_wconf 89' lang='lat' dir='ltr'>ubi</span> <span class='ocrx_word' id='word_1_660' title='bbox 1441 1288 1650 1316; x_wconf 85' lang='lat' dir='ltr'>commendatur</span> <span class='ocrx_word' id='word_1_661' title='bbox 1662 1296 1677 1316; x_wconf 85' lang='lat' dir='ltr'>a</span> <span class='ocrx_word' id='word_1_662' title='bbox 1691 1288 1844 1325; x_wconf 59' lang='lat' dir='ltr'>signaculo</span> <span class='ocrx_word' id='word_1_663' title='bbox 1859 1288 2022 1325; x_wconf 80' lang='lat' dir='ltr'>spectabilis</span> <span class='ocrx_word' id='word_1_664' title='bbox 2036 1297 2102 1317; x_wconf 86' lang='lat' dir='ltr'>san-</span> <span class='ocrx_word' id='word_1_665' title='bbox 2124 1269 2224 1312; x_wconf 53' lang='grc' dir='ltr'>οῗὲἓίῖῗῗέῗι</span> <span class='ocrx_word' id='word_1_666' title='bbox 2238 1282 2241 1318; x_wconf 74' lang='lat' dir='ltr'>l</span> 
     </span>
    </p>
   </div>
   <div class='ocr_carea' id='block_1_12' title="bbox 1256 1316 2243 1841">
    <p class='ocr_par' dir='ltr' id='par_1_17' title="bbox 1256 1316 2243 1841">
     <span class='ocr_line' id='line_1_91' title="bbox 1257 1316 2241 1372; baseline 0.002 -10"><span class='ocrx_word' id='word_1_667' title='bbox 1257 1335 1381 1368; x_wconf 79' lang='lat' dir='ltr'>etitatis,</span> <span class='ocrx_word' id='word_1_668' title='bbox 1403 1335 1476 1371; x_wconf 83' lang='lat' dir='ltr'>quod</span> <span class='ocrx_word' id='word_1_669' title='bbox 1500 1335 1617 1363; x_wconf 84' lang='lat' dir='ltr'>multum</span> <span class='ocrx_word' id='word_1_670' title='bbox 1641 1335 1729 1371; x_wconf 85' lang='lat' dir='ltr'>patuit</span> <span class='ocrx_word' id='word_1_671' title='bbox 1751 1343 1800 1372; x_wconf 84' lang='lat' dir='ltr'>per</span> <span class='ocrx_word' id='word_1_672' title='bbox 1822 1336 1955 1372; x_wconf 84' lang='lat' dir='ltr'>impressa</span> <span class='ocrx_word' id='word_1_673' title='bbox 1976 1336 2026 1364; x_wconf 87' lang='lat' dir='ltr'>sihi</span> <span class='ocrx_word' id='word_1_674' title='bbox 2056 1336 2104 1365; x_wconf 89' lang='lat' dir='ltr'>sti·</span> <span class='ocrx_word' id='word_1_675' title='bbox 2116 1316 2241 1340; x_wconf 53' lang='lat' dir='ltr'>quamp&#39;m&#39;*</span> 
     </span>
     <span class='ocr_line' id='line_1_92' title="bbox 1256 1381 2243 1419; baseline 0.003 -10"><span class='ocrx_word' id='word_1_676' title='bbox 1256 1385 1347 1419; x_wconf 81' lang='lat' dir='ltr'>gmata</span> <span class='ocrx_word' id='word_1_677' title='bbox 1369 1381 1510 1418; x_wconf 82' lang='lat' dir='ltr'>passionis.</span> <span class='ocrx_word' id='word_1_678' title='bbox 1536 1381 1688 1409; x_wconf 80' lang='lat' dir='ltr'>Notandum</span> <span class='ocrx_word' id='word_1_679' title='bbox 1710 1390 1785 1418; x_wconf 81' lang='lat' dir='ltr'>ergo,</span> <span class='ocrx_word' id='word_1_680' title='bbox 1814 1383 1888 1419; x_wconf 87' lang='lat' dir='ltr'>quod</span> <span class='ocrx_word' id='word_1_681' title='bbox 1910 1383 1967 1419; x_wconf 88' lang='lat' dir='ltr'>ipse</span> <span class='ocrx_word' id='word_1_682' title='bbox 1995 1383 2047 1411; x_wconf 82' lang='lat' dir='ltr'>suit</span> <span class='ocrx_word' id='word_1_683' title='bbox 2068 1383 2104 1412; x_wconf 92' lang='lat' dir='ltr'>si·</span> <span class='ocrx_word' id='word_1_684' title='bbox 2241 1398 2243 1412; x_wconf 79' lang='lat' dir='ltr'>t</span> 
     </span>
     <span class='ocr_line' id='line_1_93' title="bbox 1257 1427 2243 1466; baseline 0 -10"><span class='ocrx_word' id='word_1_685' title='bbox 1257 1428 1406 1465; x_wconf 81' lang='lat' dir='ltr'>gnaculum</span> <span class='ocrx_word' id='word_1_686' title='bbox 1428 1427 1625 1465; x_wconf 78' lang='lat' dir='ltr'>reformatum</span> <span class='ocrx_word' id='word_1_687' title='bbox 1647 1436 1696 1464; x_wconf 88' lang='lat' dir='ltr'>per</span> <span class='ocrx_word' id='word_1_688' title='bbox 1714 1428 1846 1465; x_wconf 83' lang='lat' dir='ltr'>gemitum</span> <span class='ocrx_word' id='word_1_689' title='bbox 1869 1430 2103 1466; x_wconf 70' lang='lat' dir='ltr'>compunctionis,</span> <span class='ocrx_word' id='word_1_690' title='bbox 2121 1433 2243 1456; x_wconf 67' lang='lat' dir='ltr'>Signaculuw</span> 
     </span>
     <span class='ocr_line' id='line_1_94' title="bbox 1258 1457 2243 1513; baseline 0.003 -10"><span class='ocrx_word' id='word_1_691' title='bbox 1258 1476 1344 1504; x_wconf 68' lang='lat' dir='ltr'>lob9:</span> <span class='ocrx_word' id='word_1_692' title='bbox 1370 1476 1544 1503; x_wconf 80' lang='lat' dir='ltr'>Restituetur</span> <span class='ocrx_word' id='word_1_693' title='bbox 1566 1479 1597 1503; x_wconf 81' lang='lat' dir='ltr'>ut</span> <span class='ocrx_word' id='word_1_694' title='bbox 1626 1475 1721 1503; x_wconf 75' lang='lat' dir='ltr'>lutum</span> <span class='ocrx_word' id='word_1_695' title='bbox 1748 1476 1938 1513; x_wconf 67' lang='lat' dir='ltr'>sigsnaculum</span> <span class='ocrx_word' id='word_1_696' title='bbox 1965 1481 1990 1505; x_wconf 85' lang='lat' dir='ltr'>et</span> <span class='ocrx_word' id='word_1_697' title='bbox 2017 1457 2243 1506; x_wconf 45' lang='grc' dir='ltr'>5101111ΜΟΙἭΝΙΙἨῚ</span> 
     </span>
     <span class='ocr_line' id='line_1_95' title="bbox 1257 1522 2105 1560; baseline 0.001 -9"><span class='ocrx_word' id='word_1_698' title='bbox 1257 1523 1332 1551; x_wconf 81' lang='lat' dir='ltr'>sicut</span> <span class='ocrx_word' id='word_1_699' title='bbox 1353 1523 1560 1551; x_wconf 77' lang='lat' dir='ltr'>vestimentum.</span> <span class='ocrx_word' id='word_1_700' title='bbox 1574 1522 1700 1559; x_wconf 75' lang='lat' dir='ltr'>Angelus,</span> <span class='ocrx_word' id='word_1_701' title='bbox 1722 1522 1768 1559; x_wconf 88' lang='lat' dir='ltr'>qui</span> <span class='ocrx_word' id='word_1_702' title='bbox 1792 1522 1964 1560; x_wconf 82' lang='lat' dir='ltr'>signaculum</span> <span class='ocrx_word' id='word_1_703' title='bbox 1981 1523 2027 1552; x_wconf 90' lang='lat' dir='ltr'>Dei</span> <span class='ocrx_word' id='word_1_704' title='bbox 2043 1523 2105 1558; x_wconf 78' lang='lat' dir='ltr'>fuit,</span> 
     </span>
     <span class='ocr_line' id='line_1_96' title="bbox 1258 1569 2105 1607; baseline 0.002 -9"><span class='ocrx_word' id='word_1_705' title='bbox 1258 1578 1311 1598; x_wconf 85' lang='lat' dir='ltr'>nou</span> <span class='ocrx_word' id='word_1_706' title='bbox 1334 1574 1375 1598; x_wconf 85' lang='lat' dir='ltr'>est</span> <span class='ocrx_word' id='word_1_707' title='bbox 1397 1569 1575 1606; x_wconf 82' lang='lat' dir='ltr'>reparabilis,</span> <span class='ocrx_word' id='word_1_708' title='bbox 1598 1569 1663 1606; x_wconf 84' lang='lat' dir='ltr'>quia</span> <span class='ocrx_word' id='word_1_709' title='bbox 1685 1569 1825 1606; x_wconf 86' lang='lat' dir='ltr'>poenitere</span> <span class='ocrx_word' id='word_1_710' title='bbox 1850 1578 1903 1598; x_wconf 90' lang='lat' dir='ltr'>non</span> <span class='ocrx_word' id='word_1_711' title='bbox 1926 1573 2030 1607; x_wconf 81' lang='lat' dir='ltr'>potest,</span> <span class='ocrx_word' id='word_1_712' title='bbox 2058 1570 2105 1600; x_wconf 85' lang='lat' dir='ltr'>sed</span> 
     </span>
     <span class='ocr_line' id='line_1_97' title="bbox 1258 1617 2105 1654; baseline 0.001 -9"><span class='ocrx_word' id='word_1_713' title='bbox 1258 1618 1354 1651; x_wconf 88' lang='lat' dir='ltr'>homo;</span> <span class='ocrx_word' id='word_1_714' title='bbox 1378 1621 1405 1645; x_wconf 86' lang='lat' dir='ltr'>et</span> <span class='ocrx_word' id='word_1_715' title='bbox 1426 1617 1491 1645; x_wconf 84' lang='lat' dir='ltr'>dicit</span> <span class='ocrx_word' id='word_1_716' title='bbox 1512 1621 1544 1644; x_wconf 86' lang='lat' dir='ltr'>ut</span> <span class='ocrx_word' id='word_1_717' title='bbox 1565 1617 1659 1645; x_wconf 78' lang='lat' dir='ltr'>lutum</span> <span class='ocrx_word' id='word_1_718' title='bbox 1681 1617 1886 1654; x_wconf 62' lang='lat' dir='ltr'>signaculum,</span> <span class='ocrx_word' id='word_1_719' title='bbox 1916 1618 1989 1654; x_wconf 87' lang='lat' dir='ltr'>quod</span> <span class='ocrx_word' id='word_1_720' title='bbox 2011 1618 2042 1646; x_wconf 84' lang='lat' dir='ltr'>fit</span> <span class='ocrx_word' id='word_1_721' title='bbox 2069 1626 2105 1647; x_wconf 86' lang='lat' dir='ltr'>ex</span> 
     </span>
     <span class='ocr_line' id='line_1_98' title="bbox 1257 1664 2106 1702; baseline 0 -8"><span class='ocrx_word' id='word_1_722' title='bbox 1257 1673 1330 1702; x_wconf 85' lang='lat' dir='ltr'>aqua</span> <span class='ocrx_word' id='word_1_723' title='bbox 1351 1664 1523 1693; x_wconf 77' lang='lat' dir='ltr'>contritionis</span> <span class='ocrx_word' id='word_1_724' title='bbox 1544 1668 1570 1692; x_wconf 90' lang='lat' dir='ltr'>et</span> <span class='ocrx_word' id='word_1_725' title='bbox 1592 1664 1707 1700; x_wconf 90' lang='lat' dir='ltr'>pulvere</span> <span class='ocrx_word' id='word_1_726' title='bbox 1730 1664 1908 1699; x_wconf 86' lang='lat' dir='ltr'>humilitatis,</span> <span class='ocrx_word' id='word_1_727' title='bbox 1930 1668 1957 1693; x_wconf 86' lang='lat' dir='ltr'>et</span> <span class='ocrx_word' id='word_1_728' title='bbox 1972 1665 2033 1694; x_wconf 88' lang='lat' dir='ltr'>talis</span> <span class='ocrx_word' id='word_1_729' title='bbox 2047 1669 2106 1694; x_wconf 81' lang='lat' dir='ltr'>sta-</span> 
     </span>
     <span class='ocr_line' id='line_1_99' title="bbox 1259 1710 2106 1748; baseline 0 -8"><span class='ocrx_word' id='word_1_730' title='bbox 1259 1711 1298 1740; x_wconf 82' lang='lat' dir='ltr'>bit</span> <span class='ocrx_word' id='word_1_731' title='bbox 1319 1715 1350 1739; x_wconf 87' lang='lat' dir='ltr'>ut</span> <span class='ocrx_word' id='word_1_732' title='bbox 1370 1711 1588 1744; x_wconf 73' lang='lat' dir='ltr'>vestimentum,</span> <span class='ocrx_word' id='word_1_733' title='bbox 1609 1711 1682 1747; x_wconf 82' lang='lat' dir='ltr'>quod</span> <span class='ocrx_word' id='word_1_734' title='bbox 1706 1710 1833 1739; x_wconf 88' lang='lat' dir='ltr'>indutum</span> <span class='ocrx_word' id='word_1_735' title='bbox 1863 1711 1971 1748; x_wconf 89' lang='lat' dir='ltr'>corpori</span> <span class='ocrx_word' id='word_1_736' title='bbox 1998 1714 2051 1740; x_wconf 88' lang='lat' dir='ltr'>stat</span> <span class='ocrx_word' id='word_1_737' title='bbox 2079 1714 2106 1740; x_wconf 90' lang='lat' dir='ltr'>et</span> 
     </span>
     <span class='ocr_line' id='line_1_100' title="bbox 1259 1757 2105 1796; baseline -0.001 -9"><span class='ocrx_word' id='word_1_738' title='bbox 1259 1767 1311 1787; x_wconf 89' lang='lat' dir='ltr'>non</span> <span class='ocrx_word' id='word_1_739' title='bbox 1335 1766 1383 1795; x_wconf 89' lang='lat' dir='ltr'>per</span> <span class='ocrx_word' id='word_1_740' title='bbox 1405 1766 1442 1787; x_wconf 89' lang='lat' dir='ltr'>se.</span> <span class='ocrx_word' id='word_1_741' title='bbox 1465 1757 1624 1786; x_wconf 87' lang='lat' dir='ltr'>Huiusmodi</span> <span class='ocrx_word' id='word_1_742' title='bbox 1647 1757 1699 1786; x_wconf 85' lang='lat' dir='ltr'>fuit</span> <span class='ocrx_word' id='word_1_743' title='bbox 1728 1758 1890 1786; x_wconf 85' lang='lat' dir='ltr'>Franc-iscus</span> <span class='ocrx_word' id='word_1_744' title='bbox 1917 1758 2105 1796; x_wconf 63' lang='lat' dir='ltr'>signaculum</span> 
     </span>
     <span class='ocr_line' id='line_1_101' title="bbox 1258 1804 2105 1841; baseline 0 -8"><span class='ocrx_word' id='word_1_745' title='bbox 1258 1805 1425 1834; x_wconf 71' lang='lat' dir='ltr'>restitutum</span> <span class='ocrx_word' id='word_1_746' title='bbox 1440 1808 1471 1833; x_wconf 86' lang='lat' dir='ltr'>ut</span> <span class='ocrx_word' id='word_1_747' title='bbox 1488 1805 1577 1833; x_wconf 89' lang='lat' dir='ltr'>lutum</span> <span class='ocrx_word' id='word_1_748' title='bbox 1595 1812 1643 1841; x_wconf 90' lang='lat' dir='ltr'>per</span> <span class='ocrx_word' id='word_1_749' title='bbox 1658 1804 1861 1838; x_wconf 88' lang='lat' dir='ltr'>contritionem,</span> <span class='ocrx_word' id='word_1_750' title='bbox 1877 1808 1904 1833; x_wconf 88' lang='lat' dir='ltr'>et</span> <span class='ocrx_word' id='word_1_751' title='bbox 1919 1805 2014 1834; x_wconf 84' lang='lat' dir='ltr'>stabat</span> <span class='ocrx_word' id='word_1_752' title='bbox 2028 1805 2105 1834; x_wconf 84' lang='lat' dir='ltr'>sicut</span> 
     </span>
    </p>
   </div>
   <div class='ocr_carea' id='block_1_13' title="bbox 1258 1851 2236 1888">
    <p class='ocr_par' dir='ltr' id='par_1_18' title="bbox 1258 1851 2236 1888">
     <span class='ocr_line' id='line_1_102' title="bbox 1258 1851 2236 1888; baseline -0.001 -8"><span class='ocrx_word' id='word_1_753' title='bbox 1258 1852 1468 1886; x_wconf 78' lang='lat' dir='ltr'>vestimentum,</span> <span class='ocrx_word' id='word_1_754' title='bbox 1490 1852 1593 1880; x_wconf 87' lang='lat' dir='ltr'>scilicet</span> <span class='ocrx_word' id='word_1_755' title='bbox 1614 1851 1734 1888; x_wconf 88' lang='lat' dir='ltr'>Spiritus</span> <span class='ocrx_word' id='word_1_756' title='bbox 1748 1852 1843 1880; x_wconf 84' lang='lat' dir='ltr'>sancti.</span> <span class='ocrx_word' id='word_1_757' title='bbox 1858 1868 1897 1872; x_wconf 89' lang='lat'>—</span> <span class='ocrx_word' id='word_1_758' title='bbox 1918 1852 1992 1886; x_wconf 82' lang='lat' dir='ltr'>item,</span> <span class='ocrx_word' id='word_1_759' title='bbox 2008 1852 2105 1881; x_wconf 51' lang='lat' dir='ltr'>trans-⁸</span> <span class='ocrx_word' id='word_1_760' title='bbox 2118 1856 2170 1878; x_wconf 71' lang='lat' dir='ltr'>hem.</span> <span class='ocrx_word' id='word_1_761' title='bbox 2184 1857 2236 1875; x_wconf 63' lang='lat' dir='ltr'>traam</span> 
     </span>
    </p>
   </div>
   <div class='ocr_carea' id='block_1_14' title="bbox 2111 0 2243 1041">
    <p class='ocr_par' dir='ltr' id='par_1_19' title="bbox 2111 0 2243 1041">
     <span class='ocr_line' id='line_1_103' title="bbox 2111 0 2243 1041; baseline 0 0"><span class='ocrx_word' id='word_1_762' title='bbox 2111 0 2243 1041; x_wconf 95' lang='lat' dir='ltr'> </span> 
     </span>
    </p>
   </div>
   <div class='ocr_carea' id='block_1_15' title="bbox 1258 1880 2229 2326">
    <p class='ocr_par' dir='ltr' id='par_1_20' title="bbox 1258 1880 2229 2326">
     <span class='ocr_line' id='line_1_104' title="bbox 1273 1880 2229 1904; baseline -0.006 0"><span class='ocrx_word' id='word_1_763' title='bbox 1273 1898 1277 1904; x_wconf 94' lang='lat'>.</span> <span class='ocrx_word' id='word_1_764' title='bbox 1520 1899 1524 1903; x_wconf 99' lang='lat'>.</span> <span class='ocrx_word' id='word_1_765' title='bbox 1620 1898 1623 1902; x_wconf 96' lang='lat'>.</span> <span class='ocrx_word' id='word_1_766' title='bbox 1717 1898 1721 1902; x_wconf 89' lang='lat'><em>.</em></span> <span class='ocrx_word' id='word_1_767' title='bbox 1781 1899 1785 1902; x_wconf 95' lang='lat'>.</span> <span class='ocrx_word' id='word_1_768' title='bbox 1828 1899 1832 1902; x_wconf 88' lang='lat'>.</span> <span class='ocrx_word' id='word_1_769' title='bbox 1882 1899 1886 1903; x_wconf 82' lang='lat'>.</span> <span class='ocrx_word' id='word_1_770' title='bbox 2005 1899 2008 1903; x_wconf 91' lang='grc'>,</span> <span class='ocrx_word' id='word_1_771' title='bbox 2030 1899 2034 1903; x_wconf 72' lang='grc'>,</span> <span class='ocrx_word' id='word_1_772' title='bbox 2129 1880 2229 1898; x_wconf 81' lang='lat' dir='ltr'>formatum.</span> 
     </span>
     <span class='ocr_line' id='line_1_105' title="bbox 1258 1898 2104 1936; baseline 0 -9"><span class='ocrx_word' id='word_1_773' title='bbox 1258 1898 1423 1936; x_wconf 79' lang='lat' dir='ltr'>formatum</span> <span class='ocrx_word' id='word_1_774' title='bbox 1448 1906 1497 1936; x_wconf 91' lang='lat' dir='ltr'>per</span> <span class='ocrx_word' id='word_1_775' title='bbox 1520 1898 1676 1927; x_wconf 84' lang='lat' dir='ltr'>incendium</span> <span class='ocrx_word' id='word_1_776' title='bbox 1697 1898 1864 1933; x_wconf 81' lang='lat' dir='ltr'>dilectionis;</span> <span class='ocrx_word' id='word_1_777' title='bbox 1881 1907 1908 1927; x_wconf 91' lang='grc'>111</span> <span class='ocrx_word' id='word_1_778' title='bbox 1934 1898 2051 1928; x_wconf 83' lang='lat' dir='ltr'>Canticis</span> <span class='ocrx_word' id='word_1_779' title='bbox 2067 1899 2104 1927; x_wconf 88' lang='lat'>¹⁰:</span> 
     </span>
     <span class='ocr_line' id='line_1_106' title="bbox 1261 1945 2107 1983; baseline 0 -8"><span class='ocrx_word' id='word_1_780' title='bbox 1261 1946 1338 1975; x_wconf 83' lang='lat' dir='ltr'>Pone</span> <span class='ocrx_word' id='word_1_781' title='bbox 1359 1954 1402 1974; x_wconf 78' lang='lat' dir='ltr'>nze</span> <span class='ocrx_word' id='word_1_782' title='bbox 1424 1949 1456 1974; x_wconf 83' lang='lat' dir='ltr'>ut</span> <span class='ocrx_word' id='word_1_783' title='bbox 1476 1945 1665 1983; x_wconf 64' lang='lat' dir='ltr'>signaculum</span> <span class='ocrx_word' id='word_1_784' title='bbox 1686 1954 1775 1982; x_wconf 82' lang='lat' dir='ltr'>super</span> <span class='ocrx_word' id='word_1_785' title='bbox 1796 1954 1846 1974; x_wconf 85' lang='lat' dir='ltr'>cor</span> <span class='ocrx_word' id='word_1_786' title='bbox 1868 1949 1969 1979; x_wconf 73' lang='lat' dir='ltr'>cutim,-</span> <span class='ocrx_word' id='word_1_787' title='bbox 1994 1946 2070 1983; x_wconf 80' lang='lat' dir='ltr'>Hugo</span> <span class='ocrx_word' id='word_1_788' title='bbox 2091 1954 2107 1975; x_wconf 90' lang='lat' dir='ltr'>a</span> 
     </span>
     <span class='ocr_line' id='line_1_107' title="bbox 1259 1992 2106 2029; baseline 0 -8"><span class='ocrx_word' id='word_1_789' title='bbox 1259 1994 1284 2022; x_wconf 88' lang='lat' dir='ltr'>S.</span> <span class='ocrx_word' id='word_1_790' title='bbox 1301 1993 1425 2021; x_wconf 78' lang='lat' dir='ltr'>Victore:</span> <span class='ocrx_word' id='word_1_791' title='bbox 1451 2003 1465 2018; x_wconf 89' lang='lat'>«</span> <span class='ocrx_word' id='word_1_792' title='bbox 1478 1992 1578 2026; x_wconf 86' lang='lat' dir='ltr'>Sentio,</span> <span class='ocrx_word' id='word_1_793' title='bbox 1593 1992 1684 2020; x_wconf 88' lang='lat' dir='ltr'>anima</span> <span class='ocrx_word' id='word_1_794' title='bbox 1699 2000 1767 2026; x_wconf 83' lang='lat' dir='ltr'>mea,</span> <span class='ocrx_word' id='word_1_795' title='bbox 1783 1992 1856 2029; x_wconf 85' lang='lat' dir='ltr'>quod</span> <span class='ocrx_word' id='word_1_796' title='bbox 1871 2000 1903 2021; x_wconf 87' lang='lat' dir='ltr'>ea</span> <span class='ocrx_word' id='word_1_797' title='bbox 1915 1992 1955 2021; x_wconf 84' lang='lat' dir='ltr'>vis</span> <span class='ocrx_word' id='word_1_798' title='bbox 1976 1997 2017 2022; x_wconf 87' lang='lat' dir='ltr'>est</span> <span class='ocrx_word' id='word_1_799' title='bbox 2031 2001 2106 2022; x_wconf 88' lang='lat' dir='ltr'>amo-</span> 
     </span>
     <span class='ocr_line' id='line_1_108' title="bbox 1260 2039 2107 2076; baseline 0 -8"><span class='ocrx_word' id='word_1_800' title='bbox 1260 2040 1307 2074; x_wconf 85' lang='lat' dir='ltr'>ris,</span> <span class='ocrx_word' id='word_1_801' title='bbox 1322 2039 1396 2076; x_wconf 89' lang='lat' dir='ltr'>quod</span> <span class='ocrx_word' id='word_1_802' title='bbox 1418 2039 1445 2068; x_wconf 94' lang='lat' dir='ltr'>in</span> <span class='ocrx_word' id='word_1_803' title='bbox 1460 2039 1520 2068; x_wconf 88' lang='lat' dir='ltr'>eius</span> <span class='ocrx_word' id='word_1_804' title='bbox 1535 2047 1616 2076; x_wconf 86' lang='lat' dir='ltr'>quem</span> <span class='ocrx_word' id='word_1_805' title='bbox 1632 2039 1735 2076; x_wconf 80' lang='lat' dir='ltr'>diligis,</span> <span class='ocrx_word' id='word_1_806' title='bbox 1751 2039 1958 2068; x_wconf 89' lang='lat' dir='ltr'>similitudinem</span> <span class='ocrx_word' id='word_1_807' title='bbox 1976 2040 2107 2069; x_wconf 83' lang='lat' dir='ltr'>transfor-</span> 
     </span>
     <span class='ocr_line' id='line_1_109' title="bbox 1260 2086 2225 2123; baseline 0.001 -9"><span class='ocrx_word' id='word_1_808' title='bbox 1260 2086 1384 2115; x_wconf 82' lang='lat' dir='ltr'>maris».</span> <span class='ocrx_word' id='word_1_809' title='bbox 1407 2102 1446 2106; x_wconf 81' lang='lat'><em>-</em></span> <span class='ocrx_word' id='word_1_810' title='bbox 1468 2086 1542 2120; x_wconf 85' lang='lat' dir='ltr'>Item,</span> <span class='ocrx_word' id='word_1_811' title='bbox 1563 2094 1733 2123; x_wconf 66' lang='lat' dir='ltr'>expressum</span> <span class='ocrx_word' id='word_1_812' title='bbox 1756 2094 1805 2122; x_wconf 88' lang='lat' dir='ltr'>per</span> <span class='ocrx_word' id='word_1_813' title='bbox 1826 2087 1985 2123; x_wconf 83' lang='lat' dir='ltr'>exemplum</span> <span class='ocrx_word' id='word_1_814' title='bbox 2018 2086 2107 2123; x_wconf 85' lang='lat' dir='ltr'>perfe-</span> <span class='ocrx_word' id='word_1_815' title='bbox 2132 2090 2225 2113; x_wconf 61' lang='lat' dir='ltr'>nma-</span> 
     </span>
     <span class='ocr_line' id='line_1_110' title="bbox 1260 2119 2217 2170; baseline 0.001 -9"><span class='ocrx_word' id='word_1_816' title='bbox 1260 2137 1319 2162; x_wconf 84' lang='lat' dir='ltr'>ctae</span> <span class='ocrx_word' id='word_1_817' title='bbox 1336 2133 1454 2166; x_wconf 88' lang='lat' dir='ltr'>virtutis,</span> <span class='ocrx_word' id='word_1_818' title='bbox 1471 2133 1623 2162; x_wconf 87' lang='lat' dir='ltr'>secundum</span> <span class='ocrx_word' id='word_1_819' title='bbox 1646 2133 1714 2162; x_wconf 89' lang='lat' dir='ltr'>illud</span> <span class='ocrx_word' id='word_1_820' title='bbox 1728 2133 1846 2170; x_wconf 78' lang='lat' dir='ltr'>Apostoli</span> <span class='ocrx_word' id='word_1_821' title='bbox 1862 2133 1895 2162; x_wconf 85' lang='lat' dir='ltr'>ad</span> <span class='ocrx_word' id='word_1_822' title='bbox 1917 2134 2053 2163; x_wconf 87' lang='lat' dir='ltr'>Romanos</span> <span class='ocrx_word' id='word_1_823' title='bbox 2069 2135 2106 2162; x_wconf 85' lang='lat'>¹¹:</span> <span class='ocrx_word' id='word_1_824' title='bbox 2136 2119 2217 2138; x_wconf 72' lang='lat' dir='ltr'>pressum</span> 
     </span>
     <span class='ocr_line' id='line_1_111' title="bbox 1260 2180 2107 2217; baseline 0 -8"><span class='ocrx_word' id='word_1_825' title='bbox 1260 2181 1384 2217; x_wconf 71' lang='lat' dir='ltr'>Siqnuin</span> <span class='ocrx_word' id='word_1_826' title='bbox 1400 2180 1509 2217; x_wconf 84' lang='lat' dir='ltr'>accepit</span> <span class='ocrx_word' id='word_1_827' title='bbox 1523 2180 1757 2208; x_wconf 79' lang='lat' dir='ltr'>circumcisionis</span> <span class='ocrx_word' id='word_1_828' title='bbox 1774 2180 1962 2217; x_wconf 69' lang='lat' dir='ltr'>siqnaculuin</span> <span class='ocrx_word' id='word_1_829' title='bbox 1977 2181 2107 2209; x_wconf 85' lang='lat' dir='ltr'>iustitiae</span> 
     </span>
     <span class='ocr_line' id='line_1_112' title="bbox 1259 2227 2106 2264; baseline 0.002 -9"><span class='ocrx_word' id='word_1_830' title='bbox 1259 2227 1342 2264; x_wconf 76' lang='lat' dir='ltr'>fidei,</span> <span class='ocrx_word' id='word_1_831' title='bbox 1365 2235 1418 2255; x_wconf 92' lang='lat' dir='ltr'>non</span> <span class='ocrx_word' id='word_1_832' title='bbox 1440 2227 1551 2263; x_wconf 86' lang='lat' dir='ltr'>quidem</span> <span class='ocrx_word' id='word_1_833' title='bbox 1580 2227 1817 2256; x_wconf 84' lang='lat' dir='ltr'>circumcisionem</span> <span class='ocrx_word' id='word_1_834' title='bbox 1843 2228 2030 2264; x_wconf 78' lang='lat' dir='ltr'>corporalem,</span> <span class='ocrx_word' id='word_1_835' title='bbox 2060 2227 2106 2257; x_wconf 86' lang='lat' dir='ltr'>sed</span> 
     </span>
     <span class='ocr_line' id='line_1_113' title="bbox 1260 2273 2227 2326; baseline 0.001 -24"><span class='ocrx_word' id='word_1_836' title='bbox 1260 2273 1441 2310; x_wconf 86' lang='lat' dir='ltr'>spiritualem.</span> <span class='ocrx_word' id='word_1_837' title='bbox 1464 2290 1502 2294; x_wconf 86' lang='lat'>-—</span> <span class='ocrx_word' id='word_1_838' title='bbox 1524 2274 1598 2307; x_wconf 88' lang='lat' dir='ltr'>ltem,</span> <span class='ocrx_word' id='word_1_839' title='bbox 1616 2274 1816 2310; x_wconf 67' lang='lat' dir='ltr'>expressivum</span> <span class='ocrx_word' id='word_1_840' title='bbox 1833 2282 1882 2311; x_wconf 86' lang='lat' dir='ltr'>per</span> <span class='ocrx_word' id='word_1_841' title='bbox 1897 2274 1985 2303; x_wconf 90' lang='lat' dir='ltr'>zelum</span> <span class='ocrx_word' id='word_1_842' title='bbox 2008 2282 2106 2312; x_wconf 86' lang='lat' dir='ltr'>super-</span> <span class='ocrx_word' id='word_1_843' title='bbox 2127 2279 2227 2326; x_wconf 39' lang='lat'>3523&amp;</span> 
     </span>
    </p>
   </div>
   <div class='ocr_carea' id='block_1_16' title="bbox 1258 2320 2107 2547">
    <p class='ocr_par' dir='ltr' id='par_1_21' title="bbox 1258 2320 2107 2547">
     <span class='ocr_line' id='line_1_114' title="bbox 1260 2320 2106 2358; baseline 0.001 -9"><span class='ocrx_word' id='word_1_844' title='bbox 1260 2328 1311 2350; x_wconf 86' lang='lat' dir='ltr'>nae</span> <span class='ocrx_word' id='word_1_845' title='bbox 1332 2320 1438 2355; x_wconf 89' lang='lat' dir='ltr'>salutis,</span> <span class='ocrx_word' id='word_1_846' title='bbox 1457 2321 1608 2349; x_wconf 83' lang='lat' dir='ltr'>secundum</span> <span class='ocrx_word' id='word_1_847' title='bbox 1631 2321 1699 2349; x_wconf 90' lang='lat' dir='ltr'>illud</span> <span class='ocrx_word' id='word_1_848' title='bbox 1713 2321 1888 2358; x_wconf 86' lang='lat' dir='ltr'>Apocalypsis</span> <span class='ocrx_word' id='word_1_849' title='bbox 1900 2321 1937 2349; x_wconf 82' lang='lat'>¹²:</span> <span class='ocrx_word' id='word_1_850' title='bbox 1959 2321 2024 2350; x_wconf 81' lang='lat' dir='ltr'>Vidi</span> <span class='ocrx_word' id='word_1_851' title='bbox 2038 2321 2106 2350; x_wconf 88' lang='lat' dir='ltr'>alte-</span> 
     </span>
     <span class='ocr_line' id='line_1_115' title="bbox 1260 2367 2106 2405; baseline 0.001 -9"><span class='ocrx_word' id='word_1_852' title='bbox 1260 2376 1329 2396; x_wconf 79' lang='lat' dir='ltr'>rum</span> <span class='ocrx_word' id='word_1_853' title='bbox 1352 2367 1495 2405; x_wconf 63' lang='lat' dir='ltr'>Angelum</span> <span class='ocrx_word' id='word_1_854' title='bbox 1517 2368 1715 2397; x_wconf 80' lang='lat' dir='ltr'>ascendentem</span> <span class='ocrx_word' id='word_1_855' title='bbox 1737 2368 1773 2396; x_wconf 85' lang='lat' dir='ltr'>ab</span> <span class='ocrx_word' id='word_1_856' title='bbox 1801 2372 1868 2397; x_wconf 83' lang='lat' dir='ltr'>ortu</span> <span class='ocrx_word' id='word_1_857' title='bbox 1893 2369 1979 2403; x_wconf 83' lang='lat' dir='ltr'>solis,</span> <span class='ocrx_word' id='word_1_858' title='bbox 2001 2368 2106 2398; x_wconf 80' lang='lat' dir='ltr'>liaben-</span> 
     </span>
     <span class='ocr_line' id='line_1_116' title="bbox 1261 2415 2107 2453; baseline 0.002 -10"><span class='ocrx_word' id='word_1_859' title='bbox 1261 2420 1313 2443; x_wconf 82' lang='lat' dir='ltr'>tem</span> <span class='ocrx_word' id='word_1_860' title='bbox 1334 2415 1452 2452; x_wconf 56' lang='lat' dir='ltr'>signum</span> <span class='ocrx_word' id='word_1_861' title='bbox 1472 2415 1522 2444; x_wconf 81' lang='lat' dir='ltr'>Dei</span> <span class='ocrx_word' id='word_1_862' title='bbox 1542 2415 1609 2445; x_wconf 76' lang='lat' dir='ltr'>viui.</span> <span class='ocrx_word' id='word_1_863' title='bbox 1631 2416 1683 2444; x_wconf 90' lang='lat' dir='ltr'>Hoc</span> <span class='ocrx_word' id='word_1_864' title='bbox 1705 2416 1816 2453; x_wconf 88' lang='lat' dir='ltr'>quidem</span> <span class='ocrx_word' id='word_1_865' title='bbox 1839 2416 1947 2453; x_wconf 80' lang='lat' dir='ltr'>signum</span> <span class='ocrx_word' id='word_1_866' title='bbox 1969 2419 2010 2445; x_wconf 87' lang='lat' dir='ltr'>est</span> <span class='ocrx_word' id='word_1_867' title='bbox 2031 2416 2107 2445; x_wconf 88' lang='lat' dir='ltr'>zelus</span> 
     </span>
     <span class='ocr_line' id='line_1_117' title="bbox 1260 2462 2106 2500; baseline 0.001 -10"><span class='ocrx_word' id='word_1_868' title='bbox 1260 2462 1397 2491; x_wconf 86' lang='lat' dir='ltr'>humanae</span> <span class='ocrx_word' id='word_1_869' title='bbox 1418 2462 1529 2497; x_wconf 86' lang='lat' dir='ltr'>salutis;</span> <span class='ocrx_word' id='word_1_870' title='bbox 1552 2462 1625 2491; x_wconf 86' lang='lat' dir='ltr'>unde</span> <span class='ocrx_word' id='word_1_871' title='bbox 1646 2463 1672 2491; x_wconf 92' lang='grc'>111</span> <span class='ocrx_word' id='word_1_872' title='bbox 1693 2462 1847 2491; x_wconf 85' lang='lat' dir='ltr'>Ezechiele:</span> <span class='ocrx_word' id='word_1_873' title='bbox 1864 2463 1956 2500; x_wconf 73' lang='lat' dir='ltr'>Siyna</span> <span class='ocrx_word' id='word_1_874' title='bbox 1972 2462 2043 2492; x_wconf 79' lang='lat' dir='ltr'>tlzau</span> <span class='ocrx_word' id='word_1_875' title='bbox 2057 2471 2106 2491; x_wconf 85' lang='lat' dir='ltr'>su—</span> 
     </span>
     <span class='ocr_line' id='line_1_118' title="bbox 1258 2509 2106 2547; baseline 0.001 -10"><span class='ocrx_word' id='word_1_876' title='bbox 1258 2518 1309 2547; x_wconf 86' lang='lat' dir='ltr'>per</span> <span class='ocrx_word' id='word_1_877' title='bbox 1324 2509 1435 2546; x_wconf 58' lang='lat' dir='ltr'>frontes</span> <span class='ocrx_word' id='word_1_878' title='bbox 1456 2510 1590 2538; x_wconf 64' lang='lat' dir='ltr'>vti-orum</span> <span class='ocrx_word' id='word_1_879' title='bbox 1604 2510 1779 2547; x_wconf 59' lang='lat' dir='ltr'>gementium</span> <span class='ocrx_word' id='word_1_880' title='bbox 1801 2513 1826 2538; x_wconf 85' lang='lat' dir='ltr'>et</span> <span class='ocrx_word' id='word_1_881' title='bbox 1847 2510 2004 2538; x_wconf 79' lang='lat' dir='ltr'>dolentium</span> <span class='ocrx_word' id='word_1_882' title='bbox 2018 2518 2106 2547; x_wconf 84' lang='lat' dir='ltr'>super</span> 
     </span>
    </p>
   </div>
   <div class='ocr_carea' id='block_1_17' title="bbox 1264 2662 2106 2965">
    <p class='ocr_par' dir='ltr' id='par_1_22' title="bbox 1322 2662 2070 2692">
     <span class='ocr_line' id='line_1_119' title="bbox 1322 2662 2070 2692; baseline -0.001 -6"><span class='ocrx_word' id='word_1_883' title='bbox 1322 2662 1332 2675; x_wconf 79' lang='lat'><strong>⁶</strong></span> <span class='ocrx_word' id='word_1_884' title='bbox 1348 2663 1404 2691; x_wconf 81' lang='lat' dir='ltr'>Cap.</span> <span class='ocrx_word' id='word_1_885' title='bbox 1421 2664 1443 2691; x_wconf 81' lang='lat'>7,</span> <span class='ocrx_word' id='word_1_886' title='bbox 1461 2664 1487 2690; x_wconf 77' lang='lat'>33</span> <span class='ocrx_word' id='word_1_887' title='bbox 1505 2666 1633 2692; x_wconf 86' lang='lat' dir='ltr'>sequuntur</span> <span class='ocrx_word' id='word_1_888' title='bbox 1651 2664 1726 2686; x_wconf 81' lang='lat' dir='ltr'>Matth.</span> <span class='ocrx_word' id='word_1_889' title='bbox 1745 2664 1771 2692; x_wconf 84' lang='grc'>6,</span> <span class='ocrx_word' id='word_1_890' title='bbox 1789 2664 1826 2686; x_wconf 65' lang='lat'>24.</span> <span class='ocrx_word' id='word_1_891' title='bbox 1844 2666 1866 2686; x_wconf 88' lang='lat' dir='ltr'>et</span> <span class='ocrx_word' id='word_1_892' title='bbox 1882 2664 1898 2685; x_wconf 93' lang='lat' dir='ltr'>l.</span> <span class='ocrx_word' id='word_1_893' title='bbox 1917 2663 1974 2691; x_wconf 85' lang='lat' dir='ltr'>Reg.</span> <span class='ocrx_word' id='word_1_894' title='bbox 1993 2664 2030 2690; x_wconf 77' lang='lat' dir='ltr'>ti,</span> <span class='ocrx_word' id='word_1_895' title='bbox 2048 2664 2070 2685; x_wconf 75' lang='lat'>2.</span> 
     </span>
    </p>

    <p class='ocr_par' dir='ltr' id='par_1_23' title="bbox 1323 2701 2044 2731">
     <span class='ocr_line' id='line_1_120' title="bbox 1323 2701 2044 2731; baseline -0.001 -6"><span class='ocrx_word' id='word_1_896' title='bbox 1323 2702 1331 2715; x_wconf 95' lang='lat'>⁷</span> <span class='ocrx_word' id='word_1_897' title='bbox 1349 2703 1425 2725; x_wconf 85' lang='lat' dir='ltr'>Matth.</span> <span class='ocrx_word' id='word_1_898' title='bbox 1442 2703 1464 2729; x_wconf 84' lang='lat'>6,</span> <span class='ocrx_word' id='word_1_899' title='bbox 1482 2704 1524 2731; x_wconf 74' lang='lat'>223</span> <span class='ocrx_word' id='word_1_900' title='bbox 1542 2703 1646 2731; x_wconf 82' lang='lat' dir='ltr'>sequitur</span> <span class='ocrx_word' id='word_1_901' title='bbox 1664 2703 1713 2725; x_wconf 85' lang='lat' dir='ltr'>lsai.</span> <span class='ocrx_word' id='word_1_902' title='bbox 1732 2703 1772 2730; x_wconf 72' lang='lat'>42,</span> <span class='ocrx_word' id='word_1_903' title='bbox 1795 2704 1812 2725; x_wconf 89' lang='lat' dir='ltr'>l.</span> <span class='ocrx_word' id='word_1_904' title='bbox 1830 2701 1916 2731; x_wconf 82' lang='lat' dir='ltr'>(Matth.</span> <span class='ocrx_word' id='word_1_905' title='bbox 1934 2703 1970 2729; x_wconf 72' lang='lat'>42,</span> <span class='ocrx_word' id='word_1_906' title='bbox 1991 2702 2044 2730; x_wconf 78' lang='grc'>18,).</span> 
     </span>
    </p>

    <p class='ocr_par' dir='ltr' id='par_1_24' title="bbox 1322 2741 1471 2765">
     <span class='ocr_line' id='line_1_121' title="bbox 1322 2741 1471 2765; baseline 0.007 -1"><span class='ocrx_word' id='word_1_907' title='bbox 1322 2741 1331 2754; x_wconf 77' lang='lat'><strong>⁸</strong></span> <span class='ocrx_word' id='word_1_908' title='bbox 1350 2742 1416 2764; x_wconf 90' lang='lat' dir='ltr'>Vers.</span> <span class='ocrx_word' id='word_1_909' title='bbox 1434 2743 1471 2765; x_wconf 86' lang='lat'>30.</span> 
     </span>
    </p>

    <p class='ocr_par' dir='ltr' id='par_1_25' title="bbox 1323 2780 1514 2809">
     <span class='ocr_line' id='line_1_122' title="bbox 1323 2780 1514 2809; baseline 0 -5"><span class='ocrx_word' id='word_1_910' title='bbox 1323 2780 1332 2793; x_wconf 75' lang='lat'>⁹</span> <span class='ocrx_word' id='word_1_911' title='bbox 1349 2781 1405 2809; x_wconf 87' lang='lat' dir='ltr'>Cap.</span> <span class='ocrx_word' id='word_1_912' title='bbox 1423 2782 1459 2809; x_wconf 83' lang='lat'>38,</span> <span class='ocrx_word' id='word_1_913' title='bbox 1482 2781 1514 2804; x_wconf 79' lang='grc'>14.</span> 
     </span>
    </p>

    <p class='ocr_par' dir='ltr' id='par_1_26' title="bbox 1323 2820 2106 2850">
     <span class='ocr_line' id='line_1_123' title="bbox 1323 2820 2106 2850; baseline -0.001 -7"><span class='ocrx_word' id='word_1_914' title='bbox 1323 2820 1343 2833; x_wconf 79' lang='lat'>¹⁰</span> <span class='ocrx_word' id='word_1_915' title='bbox 1360 2820 1416 2848; x_wconf 85' lang='lat' dir='ltr'>Cap.</span> <span class='ocrx_word' id='word_1_916' title='bbox 1434 2821 1454 2848; x_wconf 88' lang='lat'>8,</span> <span class='ocrx_word' id='word_1_917' title='bbox 1467 2822 1488 2843; x_wconf 88' lang='grc'>6.</span> <span class='ocrx_word' id='word_1_918' title='bbox 1502 2833 1531 2837; x_wconf 80' lang='lat'><em>-</em></span> <span class='ocrx_word' id='word_1_919' title='bbox 1543 2821 1651 2850; x_wconf 76' lang='lat' dir='ltr'>Sequitur</span> <span class='ocrx_word' id='word_1_920' title='bbox 1663 2821 1730 2849; x_wconf 84' lang='lat' dir='ltr'>Hugo</span> <span class='ocrx_word' id='word_1_921' title='bbox 1742 2827 1753 2843; x_wconf 81' lang='lat' dir='ltr'>a</span> <span class='ocrx_word' id='word_1_922' title='bbox 1768 2821 1788 2843; x_wconf 83' lang='lat' dir='ltr'>S.</span> <span class='ocrx_word' id='word_1_923' title='bbox 1804 2820 1871 2847; x_wconf 65' lang='lat' dir='ltr'>Vici„</span> <span class='ocrx_word' id='word_1_924' title='bbox 1883 2821 1912 2843; x_wconf 87' lang='lat' dir='ltr'>de</span> <span class='ocrx_word' id='word_1_925' title='bbox 1925 2821 1996 2843; x_wconf 84' lang='lat' dir='ltr'>Arrha</span> <span class='ocrx_word' id='word_1_926' title='bbox 2009 2820 2106 2842; x_wconf 83' lang='lat' dir='ltr'>animae.</span> 
     </span>
    </p>

    <p class='ocr_par' dir='ltr' id='par_1_27' title="bbox 1323 2859 1509 2888">
     <span class='ocr_line' id='line_1_124' title="bbox 1323 2859 1509 2888; baseline -0.005 -6"><span class='ocrx_word' id='word_1_927' title='bbox 1323 2859 1342 2872; x_wconf 83' lang='lat'>¹¹</span> <span class='ocrx_word' id='word_1_928' title='bbox 1360 2859 1415 2888; x_wconf 86' lang='lat' dir='ltr'>Cap.</span> <span class='ocrx_word' id='word_1_929' title='bbox 1434 2860 1454 2888; x_wconf 69' lang='lat'>4,</span> <span class='ocrx_word' id='word_1_930' title='bbox 1475 2861 1509 2882; x_wconf 87' lang='lat' dir='ltr'>ll.</span> 
     </span>
    </p>

    <p class='ocr_par' dir='ltr' id='par_1_28' title="bbox 1264 2898 2106 2965">
     <span class='ocr_line' id='line_1_125' title="bbox 1323 2898 2106 2928; baseline -0.001 -7"><span class='ocrx_word' id='word_1_931' title='bbox 1323 2898 1342 2911; x_wconf 86' lang='lat'>¹²</span> <span class='ocrx_word' id='word_1_932' title='bbox 1360 2899 1415 2927; x_wconf 88' lang='lat' dir='ltr'>Cap.</span> <span class='ocrx_word' id='word_1_933' title='bbox 1432 2899 1459 2926; x_wconf 92' lang='lat'>7,</span> <span class='ocrx_word' id='word_1_934' title='bbox 1478 2900 1504 2927; x_wconf 83' lang='lat'>2;</span> <span class='ocrx_word' id='word_1_935' title='bbox 1527 2900 1631 2928; x_wconf 84' lang='lat' dir='ltr'>sequitur</span> <span class='ocrx_word' id='word_1_936' title='bbox 1652 2900 1734 2921; x_wconf 86' lang='lat' dir='ltr'>Ezech.</span> <span class='ocrx_word' id='word_1_937' title='bbox 1756 2899 1781 2927; x_wconf 84' lang='grc'>9,</span> <span class='ocrx_word' id='word_1_938' title='bbox 1806 2898 1826 2921; x_wconf 74' lang='lat'>4.</span> <span class='ocrx_word' id='word_1_939' title='bbox 1849 2901 1872 2921; x_wconf 83' lang='lat' dir='ltr'>et</span> <span class='ocrx_word' id='word_1_940' title='bbox 1892 2898 2014 2927; x_wconf 86' lang='lat' dir='ltr'>respicitur</span> <span class='ocrx_word' id='word_1_941' title='bbox 2037 2898 2106 2921; x_wconf 86' lang='lat' dir='ltr'>Exod.</span> 
     </span>
     <span class='ocr_line' id='line_1_126' title="bbox 1264 2939 1356 2965; baseline -0.011 -4"><span class='ocrx_word' id='word_1_942' title='bbox 1264 2939 1304 2965; x_wconf 80' lang='lat'>¹2,</span> <span class='ocrx_word' id='word_1_943' title='bbox 1319 2939 1356 2961; x_wconf 78' lang='lat'>29.</span> 
     </span>
    </p>
   </div>
  </div>
 </body>
</html>
