<?xml version="1.0" encoding="UTF-8"?>
<!DOCTYPE html PUBLIC "-//W3C//DTD XHTML 1.0 Transitional//EN"
    "http://www.w3.org/TR/xhtml1/DTD/xhtml1-transitional.dtd">
<html xmlns="http://www.w3.org/1999/xhtml" xml:lang="en" lang="en">
 <head>
  <title>
</title>
<meta http-equiv="Content-Type" content="text/html;charset=utf-8" />
  <meta name='ocr-system' content='tesseract 3.04.00' />
  <meta name='ocr-capabilities' content='ocr_page ocr_carea ocr_par ocr_line ocrx_word'/>
</head>
<body>
  <div class='ocr_page' id='page_1' title='image "./doctorisseraphic09bona_0033.png"; bbox 0 0 2243 3348; ppageno 0'>
   <div class='ocr_carea' id='block_1_1' title="bbox 902 136 1884 169">
    <p class='ocr_par' dir='ltr' id='par_1_1' title="bbox 902 136 1884 169">
     <span class='ocr_line' id='line_1_1' title="bbox 902 136 1884 169; baseline 0.005 -5"><span class='ocrx_word' id='word_1_1' title='bbox 902 136 1134 165; x_wconf 84' lang='lat' dir='ltr'>lNTRODUCTlO.</span> <span class='ocrx_word' id='word_1_2' title='bbox 1869 142 1884 169; x_wconf 80' lang='lat'>5</span> 
     </span>
    </p>
   </div>
   <div class='ocr_carea' id='block_1_2' title="bbox 145 214 991 462">
    <p class='ocr_par' dir='ltr' id='par_1_2' title="bbox 145 214 991 462">
     <span class='ocr_line' id='line_1_2' title="bbox 145 214 990 247; baseline -0.006 -4"><span class='ocrx_word' id='word_1_3' title='bbox 145 218 241 244; x_wconf 87' lang='lat' dir='ltr'>Harum</span> <span class='ocrx_word' id='word_1_4' title='bbox 250 217 423 242; x_wconf 88' lang='lat' dir='ltr'>brevissimum</span> <span class='ocrx_word' id='word_1_5' title='bbox 436 215 579 247; x_wconf 85' lang='lat' dir='ltr'>excerptum</span> <span class='ocrx_word' id='word_1_6' title='bbox 591 214 657 240; x_wconf 89' lang='lat' dir='ltr'>infra</span> <span class='ocrx_word' id='word_1_7' title='bbox 670 214 776 239; x_wconf 87' lang='lat' dir='ltr'>habetur</span> <span class='ocrx_word' id='word_1_8' title='bbox 788 214 854 238; x_wconf 86' lang='lat' dir='ltr'>inter</span> <span class='ocrx_word' id='word_1_9' title='bbox 865 221 990 239; x_wconf 78' lang='lat' dir='ltr'>sermones</span> 
     </span>
     <span class='ocr_line' id='line_1_3' title="bbox 145 256 989 288; baseline -0.006 -3"><span class='ocrx_word' id='word_1_10' title='bbox 145 261 177 286; x_wconf 85' lang='lat' dir='ltr'>ad</span> <span class='ocrx_word' id='word_1_11' title='bbox 189 260 342 285; x_wconf 86' lang='lat' dir='ltr'>Dominicam</span> <span class='ocrx_word' id='word_1_12' title='bbox 355 259 377 284; x_wconf 93' lang='lat'>1.</span> <span class='ocrx_word' id='word_1_13' title='bbox 394 259 446 284; x_wconf 94' lang='lat' dir='ltr'>III.</span> <span class='ocrx_word' id='word_1_14' title='bbox 458 259 503 284; x_wconf 85' lang='lat' dir='ltr'>IV.</span> <span class='ocrx_word' id='word_1_15' title='bbox 517 258 656 287; x_wconf 86' lang='lat' dir='ltr'>Adventus,</span> <span class='ocrx_word' id='word_1_16' title='bbox 675 258 700 282; x_wconf 90' lang='lat' dir='ltr'>in</span> <span class='ocrx_word' id='word_1_17' title='bbox 719 257 812 288; x_wconf 87' lang='lat' dir='ltr'>Vigilia</span> <span class='ocrx_word' id='word_1_18' title='bbox 831 256 989 285; x_wconf 84' lang='lat' dir='ltr'>Nativitatis,</span> 
     </span>
     <span class='ocr_line' id='line_1_4' title="bbox 145 298 989 333; baseline -0.007 -5"><span class='ocrx_word' id='word_1_19' title='bbox 145 304 170 328; x_wconf 90' lang='lat' dir='ltr'>in</span> <span class='ocrx_word' id='word_1_20' title='bbox 189 302 344 331; x_wconf 85' lang='lat' dir='ltr'>Nativitate,</span> <span class='ocrx_word' id='word_1_21' title='bbox 362 301 505 333; x_wconf 86' lang='lat' dir='ltr'>Epiphania</span> <span class='ocrx_word' id='word_1_22' title='bbox 523 300 549 326; x_wconf 92' lang='lat' dir='ltr'>et</span> <span class='ocrx_word' id='word_1_23' title='bbox 567 300 662 325; x_wconf 85' lang='lat' dir='ltr'>Octava</span> <span class='ocrx_word' id='word_1_24' title='bbox 686 299 850 331; x_wconf 82' lang='lat' dir='ltr'>Epiphaniae.</span> <span class='ocrx_word' id='word_1_25' title='bbox 869 298 989 323; x_wconf 85' lang='lat' dir='ltr'>Attamen</span> 
     </span>
     <span class='ocr_line' id='line_1_5' title="bbox 147 341 990 374; baseline -0.007 -3"><span class='ocrx_word' id='word_1_26' title='bbox 147 353 234 371; x_wconf 85' lang='lat' dir='ltr'>sanum</span> <span class='ocrx_word' id='word_1_27' title='bbox 252 345 297 370; x_wconf 87' lang='lat' dir='ltr'>hoc</span> <span class='ocrx_word' id='word_1_28' title='bbox 322 352 376 369; x_wconf 88' lang='lat' dir='ltr'>cum</span> <span class='ocrx_word' id='word_1_29' title='bbox 403 344 497 369; x_wconf 87' lang='lat' dir='ltr'>sanctis</span> <span class='ocrx_word' id='word_1_30' title='bbox 522 343 641 368; x_wconf 87' lang='lat' dir='ltr'>Patribus</span> <span class='ocrx_word' id='word_1_31' title='bbox 670 343 819 374; x_wconf 89' lang='lat' dir='ltr'>principium</span> <span class='ocrx_word' id='word_1_32' title='bbox 844 341 990 366; x_wconf 85' lang='lat' dir='ltr'>Scholastici</span> 
     </span>
     <span class='ocr_line' id='line_1_6' title="bbox 146 384 991 417; baseline -0.007 -3"><span class='ocrx_word' id='word_1_33' title='bbox 146 388 360 415; x_wconf 77' lang='lat' dir='ltr'>communicabant</span> <span class='ocrx_word' id='word_1_34' title='bbox 382 387 407 412; x_wconf 92' lang='lat' dir='ltr'>et</span> <span class='ocrx_word' id='word_1_35' title='bbox 431 386 537 411; x_wconf 87' lang='lat' dir='ltr'>firmiter</span> <span class='ocrx_word' id='word_1_36' title='bbox 560 386 716 414; x_wconf 72' lang='lat' dir='ltr'>retinebant,</span> <span class='ocrx_word' id='word_1_37' title='bbox 735 385 800 417; x_wconf 90' lang='lat' dir='ltr'>quod</span> <span class='ocrx_word' id='word_1_38' title='bbox 818 385 898 410; x_wconf 87' lang='lat' dir='ltr'>totum</span> <span class='ocrx_word' id='word_1_39' title='bbox 918 384 991 409; x_wconf 89' lang='lat' dir='ltr'>eccle-</span> 
     </span>
     <span class='ocr_line' id='line_1_7' title="bbox 146 427 991 462; baseline -0.006 -6"><span class='ocrx_word' id='word_1_40' title='bbox 146 431 260 457; x_wconf 87' lang='lat' dir='ltr'>siasticae</span> <span class='ocrx_word' id='word_1_41' title='bbox 288 430 478 462; x_wconf 68' lang='lat' dir='ltr'>praedicationis</span> <span class='ocrx_word' id='word_1_42' title='bbox 503 429 692 454; x_wconf 89' lang='lat' dir='ltr'>fundamentum</span> <span class='ocrx_word' id='word_1_43' title='bbox 715 429 740 453; x_wconf 93' lang='lat' dir='ltr'>in</span> <span class='ocrx_word' id='word_1_44' title='bbox 769 435 840 452; x_wconf 88' lang='lat' dir='ltr'>sacra</span> <span class='ocrx_word' id='word_1_45' title='bbox 861 427 991 458; x_wconf 85' lang='lat' dir='ltr'>Scriptura</span> 
     </span>
    </p>
   </div>
   <div class='ocr_carea' id='block_1_3' title="bbox 102 470 991 508">
    <p class='ocr_par' dir='ltr' id='par_1_3' title="bbox 102 470 991 508">
     <span class='ocr_line' id='line_1_8' title="bbox 102 470 991 508; baseline -0.006 -9"><span class='ocrx_word' id='word_1_46' title='bbox 102 504 105 508; x_wconf 22' lang='grc' dir='ltr'><strong><em>Δ</em></strong></span> <span class='ocrx_word' id='word_1_47' title='bbox 146 474 252 506; x_wconf 89' lang='lat' dir='ltr'>positum</span> <span class='ocrx_word' id='word_1_48' title='bbox 272 481 325 498; x_wconf 89' lang='lat' dir='ltr'>esse</span> <span class='ocrx_word' id='word_1_49' title='bbox 344 473 482 502; x_wconf 85' lang='lat' dir='ltr'>voluerint,</span> <span class='ocrx_word' id='word_1_50' title='bbox 501 480 531 497; x_wconf 87' lang='lat' dir='ltr'>ne</span> <span class='ocrx_word' id='word_1_51' title='bbox 549 473 605 503; x_wconf 87' lang='lat' dir='ltr'>ipsa</span> <span class='ocrx_word' id='word_1_52' title='bbox 624 471 785 496; x_wconf 79' lang='lat' dir='ltr'><strong>defraudetur</strong></span> <span class='ocrx_word' id='word_1_53' title='bbox 803 470 929 495; x_wconf 74' lang='lat' dir='ltr'>essentiali</span> <span class='ocrx_word' id='word_1_54' title='bbox 947 477 991 495; x_wconf 91' lang='lat' dir='ltr'>suo</span> 
     </span>
    </p>
   </div>
   <div class='ocr_carea' id='block_1_4' title="bbox 1 652 11 691">
    <p class='ocr_par' dir='ltr' id='par_1_4' title="bbox 1 652 11 691">
     <span class='ocr_line' id='line_1_9' title="bbox 1 652 11 663; baseline -0.1 0"><span class='ocrx_word' id='word_1_55' title='bbox 1 652 11 663; x_wconf 68' lang='grc'>11</span> 
     </span>
     <span class='ocr_line' id='line_1_10' title="bbox 3 672 11 691; baseline 0 -4"><span class='ocrx_word' id='word_1_56' title='bbox 3 672 11 691; x_wconf 72' lang='lat' dir='ltr'>⁴,t</span> 
     </span>
    </p>
   </div>
   <div class='ocr_carea' id='block_1_5' title="bbox 4 804 8 949">
    <p class='ocr_par' dir='ltr' id='par_1_5' title="bbox 4 804 8 949">
     <span class='ocr_line' id='line_1_11' title="bbox 4 804 8 855; baseline 0 0"><span class='ocrx_word' id='word_1_57' title='bbox 4 804 8 855; x_wconf 70' lang='grc'>1</span> 
     </span>
     <span class='ocr_line' id='line_1_12' title="bbox 4 876 7 949; baseline 0 0"><span class='ocrx_word' id='word_1_58' title='bbox 4 876 7 949; x_wconf 66' lang='lat' dir='ltr'>l</span> 
     </span>
    </p>
   </div>
   <div class='ocr_carea' id='block_1_6' title="bbox 4 955 6 1008">
    <p class='ocr_par' dir='ltr' id='par_1_6' title="bbox 4 955 6 1008">
     <span class='ocr_line' id='line_1_13' title="bbox 4 955 6 1008; baseline 0 -4"><span class='ocrx_word' id='word_1_59' title='bbox 4 955 6 1008; x_wconf 65' lang='lat' dir='ltr'>l</span> 
     </span>
    </p>
   </div>
   <div class='ocr_carea' id='block_1_7' title="bbox 14 739 134 832">
    <p class='ocr_par' dir='ltr' id='par_1_7' title="bbox 14 739 134 832">
     <span class='ocr_line' id='line_1_14' title="bbox 14 739 134 762; baseline -0.05 0"><span class='ocrx_word' id='word_1_60' title='bbox 14 741 70 762; x_wconf 58' lang='lat' dir='ltr'>«Verba</span> <span class='ocrx_word' id='word_1_61' title='bbox 77 739 134 758; x_wconf 83' lang='lat' dir='ltr'>Boua-</span> 
     </span>
     <span class='ocr_line' id='line_1_15' title="bbox 23 762 134 785; baseline -0.036 -1"><span class='ocrx_word' id='word_1_62' title='bbox 23 767 101 785; x_wconf 75' lang='lat' dir='ltr'>venturae</span> <span class='ocrx_word' id='word_1_63' title='bbox 112 762 134 780; x_wconf 88' lang='lat' dir='ltr'>de</span> 
     </span>
     <span class='ocr_line' id='line_1_16' title="bbox 23 785 134 813; baseline -0.045 -5"><span class='ocrx_word' id='word_1_64' title='bbox 23 785 134 813; x_wconf 73' lang='lat' dir='ltr'>praedieatio-</span> 
     </span>
     <span class='ocr_line' id='line_1_17' title="bbox 24 812 77 832; baseline -0.038 0"><span class='ocrx_word' id='word_1_65' title='bbox 24 812 77 832; x_wconf 70' lang='lat' dir='ltr'>uibus.</span> 
     </span>
    </p>
   </div>
   <div class='ocr_carea' id='block_1_8' title="bbox 19 1769 138 1858">
    <p class='ocr_par' dir='ltr' id='par_1_8' title="bbox 19 1769 138 1858">
     <span class='ocr_line' id='line_1_18' title="bbox 26 1769 138 1788; baseline -0.009 0"><span class='ocrx_word' id='word_1_66' title='bbox 26 1769 138 1788; x_wconf 72' lang='lat' dir='ltr'>nocentiores</span> 
     </span>
     <span class='ocr_line' id='line_1_19' title="bbox 19 1792 138 1812; baseline -0.008 0"><span class='ocrx_word' id='word_1_67' title='bbox 19 1792 39 1812; x_wconf 76' lang='lat' dir='ltr'>de</span> <span class='ocrx_word' id='word_1_68' title='bbox 46 1793 138 1812; x_wconf 69' lang='grc'><strong>8011311011-</strong></span> 
     </span>
     <span class='ocr_line' id='line_1_20' title="bbox 19 1818 138 1835; baseline 0 0"><span class='ocrx_word' id='word_1_69' title='bbox 19 1818 66 1835; x_wconf 75' lang='lat' dir='ltr'>turae</span> <span class='ocrx_word' id='word_1_70' title='bbox 72 1821 138 1835; x_wconf 77' lang='lat' dir='ltr'>sermo-</span> 
     </span>
     <span class='ocr_line' id='line_1_21' title="bbox 19 1839 74 1858; baseline 0 0"><span class='ocrx_word' id='word_1_71' title='bbox 19 1839 67 1858; x_wconf 73' lang='lat' dir='ltr'>nibus</span> <span class='ocrx_word' id='word_1_72' title='bbox 70 1854 74 1858; x_wconf 93' lang='lat'>.</span> 
     </span>
    </p>
   </div>
   <div class='ocr_carea' id='block_1_9' title="bbox 35 2329 138 2372">
    <p class='ocr_par' dir='ltr' id='par_1_9' title="bbox 35 2329 138 2372">
     <span class='ocr_line' id='line_1_22' title="bbox 35 2329 138 2348; baseline 0 -1"><span class='ocrx_word' id='word_1_73' title='bbox 35 2329 102 2348; x_wconf 82' lang='lat' dir='ltr'>Bonav.</span> <span class='ocrx_word' id='word_1_74' title='bbox 114 2329 138 2347; x_wconf 87' lang='lat' dir='ltr'>de</span> 
     </span>
     <span class='ocr_line' id='line_1_23' title="bbox 40 2352 137 2372; baseline 0 -1"><span class='ocrx_word' id='word_1_75' title='bbox 40 2352 137 2372; x_wconf 78' lang='lat' dir='ltr'>rhetorica.</span> 
     </span>
    </p>
   </div>
   <div class='ocr_carea' id='block_1_10' title="bbox 146 514 1008 2570">
    <p class='ocr_par' dir='ltr' id='par_1_10' title="bbox 146 514 991 676">
     <span class='ocr_line' id='line_1_24' title="bbox 146 514 991 546; baseline -0.006 -4"><span class='ocrx_word' id='word_1_76' title='bbox 146 517 301 545; x_wconf 80' lang='lat' dir='ltr'><strong>charactere,</strong></span> <span class='ocrx_word' id='word_1_77' title='bbox 320 516 349 541; x_wconf 90' lang='lat' dir='ltr'>ut</span> <span class='ocrx_word' id='word_1_78' title='bbox 368 516 402 541; x_wconf 88' lang='lat' dir='ltr'>sit</span> <span class='ocrx_word' id='word_1_79' title='bbox 428 516 531 541; x_wconf 77' lang='lat' dir='ltr'>verbum</span> <span class='ocrx_word' id='word_1_80' title='bbox 550 515 612 546; x_wconf 85' lang='lat' dir='ltr'>Dei,</span> <span class='ocrx_word' id='word_1_81' title='bbox 641 514 734 539; x_wconf 87' lang='lat' dir='ltr'>scilieet</span> <span class='ocrx_word' id='word_1_82' title='bbox 761 514 881 545; x_wconf 77' lang='lat' dir='ltr'><strong>quaedam</strong></span> <span class='ocrx_word' id='word_1_83' title='bbox 907 520 991 538; x_wconf 87' lang='lat' dir='ltr'>sacrae</span> 
     </span>
     <span class='ocr_line' id='line_1_25' title="bbox 146 557 991 591; baseline -0.005 -6"><span class='ocrx_word' id='word_1_84' title='bbox 146 560 288 591; x_wconf 87' lang='lat' dir='ltr'>Scripturae</span> <span class='ocrx_word' id='word_1_85' title='bbox 315 559 442 590; x_wconf 80' lang='lat' dir='ltr'>expositio.</span> <span class='ocrx_word' id='word_1_86' title='bbox 462 558 532 583; x_wconf 89' lang='lat' dir='ltr'>Unde</span> <span class='ocrx_word' id='word_1_87' title='bbox 560 565 643 583; x_wconf 91' lang='lat' dir='ltr'>eorum</span> <span class='ocrx_word' id='word_1_88' title='bbox 671 564 795 582; x_wconf 85' lang='lat' dir='ltr'>sermones</span> <span class='ocrx_word' id='word_1_89' title='bbox 819 557 879 582; x_wconf 83' lang='lat' dir='ltr'>locis</span> <span class='ocrx_word' id='word_1_90' title='bbox 907 563 991 581; x_wconf 89' lang='lat' dir='ltr'>sacrae</span> 
     </span>
     <span class='ocr_line' id='line_1_26' title="bbox 146 600 990 634; baseline -0.005 -6"><span class='ocrx_word' id='word_1_91' title='bbox 146 603 288 634; x_wconf 87' lang='lat' dir='ltr'>Scripturae</span> <span class='ocrx_word' id='word_1_92' title='bbox 306 601 514 633; x_wconf 83' lang='lat' dir='ltr'>frequentissimis</span> <span class='ocrx_word' id='word_1_93' title='bbox 532 601 675 631; x_wconf 74' lang='lat' dir='ltr'>abundant3</span> <span class='ocrx_word' id='word_1_94' title='bbox 694 600 759 632; x_wconf 86' lang='lat' dir='ltr'>quod</span> <span class='ocrx_word' id='word_1_95' title='bbox 778 600 891 625; x_wconf 89' lang='lat' dir='ltr'>nonnulli</span> <span class='ocrx_word' id='word_1_96' title='bbox 910 606 990 624; x_wconf 88' lang='lat' dir='ltr'>recen-</span> 
     </span>
     <span class='ocr_line' id='line_1_27' title="bbox 146 643 903 676; baseline -0.004 -6"><span class='ocrx_word' id='word_1_97' title='bbox 146 646 221 671; x_wconf 88' lang='lat' dir='ltr'>tiores</span> <span class='ocrx_word' id='word_1_98' title='bbox 240 645 300 670; x_wconf 88' lang='lat' dir='ltr'>vitio</span> <span class='ocrx_word' id='word_1_99' title='bbox 317 645 379 676; x_wconf 90' lang='lat' dir='ltr'>ipsis</span> <span class='ocrx_word' id='word_1_100' title='bbox 398 644 494 669; x_wconf 90' lang='lat' dir='ltr'>vertere</span> <span class='ocrx_word' id='word_1_101' title='bbox 513 644 566 668; x_wconf 92' lang='lat' dir='ltr'>sine</span> <span class='ocrx_word' id='word_1_102' title='bbox 584 643 743 668; x_wconf 89' lang='lat' dir='ltr'>distinctione</span> <span class='ocrx_word' id='word_1_103' title='bbox 762 643 903 668; x_wconf 89' lang='lat' dir='ltr'>voluerunt.</span> 
     </span>
    </p>

    <p class='ocr_par' dir='ltr' id='par_1_11' title="bbox 146 685 1000 1709">
     <span class='ocr_line' id='line_1_28' title="bbox 217 685 991 718; baseline -0.004 -5"><span class='ocrx_word' id='word_1_104' title='bbox 217 688 355 713; x_wconf 83' lang='lat' dir='ltr'>Audiamus</span> <span class='ocrx_word' id='word_1_105' title='bbox 374 688 397 712; x_wconf 89' lang='lat' dir='ltr'>S.</span> <span class='ocrx_word' id='word_1_106' title='bbox 422 687 633 716; x_wconf 81' lang='lat' dir='ltr'>Bonaventuram,</span> <span class='ocrx_word' id='word_1_107' title='bbox 659 687 700 718; x_wconf 88' lang='lat' dir='ltr'>qui</span> <span class='ocrx_word' id='word_1_108' title='bbox 725 687 754 711; x_wconf 88' lang='lat' dir='ltr'>de</span> <span class='ocrx_word' id='word_1_109' title='bbox 779 685 991 717; x_wconf 85' lang='lat' dir='ltr'>praedicatoribus</span> 
     </span>
     <span class='ocr_line' id='line_1_29' title="bbox 146 729 992 757; baseline -0.004 -1"><span class='ocrx_word' id='word_1_110' title='bbox 146 732 205 757; x_wconf 90' lang='lat' dir='ltr'>dicit</span> <span class='ocrx_word' id='word_1_111' title='bbox 224 732 249 756; x_wconf 88' lang='lat' dir='ltr'>in</span> <span class='ocrx_word' id='word_1_112' title='bbox 263 731 444 756; x_wconf 84' lang='lat' dir='ltr'>Commentario</span> <span class='ocrx_word' id='word_1_113' title='bbox 458 738 501 755; x_wconf 90' lang='lat' dir='ltr'>suo</span> <span class='ocrx_word' id='word_1_114' title='bbox 521 731 545 755; x_wconf 92' lang='lat' dir='ltr'>in</span> <span class='ocrx_word' id='word_1_115' title='bbox 565 730 656 755; x_wconf 87' lang='lat' dir='ltr'>Lucam</span> <span class='ocrx_word' id='word_1_116' title='bbox 669 729 692 754; x_wconf 88' lang='lat'>¹:</span> <span class='ocrx_word' id='word_1_117' title='bbox 717 739 729 752; x_wconf 78' lang='grc' dir='ltr'>α</span> <span class='ocrx_word' id='word_1_118' title='bbox 742 729 805 754; x_wconf 84' lang='lat' dir='ltr'>Sunt</span> <span class='ocrx_word' id='word_1_119' title='bbox 818 737 844 754; x_wconf 92' lang='grc'>05</span> <span class='ocrx_word' id='word_1_120' title='bbox 858 729 903 754; x_wconf 87' lang='lat' dir='ltr'>Dei</span> <span class='ocrx_word' id='word_1_121' title='bbox 917 729 992 754; x_wconf 89' lang='lat' dir='ltr'>verba</span> 
     </span>
     <span class='ocr_line' id='line_1_30' title="bbox 146 772 994 803; baseline -0.004 -4"><span class='ocrx_word' id='word_1_122' title='bbox 146 776 198 800; x_wconf 92' lang='lat' dir='ltr'>eius</span> <span class='ocrx_word' id='word_1_123' title='bbox 222 774 394 799; x_wconf 88' lang='lat' dir='ltr'>annuntiando</span> <span class='ocrx_word' id='word_1_124' title='bbox 408 784 432 803; x_wconf 87' lang='lat'>»,</span> <span class='ocrx_word' id='word_1_125' title='bbox 453 774 491 798; x_wconf 87' lang='lat' dir='ltr'>et:</span> <span class='ocrx_word' id='word_1_126' title='bbox 515 783 527 795; x_wconf 79' lang='grc' dir='ltr'>α</span> <span class='ocrx_word' id='word_1_127' title='bbox 540 773 686 798; x_wconf 79' lang='lat' dir='ltr'>Praedicare</span> <span class='ocrx_word' id='word_1_128' title='bbox 705 773 744 797; x_wconf 90' lang='lat' dir='ltr'>est</span> <span class='ocrx_word' id='word_1_129' title='bbox 763 772 865 797; x_wconf 89' lang='lat' dir='ltr'>verbum</span> <span class='ocrx_word' id='word_1_130' title='bbox 891 772 936 797; x_wconf 89' lang='lat' dir='ltr'>Dei</span> <span class='ocrx_word' id='word_1_131' title='bbox 955 779 994 797; x_wconf 87' lang='grc'>50-</span> 
     </span>
     <span class='ocr_line' id='line_1_31' title="bbox 146 814 993 848; baseline -0.005 -4"><span class='ocrx_word' id='word_1_132' title='bbox 146 819 240 844; x_wconf 89' lang='lat' dir='ltr'>minare</span> <span class='ocrx_word' id='word_1_133' title='bbox 253 816 262 830; x_wconf 80' lang='lat'><strong>²</strong></span> <span class='ocrx_word' id='word_1_134' title='bbox 276 828 301 842; x_wconf 82' lang='lat'>».</span> <span class='ocrx_word' id='word_1_135' title='bbox 325 818 356 842; x_wconf 84' lang='lat' dir='ltr'>In</span> <span class='ocrx_word' id='word_1_136' title='bbox 377 818 499 848; x_wconf 88' lang='lat' dir='ltr'>prooemio</span> <span class='ocrx_word' id='word_1_137' title='bbox 520 816 695 842; x_wconf 84' lang='lat' dir='ltr'>Commentarii</span> <span class='ocrx_word' id='word_1_138' title='bbox 719 817 745 841; x_wconf 89' lang='lat' dir='ltr'>in</span> <span class='ocrx_word' id='word_1_139' title='bbox 768 816 860 841; x_wconf 88' lang='lat' dir='ltr'>Lucam</span> <span class='ocrx_word' id='word_1_140' title='bbox 874 814 883 828; x_wconf 79' lang='lat'>³</span> <span class='ocrx_word' id='word_1_141' title='bbox 909 823 993 841; x_wconf 86' lang='lat' dir='ltr'>omnes</span> 
     </span>
     <span class='ocr_line' id='line_1_32' title="bbox 147 857 994 893; baseline -0.005 -7"><span class='ocrx_word' id='word_1_142' title='bbox 147 860 328 893; x_wconf 83' lang='lat' dir='ltr'>praedicatores</span> <span class='ocrx_word' id='word_1_143' title='bbox 346 860 458 884; x_wconf 83' lang='lat' dir='ltr'>recenset</span> <span class='ocrx_word' id='word_1_144' title='bbox 476 860 543 884; x_wconf 82' lang='lat' dir='ltr'>inter</span> <span class='ocrx_word' id='word_1_145' title='bbox 562 859 676 884; x_wconf 81' lang='lat' dir='ltr'>doctores</span> <span class='ocrx_word' id='word_1_146' title='bbox 693 866 783 884; x_wconf 75' lang='lat' dir='ltr'>sacrae</span> <span class='ocrx_word' id='word_1_147' title='bbox 803 857 952 889; x_wconf 78' lang='lat' dir='ltr'>Scripturae</span> <span class='ocrx_word' id='word_1_148' title='bbox 968 858 994 883; x_wconf 85' lang='lat' dir='ltr'>et</span> 
     </span>
     <span class='ocr_line' id='line_1_33' title="bbox 146 901 994 935; baseline -0.005 -6"><span class='ocrx_word' id='word_1_149' title='bbox 146 904 201 930; x_wconf 88' lang='lat' dir='ltr'>inde</span> <span class='ocrx_word' id='word_1_150' title='bbox 219 903 312 935; x_wconf 88' lang='lat' dir='ltr'>arguit,</span> <span class='ocrx_word' id='word_1_151' title='bbox 336 903 400 934; x_wconf 91' lang='lat' dir='ltr'>quod</span> <span class='ocrx_word' id='word_1_152' title='bbox 425 902 580 934; x_wconf 86' lang='lat' dir='ltr'>praedicator</span> <span class='ocrx_word' id='word_1_153' title='bbox 604 902 692 927; x_wconf 92' lang='lat' dir='ltr'>debeat</span> <span class='ocrx_word' id='word_1_154' title='bbox 714 909 767 926; x_wconf 88' lang='lat' dir='ltr'>esse</span> <span class='ocrx_word' id='word_1_155' title='bbox 790 902 936 926; x_wconf 70' lang='lat' dir='ltr'>«inunctus</span> <span class='ocrx_word' id='word_1_156' title='bbox 961 901 994 925; x_wconf 93' lang='lat' dir='ltr'>di-</span> 
     </span>
     <span class='ocr_line' id='line_1_34' title="bbox 146 944 994 979; baseline -0.005 -7"><span class='ocrx_word' id='word_1_157' title='bbox 146 948 204 972; x_wconf 85' lang='lat' dir='ltr'>vina</span> <span class='ocrx_word' id='word_1_158' title='bbox 222 947 313 979; x_wconf 79' lang='lat' dir='ltr'>gratia,</span> <span class='ocrx_word' id='word_1_159' title='bbox 332 946 466 971; x_wconf 75' lang='lat' dir='ltr'>institutus</span> <span class='ocrx_word' id='word_1_160' title='bbox 488 953 556 970; x_wconf 90' lang='lat' dir='ltr'>mera</span> <span class='ocrx_word' id='word_1_161' title='bbox 584 945 730 974; x_wconf 82' lang='lat' dir='ltr'>obedientia,</span> <span class='ocrx_word' id='word_1_162' title='bbox 753 945 932 975; x_wconf 80' lang='lat' dir='ltr'>inflammatus</span> <span class='ocrx_word' id='word_1_163' title='bbox 956 944 994 969; x_wconf 89' lang='lat' dir='ltr'>be-</span> 
     </span>
     <span class='ocr_line' id='line_1_35' title="bbox 146 987 994 1015; baseline -0.004 0"><span class='ocrx_word' id='word_1_164' title='bbox 146 990 287 1015; x_wconf 78' lang='lat' dir='ltr'>nevolentIa</span> <span class='ocrx_word' id='word_1_165' title='bbox 299 989 412 1014; x_wconf 81' lang='lat' dir='ltr'>fraterna</span> <span class='ocrx_word' id='word_1_166' title='bbox 424 999 449 1013; x_wconf 82' lang='grc'><strong>».</strong></span> <span class='ocrx_word' id='word_1_167' title='bbox 463 989 574 1013; x_wconf 90' lang='lat' dir='ltr'>Primum</span> <span class='ocrx_word' id='word_1_168' title='bbox 587 988 650 1013; x_wconf 89' lang='lat' dir='ltr'>illud</span> <span class='ocrx_word' id='word_1_169' title='bbox 663 988 698 1013; x_wconf 90' lang='lat' dir='ltr'>sic</span> <span class='ocrx_word' id='word_1_170' title='bbox 710 987 834 1012; x_wconf 85' lang='lat' dir='ltr'>declarat:</span> <span class='ocrx_word' id='word_1_171' title='bbox 852 997 865 1009; x_wconf 86' lang='lat'>«</span> <span class='ocrx_word' id='word_1_172' title='bbox 874 987 898 1012; x_wconf 86' lang='lat' dir='ltr'>Si</span> <span class='ocrx_word' id='word_1_173' title='bbox 911 987 994 1012; x_wconf 91' lang='lat' dir='ltr'>eodem</span> 
     </span>
     <span class='ocr_line' id='line_1_36' title="bbox 148 1030 995 1064; baseline -0.004 -7"><span class='ocrx_word' id='word_1_174' title='bbox 148 1032 239 1064; x_wconf 85' lang='lat' dir='ltr'>spiritu</span> <span class='ocrx_word' id='word_1_175' title='bbox 258 1032 414 1063; x_wconf 84' lang='lat' dir='ltr'>exponendae</span> <span class='ocrx_word' id='word_1_176' title='bbox 434 1032 494 1056; x_wconf 86' lang='lat' dir='ltr'>sunt</span> <span class='ocrx_word' id='word_1_177' title='bbox 512 1031 663 1062; x_wconf 87' lang='lat' dir='ltr'>Scripturae,</span> <span class='ocrx_word' id='word_1_178' title='bbox 682 1038 730 1062; x_wconf 85' lang='lat' dir='ltr'>quo</span> <span class='ocrx_word' id='word_1_179' title='bbox 746 1030 859 1055; x_wconf 90' lang='lat' dir='ltr'>conditae</span> <span class='ocrx_word' id='word_1_180' title='bbox 878 1030 950 1059; x_wconf 87' lang='lat' dir='ltr'>sunt;</span> <span class='ocrx_word' id='word_1_181' title='bbox 970 1030 995 1054; x_wconf 89' lang='lat' dir='ltr'>et</span> 
     </span>
     <span class='ocr_line' id='line_1_37' title="bbox 148 1073 995 1106; baseline -0.004 -6"><span class='ocrx_word' id='word_1_182' title='bbox 148 1074 251 1106; x_wconf 67' lang='lat' dir='ltr'>Spiritu</span> <span class='ocrx_word' id='word_1_183' title='bbox 268 1076 356 1099; x_wconf 77' lang='lat' dir='ltr'>saneto</span> <span class='ocrx_word' id='word_1_184' title='bbox 375 1075 527 1106; x_wconf 75' lang='lat' dir='ltr'>inspirante,</span> <span class='ocrx_word' id='word_1_185' title='bbox 548 1074 626 1098; x_wconf 78' lang='lat' dir='ltr'>locuti</span> <span class='ocrx_word' id='word_1_186' title='bbox 643 1075 704 1098; x_wconf 82' lang='lat' dir='ltr'>sunt</span> <span class='ocrx_word' id='word_1_187' title='bbox 716 1073 798 1098; x_wconf 79' lang='lat' dir='ltr'>sancti</span> <span class='ocrx_word' id='word_1_188' title='bbox 811 1073 862 1098; x_wconf 83' lang='lat' dir='ltr'>Dei</span> <span class='ocrx_word' id='word_1_189' title='bbox 882 1073 995 1097; x_wconf 83' lang='lat' dir='ltr'>homines</span> 
     </span>
     <span class='ocr_line' id='line_1_38' title="bbox 149 1116 996 1150; baseline -0.002 -8"><span class='ocrx_word' id='word_1_190' title='bbox 149 1118 196 1150; x_wconf 87' lang='lat' dir='ltr'>(H.</span> <span class='ocrx_word' id='word_1_191' title='bbox 216 1117 284 1143; x_wconf 88' lang='lat' dir='ltr'>Petr.</span> <span class='ocrx_word' id='word_1_192' title='bbox 305 1117 328 1147; x_wconf 84' lang='lat'>1,</span> <span class='ocrx_word' id='word_1_193' title='bbox 349 1117 417 1150; x_wconf 83' lang='lat'>21.):</span> <span class='ocrx_word' id='word_1_194' title='bbox 437 1118 469 1142; x_wconf 87' lang='lat' dir='ltr'>ad</span> <span class='ocrx_word' id='word_1_195' title='bbox 486 1117 539 1146; x_wconf 86' lang='grc'><strong>1100,</strong></span> <span class='ocrx_word' id='word_1_196' title='bbox 559 1117 623 1148; x_wconf 91' lang='lat' dir='ltr'>quod</span> <span class='ocrx_word' id='word_1_197' title='bbox 636 1117 727 1148; x_wconf 90' lang='lat' dir='ltr'>aliquis</span> <span class='ocrx_word' id='word_1_198' title='bbox 746 1116 780 1141; x_wconf 89' lang='lat' dir='ltr'>sit</span> <span class='ocrx_word' id='word_1_199' title='bbox 792 1116 877 1141; x_wconf 87' lang='lat' dir='ltr'>doctor</span> <span class='ocrx_word' id='word_1_200' title='bbox 894 1116 996 1140; x_wconf 83' lang='lat' dir='ltr'>idoneus</span> 
     </span>
     <span class='ocr_line' id='line_1_39' title="bbox 148 1159 994 1192; baseline -0.004 -6"><span class='ocrx_word' id='word_1_201' title='bbox 148 1169 231 1187; x_wconf 87' lang='lat' dir='ltr'>eorum</span> <span class='ocrx_word' id='word_1_202' title='bbox 251 1169 313 1192; x_wconf 89' lang='lat' dir='ltr'>quae</span> <span class='ocrx_word' id='word_1_203' title='bbox 334 1168 377 1192; x_wconf 89' lang='lat' dir='ltr'>per</span> <span class='ocrx_word' id='word_1_204' title='bbox 396 1161 522 1185; x_wconf 85' lang='lat' dir='ltr'>Christum</span> <span class='ocrx_word' id='word_1_205' title='bbox 544 1160 603 1185; x_wconf 87' lang='lat' dir='ltr'>sunt</span> <span class='ocrx_word' id='word_1_206' title='bbox 622 1159 741 1191; x_wconf 82' lang='lat' dir='ltr'>suggesta</span> <span class='ocrx_word' id='word_1_207' title='bbox 760 1159 785 1184; x_wconf 90' lang='lat' dir='ltr'>et</span> <span class='ocrx_word' id='word_1_208' title='bbox 804 1166 847 1190; x_wconf 89' lang='lat' dir='ltr'>per</span> <span class='ocrx_word' id='word_1_209' title='bbox 875 1159 994 1190; x_wconf 87' lang='lat' dir='ltr'>Spiritum</span> 
     </span>
     <span class='ocr_line' id='line_1_40' title="bbox 149 1202 996 1235; baseline -0.004 -6"><span class='ocrx_word' id='word_1_210' title='bbox 149 1204 262 1229; x_wconf 90' lang='lat' dir='ltr'>sanctum</span> <span class='ocrx_word' id='word_1_211' title='bbox 281 1204 383 1235; x_wconf 85' lang='lat' dir='ltr'>scripta,</span> <span class='ocrx_word' id='word_1_212' title='bbox 409 1211 507 1229; x_wconf 85' lang='lat' dir='ltr'>necesse</span> <span class='ocrx_word' id='word_1_213' title='bbox 533 1204 579 1232; x_wconf 89' lang='lat' dir='ltr'>est,</span> <span class='ocrx_word' id='word_1_214' title='bbox 599 1203 664 1234; x_wconf 86' lang='lat' dir='ltr'>quod</span> <span class='ocrx_word' id='word_1_215' title='bbox 689 1203 723 1228; x_wconf 91' lang='lat' dir='ltr'>sit</span> <span class='ocrx_word' id='word_1_216' title='bbox 744 1202 862 1227; x_wconf 88' lang='lat' dir='ltr'>inunctus</span> <span class='ocrx_word' id='word_1_217' title='bbox 888 1209 996 1233; x_wconf 91' lang='lat' dir='ltr'>superna</span> 
     </span>
     <span class='ocr_line' id='line_1_41' title="bbox 148 1245 997 1280; baseline -0.004 -8"><span class='ocrx_word' id='word_1_218' title='bbox 148 1247 231 1280; x_wconf 84' lang='lat' dir='ltr'>gratia</span> <span class='ocrx_word' id='word_1_219' title='bbox 244 1257 269 1271; x_wconf 69' lang='lat' dir='ltr'>n.</span> <span class='ocrx_word' id='word_1_220' title='bbox 288 1261 323 1264; x_wconf 87' lang='lat'>—</span> <span class='ocrx_word' id='word_1_221' title='bbox 342 1247 465 1272; x_wconf 87' lang='lat' dir='ltr'>Mirabilis</span> <span class='ocrx_word' id='word_1_222' title='bbox 483 1247 527 1271; x_wconf 92' lang='lat' dir='ltr'>illa</span> <span class='ocrx_word' id='word_1_223' title='bbox 547 1254 639 1278; x_wconf 89' lang='lat' dir='ltr'>panum</span> <span class='ocrx_word' id='word_1_224' title='bbox 658 1246 834 1277; x_wconf 87' lang='lat' dir='ltr'>multiplicatio</span> <span class='ocrx_word' id='word_1_225' title='bbox 862 1245 928 1276; x_wconf 88' lang='lat' dir='ltr'>apud</span> <span class='ocrx_word' id='word_1_226' title='bbox 947 1245 997 1270; x_wconf 91' lang='lat' dir='ltr'>Lu-</span> 
     </span>
     <span class='ocr_line' id='line_1_42' title="bbox 149 1287 997 1322; baseline -0.004 -7"><span class='ocrx_word' id='word_1_227' title='bbox 149 1298 201 1316; x_wconf 87' lang='lat' dir='ltr'>cam</span> <span class='ocrx_word' id='word_1_228' title='bbox 222 1290 257 1322; x_wconf 83' lang='grc'><strong>(9,</strong></span> <span class='ocrx_word' id='word_1_229' title='bbox 278 1289 318 1315; x_wconf 85' lang='grc'>17.</span> <span class='ocrx_word' id='word_1_230' title='bbox 339 1291 417 1322; x_wconf 84' lang='lat' dir='ltr'>seqq.)</span> <span class='ocrx_word' id='word_1_231' title='bbox 438 1290 540 1321; x_wconf 85' lang='lat' dir='ltr'>praebet</span> <span class='ocrx_word' id='word_1_232' title='bbox 557 1290 628 1314; x_wconf 86' lang='lat' dir='ltr'>iuxta</span> <span class='ocrx_word' id='word_1_233' title='bbox 650 1289 674 1314; x_wconf 79' lang='lat' dir='ltr'>S.</span> <span class='ocrx_word' id='word_1_234' title='bbox 700 1288 901 1314; x_wconf 87' lang='lat' dir='ltr'>Bonaventuram</span> <span class='ocrx_word' id='word_1_235' title='bbox 916 1287 925 1300; x_wconf 83' lang='lat'><strong>⁴</strong></span> <span class='ocrx_word' id='word_1_236' title='bbox 948 1288 997 1313; x_wconf 94' lang='lat' dir='ltr'>ido-</span> 
     </span>
     <span class='ocr_line' id='line_1_43' title="bbox 149 1331 997 1364; baseline -0.004 -6"><span class='ocrx_word' id='word_1_237' title='bbox 149 1341 220 1358; x_wconf 86' lang='lat' dir='ltr'>neam</span> <span class='ocrx_word' id='word_1_238' title='bbox 243 1343 255 1355; x_wconf 87' lang='lat'>‹&lt;</span> <span class='ocrx_word' id='word_1_239' title='bbox 269 1333 371 1358; x_wconf 86' lang='lat' dir='ltr'>formam</span> <span class='ocrx_word' id='word_1_240' title='bbox 397 1332 606 1364; x_wconf 86' lang='lat' dir='ltr'>praedicantibus,</span> <span class='ocrx_word' id='word_1_241' title='bbox 625 1332 654 1357; x_wconf 89' lang='lat' dir='ltr'>ut</span> <span class='ocrx_word' id='word_1_242' title='bbox 672 1339 720 1357; x_wconf 89' lang='lat' dir='ltr'>non</span> <span class='ocrx_word' id='word_1_243' title='bbox 746 1339 810 1356; x_wconf 87' lang='lat' dir='ltr'>nova</span> <span class='ocrx_word' id='word_1_244' title='bbox 829 1331 858 1356; x_wconf 89' lang='lat' dir='ltr'>de</span> <span class='ocrx_word' id='word_1_245' title='bbox 883 1331 997 1356; x_wconf 87' lang='lat' dir='ltr'>cordibus</span> 
     </span>
     <span class='ocr_line' id='line_1_44' title="bbox 150 1374 997 1407; baseline -0.004 -6"><span class='ocrx_word' id='word_1_246' title='bbox 150 1377 202 1402; x_wconf 85' lang='lat' dir='ltr'>suis</span> <span class='ocrx_word' id='word_1_247' title='bbox 220 1376 389 1405; x_wconf 78' lang='lat' dir='ltr'>adinveniant,</span> <span class='ocrx_word' id='word_1_248' title='bbox 409 1376 467 1407; x_wconf 89' lang='lat' dir='ltr'>quia</span> <span class='ocrx_word' id='word_1_249' title='bbox 485 1375 606 1400; x_wconf 88' lang='lat' dir='ltr'>Dominus</span> <span class='ocrx_word' id='word_1_250' title='bbox 631 1382 680 1400; x_wconf 89' lang='lat' dir='ltr'>non</span> <span class='ocrx_word' id='word_1_251' title='bbox 705 1374 800 1399; x_wconf 88' lang='lat' dir='ltr'>creavit</span> <span class='ocrx_word' id='word_1_252' title='bbox 819 1381 895 1399; x_wconf 89' lang='lat' dir='ltr'>novos</span> <span class='ocrx_word' id='word_1_253' title='bbox 920 1381 997 1405; x_wconf 86' lang='lat' dir='ltr'>panes</span> 
     </span>
     <span class='ocr_line' id='line_1_45' title="bbox 150 1417 999 1448; baseline -0.004 -4"><span class='ocrx_word' id='word_1_254' title='bbox 150 1420 180 1444; x_wconf 91' lang='lat' dir='ltr'>ad</span> <span class='ocrx_word' id='word_1_255' title='bbox 200 1419 356 1444; x_wconf 89' lang='lat' dir='ltr'>reficiendam</span> <span class='ocrx_word' id='word_1_256' title='bbox 380 1419 495 1448; x_wconf 81' lang='lat' dir='ltr'>turbam;</span> <span class='ocrx_word' id='word_1_257' title='bbox 521 1418 571 1448; x_wconf 86' lang='lat' dir='ltr'>sed,</span> <span class='ocrx_word' id='word_1_258' title='bbox 591 1418 655 1443; x_wconf 87' lang='lat' dir='ltr'>sicut</span> <span class='ocrx_word' id='word_1_259' title='bbox 681 1418 801 1443; x_wconf 87' lang='lat' dir='ltr'>Dominus</span> <span class='ocrx_word' id='word_1_260' title='bbox 821 1417 999 1448; x_wconf 88' lang='lat' dir='ltr'>multiplicavit</span> 
     </span>
     <span class='ocr_line' id='line_1_46' title="bbox 150 1461 998 1493; baseline -0.004 -6"><span class='ocrx_word' id='word_1_261' title='bbox 150 1463 234 1487; x_wconf 90' lang='lat' dir='ltr'>divina</span> <span class='ocrx_word' id='word_1_262' title='bbox 259 1462 426 1487; x_wconf 81' lang='lat' dir='ltr'>benedictione</span> <span class='ocrx_word' id='word_1_263' title='bbox 452 1463 559 1493; x_wconf 89' lang='lat' dir='ltr'>quinque</span> <span class='ocrx_word' id='word_1_264' title='bbox 585 1469 662 1493; x_wconf 89' lang='lat' dir='ltr'>panes</span> <span class='ocrx_word' id='word_1_265' title='bbox 681 1461 837 1489; x_wconf 86' lang='lat' dir='ltr'>hordeaceos,</span> <span class='ocrx_word' id='word_1_266' title='bbox 863 1461 897 1485; x_wconf 91' lang='lat' dir='ltr'>sic</span> <span class='ocrx_word' id='word_1_267' title='bbox 918 1461 998 1485; x_wconf 89' lang='lat' dir='ltr'>omnis</span> 
     </span>
     <span class='ocr_line' id='line_1_47' title="bbox 151 1503 998 1534; baseline -0.002 -4"><span class='ocrx_word' id='word_1_268' title='bbox 151 1506 305 1533; x_wconf 89' lang='lat' dir='ltr'>abundantia</span> <span class='ocrx_word' id='word_1_269' title='bbox 324 1513 396 1530; x_wconf 87' lang='lat' dir='ltr'>verae</span> <span class='ocrx_word' id='word_1_270' title='bbox 415 1505 541 1530; x_wconf 87' lang='lat' dir='ltr'>doctrinae</span> <span class='ocrx_word' id='word_1_271' title='bbox 561 1505 624 1529; x_wconf 88' lang='lat' dir='ltr'>sumi</span> <span class='ocrx_word' id='word_1_272' title='bbox 643 1504 716 1529; x_wconf 88' lang='lat' dir='ltr'>debet</span> <span class='ocrx_word' id='word_1_273' title='bbox 735 1512 763 1529; x_wconf 81' lang='lat' dir='ltr'>ex</span> <span class='ocrx_word' id='word_1_274' title='bbox 781 1503 947 1534; x_wconf 75' lang='lat' dir='ltr'>fundamento</span> <span class='ocrx_word' id='word_1_275' title='bbox 959 1511 998 1528; x_wconf 81' lang='lat' dir='ltr'>sa-</span> 
     </span>
     <span class='ocr_line' id='line_1_48' title="bbox 151 1547 999 1579; baseline -0.004 -6"><span class='ocrx_word' id='word_1_276' title='bbox 151 1555 209 1573; x_wconf 81' lang='lat' dir='ltr'>crae</span> <span class='ocrx_word' id='word_1_277' title='bbox 229 1547 387 1579; x_wconf 67' lang='lat' dir='ltr'>Scripturae,</span> <span class='ocrx_word' id='word_1_278' title='bbox 407 1548 597 1579; x_wconf 87' lang='lat' dir='ltr'>multiplicanda</span> <span class='ocrx_word' id='word_1_279' title='bbox 617 1555 660 1579; x_wconf 92' lang='lat' dir='ltr'>per</span> <span class='ocrx_word' id='word_1_280' title='bbox 674 1547 824 1577; x_wconf 78' lang='lat' dir='ltr'>orationem,</span> <span class='ocrx_word' id='word_1_281' title='bbox 844 1554 892 1578; x_wconf 88' lang='lat' dir='ltr'>qua</span> <span class='ocrx_word' id='word_1_282' title='bbox 910 1547 935 1571; x_wconf 91' lang='lat' dir='ltr'>in</span> <span class='ocrx_word' id='word_1_283' title='bbox 949 1554 999 1571; x_wconf 89' lang='lat' dir='ltr'>cae-</span> 
     </span>
     <span class='ocr_line' id='line_1_49' title="bbox 151 1590 999 1623; baseline -0.002 -7"><span class='ocrx_word' id='word_1_284' title='bbox 151 1592 203 1616; x_wconf 89' lang='lat' dir='ltr'>lum</span> <span class='ocrx_word' id='word_1_285' title='bbox 222 1592 363 1623; x_wconf 76' lang='lat' dir='ltr'>respicitur,</span> <span class='ocrx_word' id='word_1_286' title='bbox 382 1592 407 1616; x_wconf 88' lang='lat' dir='ltr'>et</span> <span class='ocrx_word' id='word_1_287' title='bbox 426 1591 563 1622; x_wconf 80' lang='lat' dir='ltr'>devotione,</span> <span class='ocrx_word' id='word_1_288' title='bbox 582 1599 631 1622; x_wconf 86' lang='lat' dir='ltr'>qua</span> <span class='ocrx_word' id='word_1_289' title='bbox 650 1590 810 1620; x_wconf 87' lang='lat' dir='ltr'>benedicitur,</span> <span class='ocrx_word' id='word_1_290' title='bbox 828 1590 999 1621; x_wconf 71' lang='lat' dir='ltr'>meditatione,</span> 
     </span>
     <span class='ocr_line' id='line_1_50' title="bbox 152 1633 1000 1666; baseline -0.002 -7"><span class='ocrx_word' id='word_1_291' title='bbox 152 1642 201 1666; x_wconf 89' lang='lat' dir='ltr'>qua</span> <span class='ocrx_word' id='word_1_292' title='bbox 219 1634 355 1666; x_wconf 85' lang='lat' dir='ltr'>frangitur,</span> <span class='ocrx_word' id='word_1_293' title='bbox 374 1635 399 1659; x_wconf 90' lang='lat' dir='ltr'>et</span> <span class='ocrx_word' id='word_1_294' title='bbox 414 1635 616 1665; x_wconf 77' lang='lat' dir='ltr'>praedicatione,</span> <span class='ocrx_word' id='word_1_295' title='bbox 636 1641 685 1665; x_wconf 90' lang='lat' dir='ltr'>qua</span> <span class='ocrx_word' id='word_1_296' title='bbox 704 1633 864 1658; x_wconf 88' lang='lat' dir='ltr'>distribuitur</span> <span class='ocrx_word' id='word_1_297' title='bbox 882 1633 907 1657; x_wconf 90' lang='lat' dir='ltr'>et</span> <span class='ocrx_word' id='word_1_298' title='bbox 925 1633 1000 1664; x_wconf 81' lang='lat' dir='ltr'>expli-</span> 
     </span>
     <span class='ocr_line' id='line_1_51' title="bbox 152 1676 858 1709; baseline -0.004 -6"><span class='ocrx_word' id='word_1_299' title='bbox 152 1678 224 1703; x_wconf 84' lang='lat' dir='ltr'>catur</span> <span class='ocrx_word' id='word_1_300' title='bbox 236 1688 248 1700; x_wconf 82' lang='grc'>»</span> <span class='ocrx_word' id='word_1_301' title='bbox 272 1677 377 1709; x_wconf 88' lang='lat' dir='ltr'>(scilicet</span> <span class='ocrx_word' id='word_1_302' title='bbox 396 1684 441 1708; x_wconf 91' lang='lat' dir='ltr'>pro</span> <span class='ocrx_word' id='word_1_303' title='bbox 460 1677 599 1708; x_wconf 82' lang='lat' dir='ltr'>capacitate</span> <span class='ocrx_word' id='word_1_304' title='bbox 618 1677 770 1701; x_wconf 90' lang='lat' dir='ltr'>audientium</span> <span class='ocrx_word' id='word_1_305' title='bbox 791 1676 858 1707; x_wconf 89' lang='lat' dir='ltr'>etc.).</span> 
     </span>
    </p>

    <p class='ocr_par' dir='ltr' id='par_1_12' title="bbox 153 1716 1005 2176">
     <span class='ocr_line' id='line_1_52' title="bbox 224 1716 1005 1751; baseline -0.004 -5"><span class='ocrx_word' id='word_1_306' title='bbox 224 1721 293 1751; x_wconf 73' lang='lat' dir='ltr'>Quod</span> <span class='ocrx_word' id='word_1_307' title='bbox 311 1721 334 1746; x_wconf 81' lang='lat' dir='ltr'>S.</span> <span class='ocrx_word' id='word_1_308' title='bbox 355 1720 532 1746; x_wconf 85' lang='lat' dir='ltr'>Bonaventura</span> <span class='ocrx_word' id='word_1_309' title='bbox 553 1720 593 1745; x_wconf 89' lang='grc'><strong>1115</strong></span> <span class='ocrx_word' id='word_1_310' title='bbox 611 1720 694 1745; x_wconf 88' lang='lat' dir='ltr'>verbis</span> <span class='ocrx_word' id='word_1_311' title='bbox 713 1720 796 1744; x_wconf 89' lang='lat' dir='ltr'>docuit</span> <span class='ocrx_word' id='word_1_312' title='bbox 820 1726 864 1744; x_wconf 89' lang='lat' dir='ltr'>suo</span> <span class='ocrx_word' id='word_1_313' title='bbox 890 1716 1005 1750; x_wconf 69' lang='lat' dir='ltr'>exemplo*</span> 
     </span>
     <span class='ocr_line' id='line_1_53' title="bbox 153 1762 1002 1795; baseline -0.002 -7"><span class='ocrx_word' id='word_1_314' title='bbox 153 1763 318 1793; x_wconf 89' lang='lat' dir='ltr'>confirmavit,</span> <span class='ocrx_word' id='word_1_315' title='bbox 336 1764 394 1795; x_wconf 88' lang='lat' dir='ltr'>quia</span> <span class='ocrx_word' id='word_1_316' title='bbox 411 1764 490 1795; x_wconf 88' lang='lat' dir='ltr'>ipsius</span> <span class='ocrx_word' id='word_1_317' title='bbox 509 1770 634 1788; x_wconf 85' lang='lat' dir='ltr'>sermones</span> <span class='ocrx_word' id='word_1_318' title='bbox 648 1763 715 1794; x_wconf 90' lang='lat' dir='ltr'>pleni</span> <span class='ocrx_word' id='word_1_319' title='bbox 734 1762 794 1787; x_wconf 88' lang='lat' dir='ltr'>sunt</span> <span class='ocrx_word' id='word_1_320' title='bbox 812 1762 895 1787; x_wconf 89' lang='lat' dir='ltr'>verbis</span> <span class='ocrx_word' id='word_1_321' title='bbox 913 1762 938 1786; x_wconf 90' lang='lat' dir='ltr'>et</span> <span class='ocrx_word' id='word_1_322' title='bbox 951 1762 1002 1793; x_wconf 92' lang='lat' dir='ltr'>spi-</span> 
     </span>
     <span class='ocr_line' id='line_1_54' title="bbox 154 1805 1001 1838; baseline -0.002 -7"><span class='ocrx_word' id='word_1_323' title='bbox 154 1807 205 1831; x_wconf 92' lang='lat' dir='ltr'>ritu</span> <span class='ocrx_word' id='word_1_324' title='bbox 224 1814 308 1831; x_wconf 88' lang='lat' dir='ltr'>sacrae</span> <span class='ocrx_word' id='word_1_325' title='bbox 330 1807 481 1837; x_wconf 88' lang='lat' dir='ltr'>Scripturae.</span> <span class='ocrx_word' id='word_1_326' title='bbox 500 1806 554 1838; x_wconf 87' lang='lat' dir='ltr'>Ipsi</span> <span class='ocrx_word' id='word_1_327' title='bbox 571 1806 708 1831; x_wconf 88' lang='lat' dir='ltr'>laudantur</span> <span class='ocrx_word' id='word_1_328' title='bbox 727 1807 802 1830; x_wconf 89' lang='lat' dir='ltr'>etiam</span> <span class='ocrx_word' id='word_1_329' title='bbox 821 1813 835 1830; x_wconf 93' lang='lat' dir='ltr'>a</span> <span class='ocrx_word' id='word_1_330' title='bbox 854 1805 1001 1837; x_wconf 89' lang='lat' dir='ltr'>quibusdam</span> 
     </span>
     <span class='ocr_line' id='line_1_55' title="bbox 155 1848 1001 1881; baseline -0.004 -6"><span class='ocrx_word' id='word_1_331' title='bbox 155 1850 344 1879; x_wconf 68' lang='lat' dir='ltr'>recentioribus,</span> <span class='ocrx_word' id='word_1_332' title='bbox 364 1857 385 1874; x_wconf 91' lang='lat' dir='ltr'>e.</span> <span class='ocrx_word' id='word_1_333' title='bbox 404 1857 428 1881; x_wconf 82' lang='lat' dir='ltr'>g.</span> <span class='ocrx_word' id='word_1_334' title='bbox 448 1858 463 1874; x_wconf 92' lang='lat' dir='ltr'>a</span> <span class='ocrx_word' id='word_1_335' title='bbox 481 1850 560 1881; x_wconf 83' lang='lat' dir='ltr'>Lecoy</span> <span class='ocrx_word' id='word_1_336' title='bbox 573 1848 590 1878; x_wconf 80' lang='lat'>⁵,</span> <span class='ocrx_word' id='word_1_337' title='bbox 609 1850 651 1881; x_wconf 87' lang='lat' dir='ltr'>qui</span> <span class='ocrx_word' id='word_1_338' title='bbox 670 1849 847 1880; x_wconf 83' lang='lat' dir='ltr'>particularem</span> <span class='ocrx_word' id='word_1_339' title='bbox 860 1848 1001 1873; x_wconf 87' lang='lat' dir='ltr'>unctionem</span> 
     </span>
     <span class='ocr_line' id='line_1_56' title="bbox 155 1890 1002 1924; baseline -0.002 -6"><span class='ocrx_word' id='word_1_340' title='bbox 155 1893 277 1924; x_wconf 87' lang='lat' dir='ltr'>seraphici</span> <span class='ocrx_word' id='word_1_341' title='bbox 302 1893 409 1918; x_wconf 83' lang='lat' dir='ltr'>doctoris</span> <span class='ocrx_word' id='word_1_342' title='bbox 434 1893 588 1918; x_wconf 88' lang='lat' dir='ltr'>sermonibus</span> <span class='ocrx_word' id='word_1_343' title='bbox 612 1893 691 1917; x_wconf 86' lang='lat' dir='ltr'>inesse</span> <span class='ocrx_word' id='word_1_344' title='bbox 717 1892 786 1922; x_wconf 67' lang='lat' dir='ltr'>vult,</span> <span class='ocrx_word' id='word_1_345' title='bbox 812 1892 837 1917; x_wconf 90' lang='lat' dir='ltr'>et</span> <span class='ocrx_word' id='word_1_346' title='bbox 861 1890 1002 1916; x_wconf 66' lang='grc' dir='ltr'>Ηο11κο011Β</span> 
     </span>
     <span class='ocr_line' id='line_1_57' title="bbox 155 1934 1003 1967; baseline -0.002 -6"><span class='ocrx_word' id='word_1_347' title='bbox 155 1937 253 1966; x_wconf 77' lang='lat' dir='ltr'>asserit,</span> <span class='ocrx_word' id='word_1_348' title='bbox 273 1936 372 1961; x_wconf 86' lang='lat' dir='ltr'>doctum</span> <span class='ocrx_word' id='word_1_349' title='bbox 390 1936 457 1961; x_wconf 86' lang='lat' dir='ltr'>hunc</span> <span class='ocrx_word' id='word_1_350' title='bbox 476 1936 671 1967; x_wconf 87' lang='lat' dir='ltr'>praedicatorem</span> <span class='ocrx_word' id='word_1_351' title='bbox 684 1936 792 1960; x_wconf 90' lang='lat' dir='ltr'>noluisse</span> <span class='ocrx_word' id='word_1_352' title='bbox 806 1942 831 1960; x_wconf 88' lang='lat' dir='ltr'>se</span> <span class='ocrx_word' id='word_1_353' title='bbox 850 1934 1003 1960; x_wconf 90' lang='lat' dir='ltr'>conformare</span> 
     </span>
     <span class='ocr_line' id='line_1_58' title="bbox 157 1978 1004 2012; baseline -0.002 -8"><span class='ocrx_word' id='word_1_354' title='bbox 157 1979 228 2012; x_wconf 89' lang='lat' dir='ltr'>(levi)</span> <span class='ocrx_word' id='word_1_355' title='bbox 249 1980 286 2004; x_wconf 91' lang='lat' dir='ltr'>sui</span> <span class='ocrx_word' id='word_1_356' title='bbox 305 1980 359 2003; x_wconf 89' lang='lat' dir='ltr'>aevi</span> <span class='ocrx_word' id='word_1_357' title='bbox 378 1979 563 2008; x_wconf 87' lang='lat' dir='ltr'>consuetudini;</span> <span class='ocrx_word' id='word_1_358' title='bbox 583 1986 637 2003; x_wconf 90' lang='lat' dir='ltr'>eum</span> <span class='ocrx_word' id='word_1_359' title='bbox 658 1978 774 2003; x_wconf 81' lang='lat' dir='ltr'>excellere</span> <span class='ocrx_word' id='word_1_360' title='bbox 803 1978 921 2003; x_wconf 86' lang='lat' dir='ltr'>continua</span> <span class='ocrx_word' id='word_1_361' title='bbox 945 1985 1004 2009; x_wconf 82' lang='lat' dir='ltr'>gra-</span> 
     </span>
     <span class='ocr_line' id='line_1_59' title="bbox 156 2021 1005 2053; baseline -0.002 -6"><span class='ocrx_word' id='word_1_362' title='bbox 156 2022 249 2052; x_wconf 89' lang='lat' dir='ltr'>vitate,</span> <span class='ocrx_word' id='word_1_363' title='bbox 268 2022 352 2047; x_wconf 89' lang='lat' dir='ltr'>tamen</span> <span class='ocrx_word' id='word_1_364' title='bbox 371 2022 498 2053; x_wconf 87' lang='lat' dir='ltr'>aspectum</span> <span class='ocrx_word' id='word_1_365' title='bbox 519 2023 570 2046; x_wconf 90' lang='lat' dir='ltr'>eius</span> <span class='ocrx_word' id='word_1_366' title='bbox 590 2022 688 2046; x_wconf 85' lang='lat' dir='ltr'>minime</span> <span class='ocrx_word' id='word_1_367' title='bbox 701 2029 754 2046; x_wconf 89' lang='lat' dir='ltr'>esse</span> <span class='ocrx_word' id='word_1_368' title='bbox 773 2021 876 2050; x_wconf 86' lang='lat' dir='ltr'>durum,</span> <span class='ocrx_word' id='word_1_369' title='bbox 895 2021 937 2045; x_wconf 90' lang='lat' dir='ltr'>sed</span> <span class='ocrx_word' id='word_1_370' title='bbox 951 2028 1005 2045; x_wconf 93' lang='lat' dir='ltr'>sua-</span> 
     </span>
     <span class='ocr_line' id='line_1_60' title="bbox 156 2064 1004 2096; baseline -0.002 -6"><span class='ocrx_word' id='word_1_371' title='bbox 156 2073 225 2095; x_wconf 84' lang='lat' dir='ltr'>vem;</span> <span class='ocrx_word' id='word_1_372' title='bbox 245 2065 302 2090; x_wconf 89' lang='lat' dir='ltr'>licet</span> <span class='ocrx_word' id='word_1_373' title='bbox 320 2065 395 2096; x_wconf 82' lang='lat' dir='ltr'>longo</span> <span class='ocrx_word' id='word_1_374' title='bbox 414 2065 524 2096; x_wconf 88' lang='lat' dir='ltr'>tempore</span> <span class='ocrx_word' id='word_1_375' title='bbox 543 2064 633 2089; x_wconf 82' lang='lat' dir='ltr'>vixerit</span> <span class='ocrx_word' id='word_1_376' title='bbox 648 2064 714 2089; x_wconf 89' lang='lat' dir='ltr'>inter</span> <span class='ocrx_word' id='word_1_377' title='bbox 733 2064 901 2095; x_wconf 79' lang='lat' dir='ltr'>philosophos,</span> <span class='ocrx_word' id='word_1_378' title='bbox 921 2071 1004 2088; x_wconf 88' lang='lat' dir='ltr'>vocem</span> 
     </span>
     <span class='ocr_line' id='line_1_61' title="bbox 157 2106 1005 2139; baseline -0.002 -6"><span class='ocrx_word' id='word_1_379' title='bbox 157 2109 209 2133; x_wconf 91' lang='lat' dir='ltr'>eius</span> <span class='ocrx_word' id='word_1_380' title='bbox 228 2116 281 2133; x_wconf 88' lang='lat' dir='ltr'>esse</span> <span class='ocrx_word' id='word_1_381' title='bbox 295 2108 389 2133; x_wconf 90' lang='lat' dir='ltr'>dulcem</span> <span class='ocrx_word' id='word_1_382' title='bbox 409 2108 434 2132; x_wconf 91' lang='lat' dir='ltr'>et</span> <span class='ocrx_word' id='word_1_383' title='bbox 453 2115 502 2133; x_wconf 91' lang='lat' dir='ltr'>non</span> <span class='ocrx_word' id='word_1_384' title='bbox 515 2108 681 2139; x_wconf 84' lang='lat' dir='ltr'>imperiosam,</span> <span class='ocrx_word' id='word_1_385' title='bbox 695 2107 864 2132; x_wconf 84' lang='lat' dir='ltr'>consulentem</span> <span class='ocrx_word' id='word_1_386' title='bbox 884 2107 909 2131; x_wconf 89' lang='lat' dir='ltr'>et</span> <span class='ocrx_word' id='word_1_387' title='bbox 922 2106 1005 2131; x_wconf 82' lang='lat' dir='ltr'>exhor-</span> 
     </span>
     <span class='ocr_line' id='line_1_62' title="bbox 157 2151 319 2176; baseline -0.006 0"><span class='ocrx_word' id='word_1_388' title='bbox 157 2151 254 2176; x_wconf 87' lang='lat' dir='ltr'>tantem</span> <span class='ocrx_word' id='word_1_389' title='bbox 274 2151 319 2176; x_wconf 90' lang='lat' dir='ltr'>etc.</span> 
     </span>
    </p>

    <p class='ocr_par' dir='ltr' id='par_1_13' title="bbox 158 2193 1008 2570">
     <span class='ocr_line' id='line_1_63' title="bbox 228 2193 1006 2226; baseline -0.003 -7"><span class='ocrx_word' id='word_1_390' title='bbox 228 2194 258 2219; x_wconf 89' lang='lat' dir='ltr'>In</span> <span class='ocrx_word' id='word_1_391' title='bbox 278 2202 367 2226; x_wconf 84' lang='lat' dir='ltr'>genere</span> <span class='ocrx_word' id='word_1_392' title='bbox 386 2194 470 2219; x_wconf 89' lang='lat' dir='ltr'>tamen</span> <span class='ocrx_word' id='word_1_393' title='bbox 489 2194 666 2219; x_wconf 88' lang='lat' dir='ltr'>Bonaventura</span> <span class='ocrx_word' id='word_1_394' title='bbox 685 2200 776 2218; x_wconf 86' lang='lat' dir='ltr'>morem</span> <span class='ocrx_word' id='word_1_395' title='bbox 797 2193 909 2224; x_wconf 90' lang='lat' dir='ltr'>sequitur</span> <span class='ocrx_word' id='word_1_396' title='bbox 934 2200 1006 2223; x_wconf 87' lang='lat' dir='ltr'>prae-</span> 
     </span>
     <span class='ocr_line' id='line_1_64' title="bbox 158 2236 1006 2268; baseline -0.001 -7"><span class='ocrx_word' id='word_1_397' title='bbox 158 2237 255 2262; x_wconf 89' lang='lat' dir='ltr'>dicandi</span> <span class='ocrx_word' id='word_1_398' title='bbox 274 2244 332 2262; x_wconf 90' lang='lat' dir='ltr'>suae</span> <span class='ocrx_word' id='word_1_399' title='bbox 345 2237 436 2262; x_wconf 85' lang='lat' dir='ltr'>aetatis</span> <span class='ocrx_word' id='word_1_400' title='bbox 455 2237 480 2262; x_wconf 90' lang='lat' dir='ltr'>et</span> <span class='ocrx_word' id='word_1_401' title='bbox 498 2237 579 2268; x_wconf 89' lang='lat' dir='ltr'>quoad</span> <span class='ocrx_word' id='word_1_402' title='bbox 591 2237 772 2261; x_wconf 87' lang='lat' dir='ltr'>sententiarum</span> <span class='ocrx_word' id='word_1_403' title='bbox 785 2236 946 2261; x_wconf 87' lang='lat' dir='ltr'>elocutionem</span> <span class='ocrx_word' id='word_1_404' title='bbox 959 2236 1006 2261; x_wconf 86' lang='lat' dir='ltr'>for-</span> 
     </span>
     <span class='ocr_line' id='line_1_65' title="bbox 158 2280 1007 2311; baseline -0.001 -6"><span class='ocrx_word' id='word_1_405' title='bbox 158 2288 224 2305; x_wconf 88' lang='lat' dir='ltr'>mam</span> <span class='ocrx_word' id='word_1_406' title='bbox 244 2281 343 2311; x_wconf 90' lang='lat' dir='ltr'>proprie</span> <span class='ocrx_word' id='word_1_407' title='bbox 362 2280 510 2305; x_wconf 86' lang='lat' dir='ltr'>rhetoricam</span> <span class='ocrx_word' id='word_1_408' title='bbox 531 2288 619 2311; x_wconf 82' lang='lat' dir='ltr'>parum</span> <span class='ocrx_word' id='word_1_409' title='bbox 638 2281 718 2305; x_wconf 88' lang='lat' dir='ltr'>curat.</span> <span class='ocrx_word' id='word_1_410' title='bbox 747 2280 839 2304; x_wconf 90' lang='lat' dir='ltr'>Tamen</span> <span class='ocrx_word' id='word_1_411' title='bbox 857 2280 918 2304; x_wconf 91' lang='lat' dir='ltr'>bene</span> <span class='ocrx_word' id='word_1_412' title='bbox 937 2280 1007 2304; x_wconf 91' lang='lat' dir='ltr'>novit</span> 
     </span>
     <span class='ocr_line' id='line_1_66' title="bbox 159 2323 1007 2355; baseline -0.001 -7"><span class='ocrx_word' id='word_1_413' title='bbox 159 2323 234 2348; x_wconf 89' lang='lat' dir='ltr'>huius</span> <span class='ocrx_word' id='word_1_414' title='bbox 254 2324 370 2348; x_wconf 87' lang='lat' dir='ltr'>scientiae</span> <span class='ocrx_word' id='word_1_415' title='bbox 389 2324 530 2355; x_wconf 89' lang='lat' dir='ltr'>praecepta,</span> <span class='ocrx_word' id='word_1_416' title='bbox 556 2324 584 2348; x_wconf 88' lang='lat' dir='ltr'>de</span> <span class='ocrx_word' id='word_1_417' title='bbox 610 2331 659 2355; x_wconf 88' lang='lat' dir='ltr'>qua</span> <span class='ocrx_word' id='word_1_418' title='bbox 683 2323 794 2355; x_wconf 85' lang='lat' dir='ltr'>loquitur</span> <span class='ocrx_word' id='word_1_419' title='bbox 818 2324 843 2348; x_wconf 93' lang='lat' dir='ltr'>in</span> <span class='ocrx_word' id='word_1_420' title='bbox 870 2323 1007 2348; x_wconf 87' lang='lat' dir='ltr'>Collatione</span> 
     </span>
     <span class='ocr_line' id='line_1_67' title="bbox 160 2366 1007 2398; baseline -0.001 -7"><span class='ocrx_word' id='word_1_421' title='bbox 160 2368 251 2398; x_wconf 86' lang='lat' dir='ltr'>quarta</span> <span class='ocrx_word' id='word_1_422' title='bbox 270 2367 294 2391; x_wconf 92' lang='lat' dir='ltr'>in</span> <span class='ocrx_word' id='word_1_423' title='bbox 314 2367 432 2391; x_wconf 79' lang='lat' dir='ltr'>Hexaem.</span> <span class='ocrx_word' id='word_1_424' title='bbox 451 2374 476 2391; x_wconf 90' lang='lat' dir='ltr'>n.</span> <span class='ocrx_word' id='word_1_425' title='bbox 496 2366 586 2397; x_wconf 82' lang='lat'>21-25,</span> <span class='ocrx_word' id='word_1_426' title='bbox 607 2367 631 2391; x_wconf 89' lang='lat' dir='ltr'>et</span> <span class='ocrx_word' id='word_1_427' title='bbox 650 2367 686 2391; x_wconf 87' lang='lat' dir='ltr'>ita</span> <span class='ocrx_word' id='word_1_428' title='bbox 704 2366 841 2391; x_wconf 84' lang='lat' dir='ltr'>concludit:</span> <span class='ocrx_word' id='word_1_429' title='bbox 872 2376 884 2388; x_wconf 90' lang='lat'>«</span> <span class='ocrx_word' id='word_1_430' title='bbox 897 2366 936 2390; x_wconf 90' lang='lat' dir='ltr'>Ad</span> <span class='ocrx_word' id='word_1_431' title='bbox 961 2366 1007 2391; x_wconf 89' lang='grc'><strong>1100</strong></span> 
     </span>
     <span class='ocr_line' id='line_1_68' title="bbox 161 2409 1007 2441; baseline -0.002 -6"><span class='ocrx_word' id='word_1_432' title='bbox 161 2410 253 2439; x_wconf 88' lang='lat' dir='ltr'>autem,</span> <span class='ocrx_word' id='word_1_433' title='bbox 272 2410 336 2441; x_wconf 89' lang='lat' dir='ltr'>quod</span> <span class='ocrx_word' id='word_1_434' title='bbox 356 2410 389 2434; x_wconf 87' lang='lat' dir='ltr'>sit</span> <span class='ocrx_word' id='word_1_435' title='bbox 402 2410 490 2441; x_wconf 87' lang='lat' dir='ltr'>potens</span> <span class='ocrx_word' id='word_1_436' title='bbox 503 2410 595 2438; x_wconf 87' lang='lat' dir='ltr'>orator,</span> <span class='ocrx_word' id='word_1_437' title='bbox 609 2417 707 2434; x_wconf 83' lang='lat' dir='ltr'>necesse</span> <span class='ocrx_word' id='word_1_438' title='bbox 726 2409 771 2439; x_wconf 85' lang='lat' dir='ltr'>est,</span> <span class='ocrx_word' id='word_1_439' title='bbox 785 2410 814 2434; x_wconf 91' lang='lat' dir='ltr'>ut</span> <span class='ocrx_word' id='word_1_440' title='bbox 832 2409 923 2434; x_wconf 89' lang='lat' dir='ltr'>habeat</span> <span class='ocrx_word' id='word_1_441' title='bbox 936 2416 1007 2434; x_wconf 73' lang='lat' dir='ltr'>exor-</span> 
     </span>
     <span class='ocr_line' id='line_1_69' title="bbox 162 2453 1007 2484; baseline -0.002 -6"><span class='ocrx_word' id='word_1_442' title='bbox 162 2453 234 2478; x_wconf 75' lang='lat' dir='ltr'>dium</span> <span class='ocrx_word' id='word_1_443' title='bbox 247 2453 278 2478; x_wconf 92' lang='lat' dir='ltr'>ad</span> <span class='ocrx_word' id='word_1_444' title='bbox 291 2453 439 2484; x_wconf 87' lang='lat' dir='ltr'>captandam</span> <span class='ocrx_word' id='word_1_445' title='bbox 454 2453 649 2478; x_wconf 83' lang='lat' dir='ltr'>benevolentiam</span> <span class='ocrx_word' id='word_1_446' title='bbox 664 2460 713 2478; x_wconf 92' lang='lat' dir='ltr'>non</span> <span class='ocrx_word' id='word_1_447' title='bbox 726 2453 799 2477; x_wconf 91' lang='lat' dir='ltr'>nimis</span> <span class='ocrx_word' id='word_1_448' title='bbox 813 2453 944 2484; x_wconf 84' lang='lat' dir='ltr'>prolixum,</span> <span class='ocrx_word' id='word_1_449' title='bbox 958 2460 1007 2478; x_wconf 91' lang='lat' dir='ltr'>non</span> 
     </span>
     <span class='ocr_line' id='line_1_70' title="bbox 162 2495 1008 2527; baseline -0.002 -6"><span class='ocrx_word' id='word_1_450' title='bbox 162 2496 302 2525; x_wconf 87' lang='lat' dir='ltr'>obscurum,</span> <span class='ocrx_word' id='word_1_451' title='bbox 321 2503 370 2521; x_wconf 86' lang='lat' dir='ltr'>non</span> <span class='ocrx_word' id='word_1_452' title='bbox 389 2496 552 2527; x_wconf 71' lang='lat' dir='ltr'>exquisitum3</span> <span class='ocrx_word' id='word_1_453' title='bbox 572 2496 637 2526; x_wconf 84' lang='lat' dir='ltr'>quod</span> <span class='ocrx_word' id='word_1_454' title='bbox 655 2495 747 2520; x_wconf 88' lang='lat' dir='ltr'>habeat</span> <span class='ocrx_word' id='word_1_455' title='bbox 773 2496 959 2524; x_wconf 76' lang='lat' dir='ltr'>narrationem,</span> <span class='ocrx_word' id='word_1_456' title='bbox 978 2495 1008 2520; x_wconf 90' lang='lat' dir='ltr'>ut</span> 
     </span>
     <span class='ocr_line' id='line_1_71' title="bbox 162 2538 1008 2570; baseline -0.004 -6"><span class='ocrx_word' id='word_1_457' title='bbox 162 2539 255 2564; x_wconf 85' lang='lat' dir='ltr'>factum</span> <span class='ocrx_word' id='word_1_458' title='bbox 274 2539 374 2568; x_wconf 78' lang='lat' dir='ltr'>narret3</span> <span class='ocrx_word' id='word_1_459' title='bbox 395 2539 481 2570; x_wconf 87' lang='lat' dir='ltr'>postea</span> <span class='ocrx_word' id='word_1_460' title='bbox 500 2538 529 2563; x_wconf 89' lang='lat' dir='ltr'>ut</span> <span class='ocrx_word' id='word_1_461' title='bbox 547 2538 673 2570; x_wconf 82' lang='lat' dir='ltr'>negotium</span> <span class='ocrx_word' id='word_1_462' title='bbox 692 2538 851 2570; x_wconf 74' lang='lat' dir='ltr'>distinyz-tat,·</span> <span class='ocrx_word' id='word_1_463' title='bbox 869 2538 894 2562; x_wconf 89' lang='lat' dir='ltr'>et</span> <span class='ocrx_word' id='word_1_464' title='bbox 921 2538 1008 2563; x_wconf 85' lang='lat' dir='ltr'>caveat</span> 
     </span>
    </p>
   </div>
   <div class='ocr_carea' id='block_1_11' title="bbox 1045 214 1890 332">
    <p class='ocr_par' dir='ltr' id='par_1_14' title="bbox 1045 214 1890 332">
     <span class='ocr_line' id='line_1_72' title="bbox 1045 214 1888 249; baseline 0.006 -11"><span class='ocrx_word' id='word_1_465' title='bbox 1045 214 1230 240; x_wconf 86' lang='lat' dir='ltr'>multitudinem</span> <span class='ocrx_word' id='word_1_466' title='bbox 1250 215 1368 246; x_wconf 87' lang='lat' dir='ltr'>partium.</span> <span class='ocrx_word' id='word_1_467' title='bbox 1387 215 1477 240; x_wconf 85' lang='lat' dir='ltr'>Postea</span> <span class='ocrx_word' id='word_1_468' title='bbox 1496 217 1592 247; x_wconf 87' lang='lat' dir='ltr'>partem</span> <span class='ocrx_word' id='word_1_469' title='bbox 1612 224 1682 241; x_wconf 86' lang='lat' dir='ltr'>suam</span> <span class='ocrx_word' id='word_1_470' title='bbox 1701 218 1832 248; x_wconf 69' lang='lat' dir='ltr'>confirmet</span> <span class='ocrx_word' id='word_1_471' title='bbox 1844 226 1888 249; x_wconf 88' lang='lat' dir='ltr'>per</span> 
     </span>
     <span class='ocr_line' id='line_1_73' title="bbox 1045 257 1889 288; baseline 0.006 -7"><span class='ocrx_word' id='word_1_472' title='bbox 1045 257 1163 286; x_wconf 89' lang='lat' dir='ltr'>rationes,</span> <span class='ocrx_word' id='word_1_473' title='bbox 1177 257 1263 288; x_wconf 88' lang='lat' dir='ltr'>postea</span> <span class='ocrx_word' id='word_1_474' title='bbox 1276 258 1445 282; x_wconf 87' lang='lat' dir='ltr'>adversarium</span> <span class='ocrx_word' id='word_1_475' title='bbox 1459 258 1571 288; x_wconf 76' lang='lat' dir='ltr'>confutet</span> <span class='ocrx_word' id='word_1_476' title='bbox 1583 259 1608 283; x_wconf 90' lang='lat' dir='ltr'>et</span> <span class='ocrx_word' id='word_1_477' title='bbox 1620 259 1729 284; x_wconf 87' lang='lat' dir='ltr'>rationes</span> <span class='ocrx_word' id='word_1_478' title='bbox 1741 261 1793 285; x_wconf 89' lang='lat' dir='ltr'>eius</span> <span class='ocrx_word' id='word_1_479' title='bbox 1806 261 1889 286; x_wconf 91' lang='lat' dir='ltr'>osten-</span> 
     </span>
     <span class='ocr_line' id='line_1_74' title="bbox 1045 299 1890 332; baseline 0.006 -9"><span class='ocrx_word' id='word_1_480' title='bbox 1045 299 1089 324; x_wconf 88' lang='lat' dir='ltr'>dat</span> <span class='ocrx_word' id='word_1_481' title='bbox 1108 300 1224 329; x_wconf 84' lang='lat' dir='ltr'>frivolas,</span> <span class='ocrx_word' id='word_1_482' title='bbox 1244 300 1330 331; x_wconf 87' lang='lat' dir='ltr'>postea</span> <span class='ocrx_word' id='word_1_483' title='bbox 1348 300 1491 326; x_wconf 75' lang='lat' dir='ltr'>concludat.</span> <span class='ocrx_word' id='word_1_484' title='bbox 1511 301 1583 331; x_wconf 86' lang='lat' dir='ltr'>Item,</span> <span class='ocrx_word' id='word_1_485' title='bbox 1603 309 1701 327; x_wconf 89' lang='lat' dir='ltr'>necesse</span> <span class='ocrx_word' id='word_1_486' title='bbox 1729 302 1775 332; x_wconf 87' lang='lat' dir='ltr'>est,</span> <span class='ocrx_word' id='word_1_487' title='bbox 1795 303 1824 327; x_wconf 92' lang='lat' dir='ltr'>ut</span> <span class='ocrx_word' id='word_1_488' title='bbox 1847 303 1890 328; x_wconf 90' lang='lat' dir='ltr'>ha-</span> 
     </span>
    </p>
   </div>
   <div class='ocr_carea' id='block_1_12' title="bbox 1046 342 1888 416">
    <p class='ocr_par' dir='ltr' id='par_1_15' title="bbox 1046 342 1888 416">
     <span class='ocr_line' id='line_1_75' title="bbox 1046 342 1888 376; baseline 0.005 -10"><span class='ocrx_word' id='word_1_489' title='bbox 1046 342 1103 366; x_wconf 83' lang='lat' dir='ltr'>beat</span> <span class='ocrx_word' id='word_1_490' title='bbox 1122 343 1300 373; x_wconf 73' lang='lat' dir='ltr'>inventionem,</span> <span class='ocrx_word' id='word_1_491' title='bbox 1319 343 1519 375; x_wconf 66' lang='lat' dir='ltr'>dispositionem,</span> <span class='ocrx_word' id='word_1_492' title='bbox 1545 344 1717 376; x_wconf 76' lang='lat' dir='ltr'>elocutionem,</span> <span class='ocrx_word' id='word_1_493' title='bbox 1739 346 1888 370; x_wconf 78' lang='lat' dir='ltr'>memoriam</span> 
     </span>
     <span class='ocr_line' id='line_1_76' title="bbox 1046 385 1365 416; baseline 0.006 -8"><span class='ocrx_word' id='word_1_494' title='bbox 1046 385 1071 409; x_wconf 89' lang='lat' dir='ltr'>et</span> <span class='ocrx_word' id='word_1_495' title='bbox 1086 385 1327 416; x_wconf 73' lang='lat' dir='ltr'>pronuntiationem</span> <span class='ocrx_word' id='word_1_496' title='bbox 1340 395 1365 410; x_wconf 86' lang='grc'><strong>».</strong></span> 
     </span>
    </p>
   </div>
   <div class='ocr_carea' id='block_1_13' title="bbox 1047 428 1896 843">
    <p class='ocr_par' dir='ltr' id='par_1_16' title="bbox 1047 428 1896 843">
     <span class='ocr_line' id='line_1_77' title="bbox 1117 428 1891 459; baseline 0.001 -6"><span class='ocrx_word' id='word_1_497' title='bbox 1117 429 1148 454; x_wconf 89' lang='lat' dir='ltr'>In</span> <span class='ocrx_word' id='word_1_498' title='bbox 1167 428 1290 453; x_wconf 89' lang='lat' dir='ltr'>codicibus</span> <span class='ocrx_word' id='word_1_499' title='bbox 1308 428 1498 453; x_wconf 85' lang='lat' dir='ltr'>Bonaventurae</span> <span class='ocrx_word' id='word_1_500' title='bbox 1517 428 1711 459; x_wconf 85' lang='lat' dir='ltr'>praedicationes</span> <span class='ocrx_word' id='word_1_501' title='bbox 1724 429 1794 454; x_wconf 91' lang='lat' dir='ltr'>modo</span> <span class='ocrx_word' id='word_1_502' title='bbox 1813 429 1891 454; x_wconf 90' lang='lat' dir='ltr'>nomi-</span> 
     </span>
     <span class='ocr_line' id='line_1_78' title="bbox 1049 471 1891 502; baseline 0 -5"><span class='ocrx_word' id='word_1_503' title='bbox 1049 472 1144 497; x_wconf 86' lang='lat' dir='ltr'>nantur</span> <span class='ocrx_word' id='word_1_504' title='bbox 1162 478 1297 502; x_wconf 73' lang='lat' dir='ltr'>sermones,</span> <span class='ocrx_word' id='word_1_505' title='bbox 1317 471 1387 496; x_wconf 89' lang='lat' dir='ltr'>modo</span> <span class='ocrx_word' id='word_1_506' title='bbox 1415 471 1570 496; x_wconf 78' lang='lat' dir='ltr'>collationes.</span> <span class='ocrx_word' id='word_1_507' title='bbox 1589 471 1632 496; x_wconf 87' lang='lat' dir='ltr'>Illi</span> <span class='ocrx_word' id='word_1_508' title='bbox 1656 471 1812 497; x_wconf 88' lang='lat' dir='ltr'>habebantur</span> <span class='ocrx_word' id='word_1_509' title='bbox 1841 473 1891 497; x_wconf 72' lang='lat' dir='ltr'>«in</span> 
     </span>
     <span class='ocr_line' id='line_1_79' title="bbox 1047 514 1891 546; baseline -0.001 -6"><span class='ocrx_word' id='word_1_510' title='bbox 1047 522 1143 540; x_wconf 81' lang='lat' dir='ltr'>mane»</span> <span class='ocrx_word' id='word_1_511' title='bbox 1167 515 1196 538; x_wconf 89' lang='lat' dir='ltr'>ut</span> <span class='ocrx_word' id='word_1_512' title='bbox 1221 521 1280 545; x_wconf 89' lang='lat' dir='ltr'>pars</span> <span class='ocrx_word' id='word_1_513' title='bbox 1305 514 1377 539; x_wconf 85' lang='lat' dir='ltr'>officii</span> <span class='ocrx_word' id='word_1_514' title='bbox 1401 514 1567 544; x_wconf 83' lang='lat' dir='ltr'>ecclesiastici,</span> <span class='ocrx_word' id='word_1_515' title='bbox 1592 514 1654 539; x_wconf 90' lang='lat' dir='ltr'>istae</span> <span class='ocrx_word' id='word_1_516' title='bbox 1679 516 1736 546; x_wconf 88' lang='lat' dir='ltr'>post</span> <span class='ocrx_word' id='word_1_517' title='bbox 1760 515 1891 546; x_wconf 86' lang='lat' dir='ltr'>prandium</span> 
     </span>
     <span class='ocr_line' id='line_1_80' title="bbox 1047 557 1892 589; baseline 0 -7"><span class='ocrx_word' id='word_1_518' title='bbox 1047 558 1087 582; x_wconf 86' lang='lat' dir='ltr'>vel</span> <span class='ocrx_word' id='word_1_519' title='bbox 1106 558 1180 582; x_wconf 89' lang='lat' dir='ltr'>etiam</span> <span class='ocrx_word' id='word_1_520' title='bbox 1200 564 1310 588; x_wconf 88' lang='lat' dir='ltr'>vespere,</span> <span class='ocrx_word' id='word_1_521' title='bbox 1330 557 1355 581; x_wconf 93' lang='lat' dir='ltr'>et</span> <span class='ocrx_word' id='word_1_522' title='bbox 1374 564 1446 588; x_wconf 91' lang='lat' dir='ltr'>saepe</span> <span class='ocrx_word' id='word_1_523' title='bbox 1465 557 1535 582; x_wconf 85' lang='lat' dir='ltr'>modo</span> <span class='ocrx_word' id='word_1_524' title='bbox 1555 558 1634 589; x_wconf 87' lang='lat' dir='ltr'>magis</span> <span class='ocrx_word' id='word_1_525' title='bbox 1652 557 1777 582; x_wconf 82' lang='lat' dir='ltr'>familiari.</span> <span class='ocrx_word' id='word_1_526' title='bbox 1801 557 1892 582; x_wconf 86' lang='lat' dir='ltr'>Echar-</span> 
     </span>
     <span class='ocr_line' id='line_1_81' title="bbox 1047 599 1893 629; baseline 0 -4"><span class='ocrx_word' id='word_1_527' title='bbox 1047 601 1094 625; x_wconf 87' lang='lat' dir='ltr'>dus</span> <span class='ocrx_word' id='word_1_528' title='bbox 1108 599 1116 613; x_wconf 94' lang='lat'><strong>⁷</strong></span> <span class='ocrx_word' id='word_1_529' title='bbox 1135 600 1221 629; x_wconf 89' lang='lat' dir='ltr'>tradit,</span> <span class='ocrx_word' id='word_1_530' title='bbox 1242 600 1271 624; x_wconf 88' lang='lat' dir='ltr'>B.</span> <span class='ocrx_word' id='word_1_531' title='bbox 1290 600 1424 624; x_wconf 83' lang='lat' dir='ltr'>Iordanum</span> <span class='ocrx_word' id='word_1_532' title='bbox 1444 599 1472 626; x_wconf 78' lang='lat' dir='ltr'>O.</span> <span class='ocrx_word' id='word_1_533' title='bbox 1491 600 1533 624; x_wconf 89' lang='lat' dir='ltr'>Pr.</span> <span class='ocrx_word' id='word_1_534' title='bbox 1556 600 1721 625; x_wconf 84' lang='lat' dir='ltr'>introduxisse</span> <span class='ocrx_word' id='word_1_535' title='bbox 1740 601 1893 626; x_wconf 82' lang='lat' dir='ltr'>consuetudi-</span> 
     </span>
     <span class='ocr_line' id='line_1_82' title="bbox 1048 642 1893 674; baseline 0 -6"><span class='ocrx_word' id='word_1_536' title='bbox 1048 651 1113 673; x_wconf 85' lang='lat' dir='ltr'>nem,</span> <span class='ocrx_word' id='word_1_537' title='bbox 1132 644 1161 668; x_wconf 89' lang='lat' dir='ltr'>ut</span> <span class='ocrx_word' id='word_1_538' title='bbox 1179 642 1329 674; x_wconf 89' lang='lat' dir='ltr'>vespertinis</span> <span class='ocrx_word' id='word_1_539' title='bbox 1348 642 1416 667; x_wconf 90' lang='lat' dir='ltr'>horis</span> <span class='ocrx_word' id='word_1_540' title='bbox 1436 650 1480 674; x_wconf 90' lang='lat' dir='ltr'>pro</span> <span class='ocrx_word' id='word_1_541' title='bbox 1493 643 1651 668; x_wconf 87' lang='lat' dir='ltr'>studentibus</span> <span class='ocrx_word' id='word_1_542' title='bbox 1663 643 1752 668; x_wconf 87' lang='lat' dir='ltr'>fierent</span> <span class='ocrx_word' id='word_1_543' title='bbox 1770 644 1832 668; x_wconf 87' lang='lat' dir='ltr'>istae</span> <span class='ocrx_word' id='word_1_544' title='bbox 1845 643 1893 668; x_wconf 82' lang='lat' dir='ltr'>eol-</span> 
     </span>
     <span class='ocr_line' id='line_1_83' title="bbox 1049 685 1894 717; baseline 0 -6"><span class='ocrx_word' id='word_1_545' title='bbox 1049 686 1158 711; x_wconf 77' lang='lat' dir='ltr'>Zationes</span> <span class='ocrx_word' id='word_1_546' title='bbox 1177 686 1262 710; x_wconf 93' lang='lat' dir='ltr'>diebus</span> <span class='ocrx_word' id='word_1_547' title='bbox 1281 685 1408 710; x_wconf 88' lang='lat' dir='ltr'>dominicis</span> <span class='ocrx_word' id='word_1_548' title='bbox 1427 686 1452 710; x_wconf 89' lang='lat' dir='ltr'>et</span> <span class='ocrx_word' id='word_1_549' title='bbox 1470 685 1555 717; x_wconf 80' lang='lat' dir='ltr'>festis,</span> <span class='ocrx_word' id='word_1_550' title='bbox 1574 694 1604 711; x_wconf 91' lang='lat' dir='ltr'>ne</span> <span class='ocrx_word' id='word_1_551' title='bbox 1620 687 1720 711; x_wconf 85' lang='lat' dir='ltr'>iuvenes</span> <span class='ocrx_word' id='word_1_552' title='bbox 1738 687 1856 711; x_wconf 88' lang='lat' dir='ltr'>vacarent</span> <span class='ocrx_word' id='word_1_553' title='bbox 1869 686 1894 711; x_wconf 91' lang='lat' dir='ltr'>et</span> 
     </span>
     <span class='ocr_line' id='line_1_84' title="bbox 1048 728 1892 761; baseline 0 -7"><span class='ocrx_word' id='word_1_554' title='bbox 1048 729 1202 761; x_wconf 85' lang='lat' dir='ltr'>vagarentur</span> <span class='ocrx_word' id='word_1_555' title='bbox 1221 736 1266 760; x_wconf 90' lang='lat' dir='ltr'>pro</span> <span class='ocrx_word' id='word_1_556' title='bbox 1285 728 1367 753; x_wconf 87' lang='lat' dir='ltr'>libitu.</span> <span class='ocrx_word' id='word_1_557' title='bbox 1386 728 1444 759; x_wconf 87' lang='lat' dir='ltr'>Ipse</span> <span class='ocrx_word' id='word_1_558' title='bbox 1464 728 1540 753; x_wconf 85' lang='lat' dir='ltr'>refert</span> <span class='ocrx_word' id='word_1_559' title='bbox 1559 730 1682 754; x_wconf 89' lang='lat' dir='ltr'>statutum</span> <span class='ocrx_word' id='word_1_560' title='bbox 1707 729 1892 759; x_wconf 86' lang='lat' dir='ltr'>Universitatis,</span> 
     </span>
     <span class='ocr_line' id='line_1_85' title="bbox 1048 771 1895 804; baseline -0.001 -6"><span class='ocrx_word' id='word_1_561' title='bbox 1048 773 1121 804; x_wconf 92' lang='lat' dir='ltr'>quod,</span> <span class='ocrx_word' id='word_1_562' title='bbox 1144 782 1157 794; x_wconf 66' lang='lat'>&lt;1</span> <span class='ocrx_word' id='word_1_563' title='bbox 1169 772 1267 804; x_wconf 87' lang='lat' dir='ltr'>quando</span> <span class='ocrx_word' id='word_1_564' title='bbox 1286 779 1351 796; x_wconf 88' lang='lat' dir='ltr'>unus</span> <span class='ocrx_word' id='word_1_565' title='bbox 1370 771 1489 802; x_wconf 78' lang='lat' dir='ltr'>magister</span> <span class='ocrx_word' id='word_1_566' title='bbox 1502 772 1527 796; x_wconf 90' lang='lat' dir='ltr'>in</span> <span class='ocrx_word' id='word_1_567' title='bbox 1546 772 1678 803; x_wconf 85' lang='lat' dir='ltr'>theologia,</span> <span class='ocrx_word' id='word_1_568' title='bbox 1698 773 1739 803; x_wconf 93' lang='lat' dir='ltr'>qui</span> <span class='ocrx_word' id='word_1_569' title='bbox 1751 772 1789 797; x_wconf 82' lang='lat' dir='ltr'>est</span> <span class='ocrx_word' id='word_1_570' title='bbox 1807 772 1836 797; x_wconf 86' lang='lat' dir='ltr'>de</span> <span class='ocrx_word' id='word_1_571' title='bbox 1848 772 1895 797; x_wconf 93' lang='lat' dir='ltr'>Or-</span> 
     </span>
     <span class='ocr_line' id='line_1_86' title="bbox 1048 814 1896 843; baseline -0.001 -3"><span class='ocrx_word' id='word_1_572' title='bbox 1048 816 1105 840; x_wconf 92' lang='lat' dir='ltr'>dine</span> <span class='ocrx_word' id='word_1_573' title='bbox 1123 814 1326 843; x_wconf 87' lang='lat' dir='ltr'>Mendicantium,</span> <span class='ocrx_word' id='word_1_574' title='bbox 1346 814 1406 838; x_wconf 88' lang='lat' dir='ltr'>facit</span> <span class='ocrx_word' id='word_1_575' title='bbox 1424 821 1564 839; x_wconf 82' lang='lat' dir='ltr'>sermonem</span> <span class='ocrx_word' id='word_1_576' title='bbox 1583 814 1611 838; x_wconf 76' lang='lat' dir='ltr'>de</span> <span class='ocrx_word' id='word_1_577' title='bbox 1629 822 1703 839; x_wconf 78' lang='lat' dir='ltr'>mane</span> <span class='ocrx_word' id='word_1_578' title='bbox 1721 816 1747 839; x_wconf 90' lang='lat' dir='ltr'>in</span> <span class='ocrx_word' id='word_1_579' title='bbox 1772 815 1896 840; x_wconf 90' lang='lat' dir='ltr'>Universi-</span> 
     </span>
    </p>
   </div>
   <div class='ocr_carea' id='block_1_14' title="bbox 1048 857 1894 926">
    <p class='ocr_par' dir='ltr' id='par_1_17' title="bbox 1048 857 1894 926">
     <span class='ocr_line' id='line_1_87' title="bbox 1048 857 1894 888; baseline -0.001 -5"><span class='ocrx_word' id='word_1_580' title='bbox 1048 859 1102 883; x_wconf 88' lang='lat' dir='ltr'>tate</span> <span class='ocrx_word' id='word_1_581' title='bbox 1120 859 1145 883; x_wconf 91' lang='lat' dir='ltr'>in</span> <span class='ocrx_word' id='word_1_582' title='bbox 1165 858 1236 883; x_wconf 91' lang='lat' dir='ltr'>domo</span> <span class='ocrx_word' id='word_1_583' title='bbox 1254 857 1355 883; x_wconf 87' lang='lat' dir='ltr'>Ordinis</span> <span class='ocrx_word' id='word_1_584' title='bbox 1374 857 1426 886; x_wconf 92' lang='lat' dir='ltr'>sui,</span> <span class='ocrx_word' id='word_1_585' title='bbox 1446 857 1498 888; x_wconf 92' lang='lat' dir='ltr'>ipse</span> <span class='ocrx_word' id='word_1_586' title='bbox 1523 857 1622 881; x_wconf 88' lang='lat' dir='ltr'>tenetur</span> <span class='ocrx_word' id='word_1_587' title='bbox 1647 858 1730 882; x_wconf 90' lang='lat' dir='ltr'>eadem</span> <span class='ocrx_word' id='word_1_588' title='bbox 1755 858 1792 882; x_wconf 86' lang='lat' dir='ltr'>die</span> <span class='ocrx_word' id='word_1_589' title='bbox 1815 857 1894 882; x_wconf 87' lang='lat' dir='ltr'>facere</span> 
     </span>
     <span class='ocr_line' id='line_1_88' title="bbox 1049 901 1248 926; baseline -0.005 0"><span class='ocrx_word' id='word_1_590' title='bbox 1049 901 1210 926; x_wconf 75' lang='lat' dir='ltr'>collationem</span> <span class='ocrx_word' id='word_1_591' title='bbox 1223 911 1248 925; x_wconf 85' lang='lat'>».</span> 
     </span>
    </p>
   </div>
   <div class='ocr_carea' id='block_1_15' title="bbox 1062 988 1895 1020">
    <p class='ocr_par' dir='ltr' id='par_1_18' title="bbox 1062 988 1895 1020">
     <span class='ocr_line' id='line_1_89' title="bbox 1062 988 1895 1020; baseline -0.004 -6"><span class='ocrx_word' id='word_1_592' title='bbox 1062 991 1083 1013; x_wconf 76' lang='lat'>4.</span> <span class='ocrx_word' id='word_1_593' title='bbox 1100 989 1209 1014; x_wconf 82' lang='lat' dir='ltr'>Nonnulli</span> <span class='ocrx_word' id='word_1_594' title='bbox 1225 989 1345 1013; x_wconf 76' lang='lat' dir='ltr'>tractatus</span> <span class='ocrx_word' id='word_1_595' title='bbox 1361 989 1453 1020; x_wconf 78' lang='lat' dir='ltr'>antiqui</span> <span class='ocrx_word' id='word_1_596' title='bbox 1470 989 1496 1012; x_wconf 84' lang='lat' dir='ltr'>de</span> <span class='ocrx_word' id='word_1_597' title='bbox 1513 989 1563 1012; x_wconf 70' lang='lat' dir='ltr'>arte</span> <span class='ocrx_word' id='word_1_598' title='bbox 1578 988 1725 1019; x_wconf 81' lang='lat' dir='ltr'>praedicandi</span> <span class='ocrx_word' id='word_1_599' title='bbox 1742 988 1895 1012; x_wconf 81' lang='lat' dir='ltr'>recensentur.</span> 
     </span>
    </p>
   </div>
   <div class='ocr_carea' id='block_1_16' title="bbox 1051 1071 1912 2568">
    <p class='ocr_par' dir='ltr' id='par_1_19' title="bbox 1051 1071 1909 2220">
     <span class='ocr_line' id='line_1_90' title="bbox 1121 1071 1897 1105; baseline -0.004 -6"><span class='ocrx_word' id='word_1_600' title='bbox 1121 1074 1270 1105; x_wconf 85' lang='lat' dir='ltr'>Priusquam</span> <span class='ocrx_word' id='word_1_601' title='bbox 1290 1073 1352 1098; x_wconf 88' lang='lat' dir='ltr'>illud</span> <span class='ocrx_word' id='word_1_602' title='bbox 1372 1073 1401 1098; x_wconf 91' lang='lat' dir='ltr'>de</span> <span class='ocrx_word' id='word_1_603' title='bbox 1419 1073 1473 1097; x_wconf 88' lang='lat' dir='ltr'>arte</span> <span class='ocrx_word' id='word_1_604' title='bbox 1493 1072 1651 1104; x_wconf 88' lang='lat' dir='ltr'>praedicandi</span> <span class='ocrx_word' id='word_1_605' title='bbox 1664 1072 1817 1103; x_wconf 90' lang='lat' dir='ltr'>opusculum,</span> <span class='ocrx_word' id='word_1_606' title='bbox 1832 1071 1897 1102; x_wconf 87' lang='lat' dir='ltr'>quod</span> 
     </span>
     <span class='ocr_line' id='line_1_91' title="bbox 1051 1114 1899 1146; baseline -0.006 -3"><span class='ocrx_word' id='word_1_607' title='bbox 1051 1126 1066 1143; x_wconf 90' lang='lat' dir='ltr'>a</span> <span class='ocrx_word' id='word_1_608' title='bbox 1085 1117 1113 1143; x_wconf 90' lang='lat' dir='ltr'>P.</span> <span class='ocrx_word' id='word_1_609' title='bbox 1133 1117 1230 1143; x_wconf 90' lang='lat' dir='ltr'>Bonelli</span> <span class='ocrx_word' id='word_1_610' title='bbox 1243 1115 1252 1129; x_wconf 80' lang='lat'>¹³</span> <span class='ocrx_word' id='word_1_611' title='bbox 1271 1116 1461 1141; x_wconf 85' lang='lat' dir='ltr'>Bonaventurae</span> <span class='ocrx_word' id='word_1_612' title='bbox 1480 1116 1603 1140; x_wconf 88' lang='lat' dir='ltr'>tributum</span> <span class='ocrx_word' id='word_1_613' title='bbox 1628 1116 1653 1140; x_wconf 86' lang='lat' dir='ltr'>et</span> <span class='ocrx_word' id='word_1_614' title='bbox 1677 1115 1825 1146; x_wconf 89' lang='lat' dir='ltr'>incomplete</span> <span class='ocrx_word' id='word_1_615' title='bbox 1851 1114 1899 1139; x_wconf 89' lang='lat' dir='ltr'>edi-</span> 
     </span>
     <span class='ocr_line' id='line_1_92' title="bbox 1052 1157 1899 1191; baseline -0.005 -5"><span class='ocrx_word' id='word_1_616' title='bbox 1052 1161 1105 1186; x_wconf 87' lang='lat' dir='ltr'>tum</span> <span class='ocrx_word' id='word_1_617' title='bbox 1124 1161 1177 1190; x_wconf 90' lang='lat' dir='ltr'>est,</span> <span class='ocrx_word' id='word_1_618' title='bbox 1197 1161 1276 1185; x_wconf 90' lang='lat' dir='ltr'>denuo</span> <span class='ocrx_word' id='word_1_619' title='bbox 1299 1160 1445 1191; x_wconf 83' lang='lat' dir='ltr'>vulgamus;</span> <span class='ocrx_word' id='word_1_620' title='bbox 1470 1159 1541 1183; x_wconf 89' lang='lat' dir='ltr'>iuvat</span> <span class='ocrx_word' id='word_1_621' title='bbox 1560 1159 1622 1184; x_wconf 90' lang='lat' dir='ltr'>alios</span> <span class='ocrx_word' id='word_1_622' title='bbox 1645 1158 1763 1190; x_wconf 87' lang='lat' dir='ltr'>quosdam</span> <span class='ocrx_word' id='word_1_623' title='bbox 1783 1157 1899 1189; x_wconf 89' lang='lat' dir='ltr'>antiquos</span> 
     </span>
     <span class='ocr_line' id='line_1_93' title="bbox 1052 1201 1900 1230; baseline -0.006 0"><span class='ocrx_word' id='word_1_624' title='bbox 1052 1205 1080 1230; x_wconf 90' lang='lat' dir='ltr'>de</span> <span class='ocrx_word' id='word_1_625' title='bbox 1100 1204 1183 1229; x_wconf 87' lang='lat' dir='ltr'>eadem</span> <span class='ocrx_word' id='word_1_626' title='bbox 1202 1212 1228 1229; x_wconf 90' lang='lat' dir='ltr'>re</span> <span class='ocrx_word' id='word_1_627' title='bbox 1247 1203 1372 1228; x_wconf 89' lang='lat' dir='ltr'>tractatus</span> <span class='ocrx_word' id='word_1_628' title='bbox 1390 1209 1587 1228; x_wconf 87' lang='lat' dir='ltr'>commemorare.</span> <span class='ocrx_word' id='word_1_629' title='bbox 1608 1202 1676 1227; x_wconf 88' lang='lat' dir='ltr'>Nota</span> <span class='ocrx_word' id='word_1_630' title='bbox 1695 1202 1733 1226; x_wconf 77' lang='lat' dir='ltr'>est</span> <span class='ocrx_word' id='word_1_631' title='bbox 1749 1201 1900 1226; x_wconf 88' lang='lat' dir='ltr'>celeberrimi</span> 
     </span>
     <span class='ocr_line' id='line_1_94' title="bbox 1052 1242 1900 1276; baseline -0.004 -5"><span class='ocrx_word' id='word_1_632' title='bbox 1052 1247 1127 1271; x_wconf 91' lang='lat' dir='ltr'>Alani</span> <span class='ocrx_word' id='word_1_633' title='bbox 1146 1246 1177 1271; x_wconf 90' lang='lat' dir='ltr'>ab</span> <span class='ocrx_word' id='word_1_634' title='bbox 1195 1246 1289 1271; x_wconf 87' lang='lat' dir='ltr'>Insulis</span> <span class='ocrx_word' id='word_1_635' title='bbox 1309 1245 1417 1271; x_wconf 77' lang='lat' dir='ltr'>Summa</span> <span class='ocrx_word' id='word_1_636' title='bbox 1429 1246 1458 1270; x_wconf 82' lang='lat' dir='ltr'>de</span> <span class='ocrx_word' id='word_1_637' title='bbox 1471 1246 1527 1269; x_wconf 84' lang='lat' dir='ltr'>arte</span> <span class='ocrx_word' id='word_1_638' title='bbox 1541 1244 1734 1276; x_wconf 79' lang='lat' dir='ltr'>praedicatoria</span> <span class='ocrx_word' id='word_1_639' title='bbox 1746 1242 1764 1268; x_wconf 81' lang='lat'>⁹.</span> <span class='ocrx_word' id='word_1_640' title='bbox 1784 1244 1814 1268; x_wconf 92' lang='lat' dir='ltr'>In</span> <span class='ocrx_word' id='word_1_641' title='bbox 1832 1251 1900 1275; x_wconf 86' lang='lat' dir='ltr'>prae-</span> 
     </span>
     <span class='ocr_line' id='line_1_95' title="bbox 1052 1287 1901 1321; baseline -0.005 -6"><span class='ocrx_word' id='word_1_642' title='bbox 1052 1290 1145 1315; x_wconf 87' lang='lat' dir='ltr'>fatione</span> <span class='ocrx_word' id='word_1_643' title='bbox 1163 1290 1250 1314; x_wconf 86' lang='lat' dir='ltr'>auctor</span> <span class='ocrx_word' id='word_1_644' title='bbox 1268 1289 1352 1321; x_wconf 83' lang='lat' dir='ltr'>exigit,</span> <span class='ocrx_word' id='word_1_645' title='bbox 1376 1298 1388 1310; x_wconf 85' lang='lat'>‹&lt;</span> <span class='ocrx_word' id='word_1_646' title='bbox 1401 1289 1430 1313; x_wconf 94' lang='lat' dir='ltr'>ut</span> <span class='ocrx_word' id='word_1_647' title='bbox 1449 1288 1605 1319; x_wconf 89' lang='lat' dir='ltr'>praedicator</span> <span class='ocrx_word' id='word_1_648' title='bbox 1624 1288 1649 1312; x_wconf 92' lang='lat' dir='ltr'>in</span> <span class='ocrx_word' id='word_1_649' title='bbox 1676 1287 1806 1312; x_wconf 87' lang='lat' dir='ltr'>manifesto</span> <span class='ocrx_word' id='word_1_650' title='bbox 1832 1294 1901 1318; x_wconf 91' lang='lat' dir='ltr'>prae—</span> 
     </span>
     <span class='ocr_line' id='line_1_96' title="bbox 1053 1329 1902 1364; baseline -0.005 -6"><span class='ocrx_word' id='word_1_651' title='bbox 1053 1333 1117 1358; x_wconf 90' lang='lat' dir='ltr'>dicet</span> <span class='ocrx_word' id='word_1_652' title='bbox 1135 1340 1197 1364; x_wconf 91' lang='lat' dir='ltr'>quae</span> <span class='ocrx_word' id='word_1_653' title='bbox 1216 1340 1244 1357; x_wconf 80' lang='grc'>011</span> <span class='ocrx_word' id='word_1_654' title='bbox 1263 1332 1392 1363; x_wconf 83' lang='lat' dir='ltr'>Scriptura</span> <span class='ocrx_word' id='word_1_655' title='bbox 1415 1331 1536 1361; x_wconf 79' lang='lat' dir='ltr'>didicit»,</span> <span class='ocrx_word' id='word_1_656' title='bbox 1564 1331 1590 1356; x_wconf 88' lang='lat' dir='ltr'>et</span> <span class='ocrx_word' id='word_1_657' title='bbox 1614 1331 1639 1355; x_wconf 92' lang='lat' dir='ltr'>in</span> <span class='ocrx_word' id='word_1_658' title='bbox 1657 1330 1767 1361; x_wconf 86' lang='lat' dir='ltr'>capitulo</span> <span class='ocrx_word' id='word_1_659' title='bbox 1791 1330 1813 1354; x_wconf 95' lang='lat' dir='ltr'>I.</span> <span class='ocrx_word' id='word_1_660' title='bbox 1837 1329 1902 1354; x_wconf 87' lang='lat' dir='ltr'>hanc</span> 
     </span>
     <span class='ocr_line' id='line_1_97' title="bbox 1053 1372 1902 1408; baseline -0.005 -7"><span class='ocrx_word' id='word_1_661' title='bbox 1053 1376 1245 1408; x_wconf 85' lang='lat' dir='ltr'>praedicationis</span> <span class='ocrx_word' id='word_1_662' title='bbox 1263 1375 1430 1400; x_wconf 87' lang='lat' dir='ltr'>definitionem</span> <span class='ocrx_word' id='word_1_663' title='bbox 1450 1374 1562 1399; x_wconf 82' lang='lat' dir='ltr'>exhibet:</span> <span class='ocrx_word' id='word_1_664' title='bbox 1587 1383 1600 1396; x_wconf 85' lang='lat'>«</span> <span class='ocrx_word' id='word_1_665' title='bbox 1613 1373 1767 1398; x_wconf 87' lang='lat' dir='ltr'>Praedicatio</span> <span class='ocrx_word' id='word_1_666' title='bbox 1790 1372 1829 1398; x_wconf 88' lang='lat' dir='ltr'>est</span> <span class='ocrx_word' id='word_1_667' title='bbox 1853 1380 1902 1397; x_wconf 91' lang='lat' dir='ltr'>ma-</span> 
     </span>
     <span class='ocr_line' id='line_1_98' title="bbox 1053 1416 1902 1450; baseline -0.005 -6"><span class='ocrx_word' id='word_1_668' title='bbox 1053 1419 1145 1444; x_wconf 87' lang='lat' dir='ltr'>nifesta</span> <span class='ocrx_word' id='word_1_669' title='bbox 1163 1419 1189 1444; x_wconf 93' lang='lat' dir='ltr'>et</span> <span class='ocrx_word' id='word_1_670' title='bbox 1207 1419 1306 1450; x_wconf 86' lang='lat' dir='ltr'>publica</span> <span class='ocrx_word' id='word_1_671' title='bbox 1324 1418 1457 1443; x_wconf 89' lang='lat' dir='ltr'>instructio</span> <span class='ocrx_word' id='word_1_672' title='bbox 1476 1425 1570 1442; x_wconf 86' lang='lat' dir='ltr'>morum</span> <span class='ocrx_word' id='word_1_673' title='bbox 1591 1417 1616 1442; x_wconf 88' lang='lat' dir='ltr'>et</span> <span class='ocrx_word' id='word_1_674' title='bbox 1643 1417 1708 1446; x_wconf 91' lang='lat' dir='ltr'>fidei,</span> <span class='ocrx_word' id='word_1_675' title='bbox 1733 1416 1902 1441; x_wconf 83' lang='lat' dir='ltr'>informationi</span> 
     </span>
     <span class='ocr_line' id='line_1_99' title="bbox 1053 1458 1902 1490; baseline -0.005 -3"><span class='ocrx_word' id='word_1_676' title='bbox 1053 1462 1180 1488; x_wconf 89' lang='lat' dir='ltr'>hominum</span> <span class='ocrx_word' id='word_1_677' title='bbox 1199 1462 1348 1490; x_wconf 60' lang='lat' dir='ltr'>deserviens</span> <span class='ocrx_word' id='word_1_678' title='bbox 1368 1468 1396 1485; x_wconf 89' lang='lat' dir='ltr'>ex</span> <span class='ocrx_word' id='word_1_679' title='bbox 1415 1460 1539 1486; x_wconf 89' lang='lat' dir='ltr'>rationum</span> <span class='ocrx_word' id='word_1_680' title='bbox 1559 1460 1647 1485; x_wconf 89' lang='lat' dir='ltr'>semita</span> <span class='ocrx_word' id='word_1_681' title='bbox 1671 1460 1696 1484; x_wconf 92' lang='lat' dir='ltr'>et</span> <span class='ocrx_word' id='word_1_682' title='bbox 1723 1458 1902 1484; x_wconf 88' lang='lat' dir='ltr'>auctoritatum</span> 
     </span>
     <span class='ocr_line' id='line_1_100' title="bbox 1054 1503 1902 1536; baseline -0.005 -6"><span class='ocrx_word' id='word_1_683' title='bbox 1054 1506 1122 1531; x_wconf 89' lang='lat' dir='ltr'>fonte</span> <span class='ocrx_word' id='word_1_684' title='bbox 1142 1505 1289 1536; x_wconf 89' lang='lat' dir='ltr'>proveniens</span> <span class='ocrx_word' id='word_1_685' title='bbox 1302 1515 1327 1528; x_wconf 83' lang='grc'><strong>».</strong></span> <span class='ocrx_word' id='word_1_686' title='bbox 1346 1504 1404 1535; x_wconf 91' lang='lat' dir='ltr'>Ipse</span> <span class='ocrx_word' id='word_1_687' title='bbox 1422 1504 1569 1528; x_wconf 89' lang='lat' dir='ltr'>locutionem</span> <span class='ocrx_word' id='word_1_688' title='bbox 1590 1503 1663 1527; x_wconf 90' lang='lat' dir='ltr'>nimis</span> <span class='ocrx_word' id='word_1_689' title='bbox 1682 1503 1796 1527; x_wconf 90' lang='lat' dir='ltr'>ornatam</span> <span class='ocrx_word' id='word_1_690' title='bbox 1820 1508 1902 1533; x_wconf 88' lang='lat' dir='ltr'>repro-</span> 
     </span>
     <span class='ocr_line' id='line_1_101' title="bbox 1054 1544 1902 1579; baseline -0.007 -5"><span class='ocrx_word' id='word_1_691' title='bbox 1054 1549 1106 1577; x_wconf 89' lang='lat' dir='ltr'>bat,</span> <span class='ocrx_word' id='word_1_692' title='bbox 1120 1556 1174 1573; x_wconf 90' lang='lat' dir='ltr'>cum</span> <span class='ocrx_word' id='word_1_693' title='bbox 1187 1548 1248 1573; x_wconf 89' lang='lat' dir='ltr'>haec</span> <span class='ocrx_word' id='word_1_694' title='bbox 1261 1547 1294 1572; x_wconf 90' lang='lat' dir='ltr'>sit</span> <span class='ocrx_word' id='word_1_695' title='bbox 1307 1554 1372 1579; x_wconf 89' lang='lat' dir='ltr'>aqua</span> <span class='ocrx_word' id='word_1_696' title='bbox 1385 1547 1441 1571; x_wconf 89' lang='lat' dir='ltr'>vino</span> <span class='ocrx_word' id='word_1_697' title='bbox 1458 1546 1549 1576; x_wconf 63' lang='lat' dir='ltr'>mixta,</span> <span class='ocrx_word' id='word_1_698' title='bbox 1568 1545 1723 1571; x_wconf 87' lang='lat' dir='ltr'>commendat</span> <span class='ocrx_word' id='word_1_699' title='bbox 1735 1544 1902 1576; x_wconf 87' lang='lat' dir='ltr'>captationem</span> 
     </span>
     <span class='ocr_line' id='line_1_102' title="bbox 1055 1587 1902 1620; baseline -0.007 -3"><span class='ocrx_word' id='word_1_700' title='bbox 1055 1591 1239 1617; x_wconf 84' lang='lat' dir='ltr'>benevolentiae</span> <span class='ocrx_word' id='word_1_701' title='bbox 1259 1590 1400 1615; x_wconf 88' lang='lat' dir='ltr'>auditorum</span> <span class='ocrx_word' id='word_1_702' title='bbox 1419 1590 1444 1614; x_wconf 88' lang='lat' dir='ltr'>in</span> <span class='ocrx_word' id='word_1_703' title='bbox 1464 1589 1584 1620; x_wconf 87' lang='lat' dir='ltr'>principio</span> <span class='ocrx_word' id='word_1_704' title='bbox 1609 1589 1729 1613; x_wconf 88' lang='lat' dir='ltr'>sermonis</span> <span class='ocrx_word' id='word_1_705' title='bbox 1751 1587 1902 1617; x_wconf 76' lang='lat' dir='ltr'>faciendam3</span> 
     </span>
     <span class='ocr_line' id='line_1_103' title="bbox 1056 1630 1904 1663; baseline -0.006 -4"><span class='ocrx_word' id='word_1_706' title='bbox 1056 1635 1140 1659; x_wconf 89' lang='lat' dir='ltr'>thema</span> <span class='ocrx_word' id='word_1_707' title='bbox 1157 1634 1213 1658; x_wconf 93' lang='lat' dir='ltr'>vult</span> <span class='ocrx_word' id='word_1_708' title='bbox 1232 1634 1296 1658; x_wconf 88' lang='lat' dir='ltr'>sumi</span> <span class='ocrx_word' id='word_1_709' title='bbox 1315 1641 1343 1658; x_wconf 82' lang='lat' dir='ltr'>ex</span> <span class='ocrx_word' id='word_1_710' title='bbox 1362 1640 1432 1657; x_wconf 85' lang='lat' dir='ltr'>sacra</span> <span class='ocrx_word' id='word_1_711' title='bbox 1452 1632 1588 1663; x_wconf 84' lang='lat' dir='ltr'>Scriptura,</span> <span class='ocrx_word' id='word_1_712' title='bbox 1608 1631 1756 1663; x_wconf 90' lang='lat' dir='ltr'>praesertim</span> <span class='ocrx_word' id='word_1_713' title='bbox 1775 1638 1804 1655; x_wconf 79' lang='lat' dir='ltr'>ex</span> <span class='ocrx_word' id='word_1_714' title='bbox 1822 1630 1904 1654; x_wconf 87' lang='lat' dir='ltr'>Evan-</span> 
     </span>
     <span class='ocr_line' id='line_1_104' title="bbox 1055 1674 1904 1709; baseline -0.006 -7"><span class='ocrx_word' id='word_1_715' title='bbox 1055 1678 1135 1709; x_wconf 81' lang='lat' dir='ltr'>geliis,</span> <span class='ocrx_word' id='word_1_716' title='bbox 1153 1677 1269 1706; x_wconf 84' lang='lat' dir='ltr'>Psalmis,</span> <span class='ocrx_word' id='word_1_717' title='bbox 1289 1676 1410 1707; x_wconf 86' lang='lat' dir='ltr'>Epistolis</span> <span class='ocrx_word' id='word_1_718' title='bbox 1424 1675 1449 1700; x_wconf 92' lang='lat' dir='ltr'>et</span> <span class='ocrx_word' id='word_1_719' title='bbox 1461 1675 1532 1700; x_wconf 87' lang='lat' dir='ltr'>libris</span> <span class='ocrx_word' id='word_1_720' title='bbox 1545 1675 1696 1704; x_wconf 84' lang='lat' dir='ltr'>Salomonis3</span> <span class='ocrx_word' id='word_1_721' title='bbox 1715 1674 1778 1699; x_wconf 90' lang='lat' dir='ltr'>illud</span> <span class='ocrx_word' id='word_1_722' title='bbox 1797 1681 1849 1698; x_wconf 91' lang='lat' dir='ltr'>esse</span> <span class='ocrx_word' id='word_1_723' title='bbox 1866 1681 1904 1698; x_wconf 86' lang='lat' dir='ltr'>ex-</span> 
     </span>
     <span class='ocr_line' id='line_1_105' title="bbox 1057 1716 1904 1752; baseline -0.007 -6"><span class='ocrx_word' id='word_1_724' title='bbox 1057 1721 1196 1752; x_wconf 87' lang='lat' dir='ltr'>ponendum</span> <span class='ocrx_word' id='word_1_725' title='bbox 1217 1720 1242 1745; x_wconf 90' lang='lat' dir='ltr'>et</span> <span class='ocrx_word' id='word_1_726' title='bbox 1261 1720 1342 1744; x_wconf 89' lang='lat' dir='ltr'>totum</span> <span class='ocrx_word' id='word_1_727' title='bbox 1361 1719 1535 1744; x_wconf 82' lang='lat' dir='ltr'>inflectendum</span> <span class='ocrx_word' id='word_1_728' title='bbox 1555 1719 1586 1743; x_wconf 88' lang='lat' dir='ltr'>ad</span> <span class='ocrx_word' id='word_1_729' title='bbox 1605 1718 1746 1743; x_wconf 85' lang='lat' dir='ltr'>auditorum</span> <span class='ocrx_word' id='word_1_730' title='bbox 1763 1716 1904 1741; x_wconf 91' lang='lat' dir='ltr'>instructio-</span> 
     </span>
     <span class='ocr_line' id='line_1_106' title="bbox 1056 1760 1903 1794; baseline -0.006 -5"><span class='ocrx_word' id='word_1_731' title='bbox 1056 1772 1126 1794; x_wconf 77' lang='lat' dir='ltr'>nem3</span> <span class='ocrx_word' id='word_1_732' title='bbox 1155 1771 1205 1788; x_wconf 91' lang='lat' dir='ltr'>non</span> <span class='ocrx_word' id='word_1_733' title='bbox 1230 1770 1283 1788; x_wconf 84' lang='lat' dir='ltr'>esse</span> <span class='ocrx_word' id='word_1_734' title='bbox 1309 1762 1481 1787; x_wconf 88' lang='lat' dir='ltr'>declinandum</span> <span class='ocrx_word' id='word_1_735' title='bbox 1506 1769 1521 1786; x_wconf 90' lang='lat' dir='ltr'>a</span> <span class='ocrx_word' id='word_1_736' title='bbox 1543 1761 1653 1787; x_wconf 86' lang='lat' dir='ltr'>themate</span> <span class='ocrx_word' id='word_1_737' title='bbox 1681 1761 1713 1785; x_wconf 88' lang='lat' dir='ltr'>ad</span> <span class='ocrx_word' id='word_1_738' title='bbox 1737 1760 1813 1785; x_wconf 87' lang='lat' dir='ltr'>aliam</span> <span class='ocrx_word' id='word_1_739' title='bbox 1838 1767 1903 1789; x_wconf 82' lang='lat' dir='ltr'>rem;</span> 
     </span>
     <span class='ocr_line' id='line_1_107' title="bbox 1058 1802 1906 1836; baseline -0.007 -4"><span class='ocrx_word' id='word_1_740' title='bbox 1058 1807 1143 1833; x_wconf 89' lang='lat' dir='ltr'>deinde</span> <span class='ocrx_word' id='word_1_741' title='bbox 1157 1807 1239 1831; x_wconf 83' lang='lat' dir='ltr'>addit:</span> <span class='ocrx_word' id='word_1_742' title='bbox 1264 1816 1275 1828; x_wconf 84' lang='lat'>«</span> <span class='ocrx_word' id='word_1_743' title='bbox 1289 1806 1371 1831; x_wconf 88' lang='lat' dir='ltr'>Verba</span> <span class='ocrx_word' id='word_1_744' title='bbox 1391 1806 1465 1830; x_wconf 89' lang='lat' dir='ltr'>etiam</span> <span class='ocrx_word' id='word_1_745' title='bbox 1479 1804 1626 1830; x_wconf 88' lang='lat' dir='ltr'>commotiva</span> <span class='ocrx_word' id='word_1_746' title='bbox 1640 1803 1817 1836; x_wconf 87' lang='lat' dir='ltr'>(praedicator)</span> <span class='ocrx_word' id='word_1_747' title='bbox 1831 1802 1906 1827; x_wconf 89' lang='lat' dir='ltr'>inter-</span> 
     </span>
     <span class='ocr_line' id='line_1_108' title="bbox 1058 1845 1905 1881; baseline -0.007 -6"><span class='ocrx_word' id='word_1_748' title='bbox 1058 1850 1134 1879; x_wconf 86' lang='lat' dir='ltr'>serat,</span> <span class='ocrx_word' id='word_1_749' title='bbox 1153 1857 1215 1881; x_wconf 88' lang='lat' dir='ltr'>qnae</span> <span class='ocrx_word' id='word_1_750' title='bbox 1235 1849 1329 1874; x_wconf 90' lang='lat' dir='ltr'>mentes</span> <span class='ocrx_word' id='word_1_751' title='bbox 1342 1848 1471 1874; x_wconf 85' lang='lat' dir='ltr'>emolliant</span> <span class='ocrx_word' id='word_1_752' title='bbox 1488 1848 1513 1873; x_wconf 89' lang='lat' dir='ltr'>et</span> <span class='ocrx_word' id='word_1_753' title='bbox 1531 1848 1654 1879; x_wconf 86' lang='lat' dir='ltr'>lacrymas</span> <span class='ocrx_word' id='word_1_754' title='bbox 1673 1847 1800 1878; x_wconf 88' lang='lat' dir='ltr'>pariant...</span> <span class='ocrx_word' id='word_1_755' title='bbox 1812 1846 1843 1870; x_wconf 90' lang='lat' dir='ltr'>In</span> <span class='ocrx_word' id='word_1_756' title='bbox 1857 1845 1905 1869; x_wconf 91' lang='lat' dir='ltr'>fine</span> 
     </span>
     <span class='ocr_line' id='line_1_109' title="bbox 1058 1889 1906 1923; baseline -0.007 -4"><span class='ocrx_word' id='word_1_757' title='bbox 1058 1901 1115 1919; x_wconf 90' lang='lat' dir='ltr'>vero</span> <span class='ocrx_word' id='word_1_758' title='bbox 1132 1893 1204 1918; x_wconf 89' lang='lat' dir='ltr'>debet</span> <span class='ocrx_word' id='word_1_759' title='bbox 1223 1893 1260 1918; x_wconf 91' lang='lat' dir='ltr'>uti</span> <span class='ocrx_word' id='word_1_760' title='bbox 1280 1892 1398 1923; x_wconf 80' lang='lat' dir='ltr'>exemplis</span> <span class='ocrx_word' id='word_1_761' title='bbox 1416 1892 1447 1916; x_wconf 91' lang='lat' dir='ltr'>ad</span> <span class='ocrx_word' id='word_1_762' title='bbox 1467 1891 1621 1923; x_wconf 88' lang='lat' dir='ltr'>probandum</span> <span class='ocrx_word' id='word_1_763' title='bbox 1634 1890 1698 1922; x_wconf 89' lang='lat' dir='ltr'>quod</span> <span class='ocrx_word' id='word_1_764' title='bbox 1714 1889 1829 1919; x_wconf 84' lang='lat' dir='ltr'>intendit,</span> <span class='ocrx_word' id='word_1_765' title='bbox 1848 1889 1906 1920; x_wconf 88' lang='lat' dir='ltr'>quia</span> 
     </span>
     <span class='ocr_line' id='line_1_110' title="bbox 1059 1931 1907 1966; baseline -0.008 -4"><span class='ocrx_word' id='word_1_766' title='bbox 1059 1937 1190 1962; x_wconf 87' lang='lat' dir='ltr'>familiaris</span> <span class='ocrx_word' id='word_1_767' title='bbox 1209 1936 1248 1961; x_wconf 90' lang='lat' dir='ltr'>est</span> <span class='ocrx_word' id='word_1_768' title='bbox 1272 1936 1385 1961; x_wconf 88' lang='lat' dir='ltr'>doctrina</span> <span class='ocrx_word' id='word_1_769' title='bbox 1409 1934 1557 1966; x_wconf 83' lang='lat' dir='ltr'>exemplaris</span> <span class='ocrx_word' id='word_1_770' title='bbox 1569 1943 1595 1958; x_wconf 76' lang='lat'>&gt;›.</span> <span class='ocrx_word' id='word_1_771' title='bbox 1613 1933 1681 1958; x_wconf 83' lang='lat' dir='ltr'>Haec</span> <span class='ocrx_word' id='word_1_772' title='bbox 1699 1932 1738 1957; x_wconf 85' lang='lat' dir='ltr'>est</span> <span class='ocrx_word' id='word_1_773' title='bbox 1757 1939 1852 1957; x_wconf 88' lang='lat' dir='ltr'>summa</span> <span class='ocrx_word' id='word_1_774' title='bbox 1872 1931 1907 1956; x_wconf 88' lang='lat' dir='ltr'>to-</span> 
     </span>
     <span class='ocr_line' id='line_1_111' title="bbox 1059 1975 1907 2010; baseline -0.006 -6"><span class='ocrx_word' id='word_1_775' title='bbox 1059 1980 1110 2004; x_wconf 91' lang='lat' dir='ltr'>tius</span> <span class='ocrx_word' id='word_1_776' title='bbox 1129 1979 1238 2004; x_wconf 87' lang='lat' dir='ltr'>theoriae</span> <span class='ocrx_word' id='word_1_777' title='bbox 1257 1979 1282 2004; x_wconf 87' lang='lat' dir='ltr'>in</span> <span class='ocrx_word' id='word_1_778' title='bbox 1301 1978 1411 2010; x_wconf 90' lang='lat' dir='ltr'>capitulo</span> <span class='ocrx_word' id='word_1_779' title='bbox 1425 1978 1504 2009; x_wconf 88' lang='lat' dir='ltr'>primo</span> <span class='ocrx_word' id='word_1_780' title='bbox 1517 1977 1625 2001; x_wconf 90' lang='lat' dir='ltr'>breviter</span> <span class='ocrx_word' id='word_1_781' title='bbox 1638 1976 1771 2007; x_wconf 82' lang='lat' dir='ltr'>expositae.</span> <span class='ocrx_word' id='word_1_782' title='bbox 1784 1989 1820 1993; x_wconf 88' lang='lat'>-—</span> <span class='ocrx_word' id='word_1_783' title='bbox 1832 1975 1855 1999; x_wconf 89' lang='lat' dir='ltr'>A</span> <span class='ocrx_word' id='word_1_784' title='bbox 1867 1981 1907 1999; x_wconf 88' lang='lat' dir='ltr'>ca-</span> 
     </span>
     <span class='ocr_line' id='line_1_112' title="bbox 1061 2017 1908 2054; baseline -0.007 -6"><span class='ocrx_word' id='word_1_785' title='bbox 1061 2023 1140 2054; x_wconf 89' lang='lat' dir='ltr'>pitulo</span> <span class='ocrx_word' id='word_1_786' title='bbox 1159 2023 1195 2047; x_wconf 90' lang='grc' dir='ltr'><strong>Π.</strong></span> <span class='ocrx_word' id='word_1_787' title='bbox 1216 2022 1355 2054; x_wconf 84' lang='lat' dir='ltr'>sequuntur</span> <span class='ocrx_word' id='word_1_788' title='bbox 1374 2021 1407 2045; x_wconf 84' lang='lat'>37</span> <span class='ocrx_word' id='word_1_789' title='bbox 1428 2021 1562 2052; x_wconf 86' lang='lat' dir='ltr'>specimina</span> <span class='ocrx_word' id='word_1_790' title='bbox 1581 2027 1722 2045; x_wconf 85' lang='lat' dir='ltr'>sermonum</span> <span class='ocrx_word' id='word_1_791' title='bbox 1735 2018 1866 2043; x_wconf 84' lang='lat' dir='ltr'>moralium</span> <span class='ocrx_word' id='word_1_792' title='bbox 1883 2017 1908 2042; x_wconf 90' lang='lat' dir='ltr'>et</span> 
     </span>
     <span class='ocr_line' id='line_1_113' title="bbox 1061 2061 1908 2097; baseline -0.007 -6"><span class='ocrx_word' id='word_1_793' title='bbox 1061 2067 1206 2097; x_wconf 87' lang='lat' dir='ltr'>plerumque</span> <span class='ocrx_word' id='word_1_794' title='bbox 1225 2066 1250 2090; x_wconf 92' lang='lat' dir='ltr'>in</span> <span class='ocrx_word' id='word_1_795' title='bbox 1269 2066 1321 2090; x_wconf 88' lang='lat' dir='ltr'>tres</span> <span class='ocrx_word' id='word_1_796' title='bbox 1341 2065 1426 2096; x_wconf 88' lang='lat' dir='ltr'>partes</span> <span class='ocrx_word' id='word_1_797' title='bbox 1442 2064 1586 2089; x_wconf 89' lang='lat' dir='ltr'>divisorum.</span> <span class='ocrx_word' id='word_1_798' title='bbox 1600 2063 1652 2088; x_wconf 90' lang='lat' dir='ltr'>Hos</span> <span class='ocrx_word' id='word_1_799' title='bbox 1666 2062 1803 2093; x_wconf 88' lang='lat' dir='ltr'>sequuntur</span> <span class='ocrx_word' id='word_1_800' title='bbox 1816 2061 1908 2086; x_wconf 89' lang='lat' dir='ltr'>instru-</span> 
     </span>
     <span class='ocr_line' id='line_1_114' title="bbox 1061 2104 1908 2137; baseline -0.006 -4"><span class='ocrx_word' id='word_1_801' title='bbox 1061 2108 1109 2133; x_wconf 89' lang='lat' dir='ltr'>ctio</span> <span class='ocrx_word' id='word_1_802' title='bbox 1128 2108 1159 2133; x_wconf 87' lang='lat' dir='ltr'>ad</span> <span class='ocrx_word' id='word_1_803' title='bbox 1178 2107 1315 2132; x_wconf 82' lang='lat' dir='ltr'>faciendum</span> <span class='ocrx_word' id='word_1_804' title='bbox 1336 2114 1461 2131; x_wconf 87' lang='lat' dir='ltr'>sermones</span> <span class='ocrx_word' id='word_1_805' title='bbox 1480 2113 1524 2137; x_wconf 89' lang='lat' dir='ltr'>pro</span> <span class='ocrx_word' id='word_1_806' title='bbox 1543 2105 1650 2130; x_wconf 81' lang='lat' dir='ltr'>diversis</span> <span class='ocrx_word' id='word_1_807' title='bbox 1672 2104 1799 2135; x_wconf 68' lang='lat' dir='ltr'>statibus,</span> <span class='ocrx_word' id='word_1_808' title='bbox 1818 2104 1847 2128; x_wconf 90' lang='lat' dir='ltr'>ut</span> <span class='ocrx_word' id='word_1_809' title='bbox 1865 2104 1908 2128; x_wconf 88' lang='lat' dir='ltr'>mi-</span> 
     </span>
     <span class='ocr_line' id='line_1_115' title="bbox 1061 2147 1909 2181; baseline -0.006 -5"><span class='ocrx_word' id='word_1_810' title='bbox 1061 2152 1143 2180; x_wconf 90' lang='lat' dir='ltr'>litum,</span> <span class='ocrx_word' id='word_1_811' title='bbox 1162 2151 1348 2179; x_wconf 85' lang='lat' dir='ltr'>advocatorum,</span> <span class='ocrx_word' id='word_1_812' title='bbox 1367 2150 1506 2181; x_wconf 88' lang='lat' dir='ltr'>principum</span> <span class='ocrx_word' id='word_1_813' title='bbox 1521 2150 1576 2179; x_wconf 87' lang='lat' dir='ltr'>etc.,</span> <span class='ocrx_word' id='word_1_814' title='bbox 1590 2149 1615 2173; x_wconf 88' lang='lat' dir='ltr'>et</span> <span class='ocrx_word' id='word_1_815' title='bbox 1627 2148 1713 2174; x_wconf 92' lang='lat' dir='ltr'>deinde</span> <span class='ocrx_word' id='word_1_816' title='bbox 1725 2155 1813 2172; x_wconf 89' lang='lat' dir='ltr'>novem</span> <span class='ocrx_word' id='word_1_817' title='bbox 1825 2147 1909 2171; x_wconf 89' lang='lat' dir='ltr'>huius-</span> 
     </span>
     <span class='ocr_line' id='line_1_116' title="bbox 1061 2195 1866 2220; baseline -0.005 -1"><span class='ocrx_word' id='word_1_818' title='bbox 1061 2195 1126 2220; x_wconf 90' lang='lat' dir='ltr'>modi</span> <span class='ocrx_word' id='word_1_819' title='bbox 1146 2201 1279 2219; x_wconf 88' lang='lat' dir='ltr'>sermones.</span> <span class='ocrx_word' id='word_1_820' title='bbox 1864 2212 1866 2215; x_wconf 80' lang='grc'><strong>,</strong></span> 
     </span>
    </p>

    <p class='ocr_par' dir='ltr' id='par_1_20' title="bbox 1062 2233 1909 2398">
     <span class='ocr_line' id='line_1_117' title="bbox 1132 2233 1909 2265; baseline -0.005 -4"><span class='ocrx_word' id='word_1_821' title='bbox 1132 2237 1214 2261; x_wconf 82' lang='lat' dir='ltr'>Etiam</span> <span class='ocrx_word' id='word_1_822' title='bbox 1235 2236 1277 2261; x_wconf 86' lang='lat' dir='ltr'>Fr.</span> <span class='ocrx_word' id='word_1_823' title='bbox 1296 2236 1451 2261; x_wconf 84' lang='lat' dir='ltr'>Humbertus</span> <span class='ocrx_word' id='word_1_824' title='bbox 1464 2235 1492 2260; x_wconf 87' lang='lat' dir='ltr'>de</span> <span class='ocrx_word' id='word_1_825' title='bbox 1509 2235 1634 2263; x_wconf 79' lang='lat' dir='ltr'>Romanis,</span> <span class='ocrx_word' id='word_1_826' title='bbox 1647 2233 1768 2265; x_wconf 80' lang='lat' dir='ltr'>Magister</span> <span class='ocrx_word' id='word_1_827' title='bbox 1781 2233 1909 2258; x_wconf 80' lang='lat' dir='ltr'>Generalis</span> 
     </span>
     <span class='ocr_line' id='line_1_118' title="bbox 1062 2275 1909 2310; baseline -0.006 -5"><span class='ocrx_word' id='word_1_828' title='bbox 1062 2280 1120 2306; x_wconf 90' lang='lat' dir='ltr'>Ord.</span> <span class='ocrx_word' id='word_1_829' title='bbox 1140 2280 1237 2309; x_wconf 89' lang='lat' dir='ltr'>Praed.,</span> <span class='ocrx_word' id='word_1_830' title='bbox 1257 2279 1337 2304; x_wconf 83' lang='lat' dir='ltr'>simile</span> <span class='ocrx_word' id='word_1_831' title='bbox 1356 2286 1418 2310; x_wconf 86' lang='lat' dir='ltr'>opus</span> <span class='ocrx_word' id='word_1_832' title='bbox 1438 2278 1539 2309; x_wconf 91' lang='lat' dir='ltr'>scripsit</span> <span class='ocrx_word' id='word_1_833' title='bbox 1557 2278 1585 2302; x_wconf 89' lang='lat' dir='ltr'>de</span> <span class='ocrx_word' id='word_1_834' title='bbox 1604 2277 1761 2302; x_wconf 78' lang='lat' dir='ltr'>Ernditione</span> <span class='ocrx_word' id='word_1_835' title='bbox 1775 2275 1909 2307; x_wconf 77' lang='lat' dir='ltr'>praediea-</span> 
     </span>
     <span class='ocr_line' id='line_1_119' title="bbox 1063 2320 1909 2352; baseline -0.006 -4"><span class='ocrx_word' id='word_1_836' title='bbox 1063 2325 1147 2348; x_wconf 79' lang='lat' dir='ltr'>torum</span> <span class='ocrx_word' id='word_1_837' title='bbox 1159 2322 1179 2335; x_wconf 83' lang='lat'>¹⁰</span> <span class='ocrx_word' id='word_1_838' title='bbox 1193 2330 1248 2347; x_wconf 89' lang='grc'><strong>011111</strong></span> <span class='ocrx_word' id='word_1_839' title='bbox 1267 2322 1354 2347; x_wconf 88' lang='lat' dir='ltr'>multis</span> <span class='ocrx_word' id='word_1_840' title='bbox 1367 2322 1521 2346; x_wconf 86' lang='lat' dir='ltr'>diversorum</span> <span class='ocrx_word' id='word_1_841' title='bbox 1533 2328 1651 2352; x_wconf 80' lang='lat' dir='ltr'>generum</span> <span class='ocrx_word' id='word_1_842' title='bbox 1666 2320 1820 2345; x_wconf 87' lang='lat' dir='ltr'>sermonibus</span> <span class='ocrx_word' id='word_1_843' title='bbox 1833 2326 1909 2344; x_wconf 85' lang='lat' dir='ltr'>exem-</span> 
     </span>
     <span class='ocr_line' id='line_1_120' title="bbox 1063 2367 1184 2398; baseline 0 -7"><span class='ocrx_word' id='word_1_844' title='bbox 1063 2367 1184 2398; x_wconf 88' lang='lat' dir='ltr'>plaribus.</span> 
     </span>
    </p>

    <p class='ocr_par' dir='ltr' id='par_1_21' title="bbox 1063 2406 1912 2568">
     <span class='ocr_line' id='line_1_121' title="bbox 1134 2406 1910 2441; baseline -0.005 -7"><span class='ocrx_word' id='word_1_845' title='bbox 1134 2410 1279 2441; x_wconf 84' lang='lat' dir='ltr'>Complures</span> <span class='ocrx_word' id='word_1_846' title='bbox 1298 2409 1341 2434; x_wconf 83' lang='lat' dir='ltr'>alii</span> <span class='ocrx_word' id='word_1_847' title='bbox 1360 2409 1389 2433; x_wconf 89' lang='lat' dir='ltr'>de</span> <span class='ocrx_word' id='word_1_848' title='bbox 1408 2408 1491 2433; x_wconf 89' lang='lat' dir='ltr'>eadem</span> <span class='ocrx_word' id='word_1_849' title='bbox 1511 2416 1536 2432; x_wconf 93' lang='lat' dir='ltr'>re</span> <span class='ocrx_word' id='word_1_850' title='bbox 1555 2407 1681 2432; x_wconf 87' lang='lat' dir='ltr'>tractatus</span> <span class='ocrx_word' id='word_1_851' title='bbox 1693 2407 1738 2432; x_wconf 93' lang='lat' dir='ltr'>illa</span> <span class='ocrx_word' id='word_1_852' title='bbox 1750 2406 1832 2431; x_wconf 89' lang='lat' dir='ltr'>aetate</span> <span class='ocrx_word' id='word_1_853' title='bbox 1845 2413 1910 2431; x_wconf 91' lang='lat' dir='ltr'>com-</span> 
     </span>
     <span class='ocr_line' id='line_1_122' title="bbox 1063 2448 1910 2483; baseline -0.004 -7"><span class='ocrx_word' id='word_1_854' title='bbox 1063 2452 1138 2482; x_wconf 86' lang='lat' dir='ltr'>positi</span> <span class='ocrx_word' id='word_1_855' title='bbox 1158 2452 1224 2481; x_wconf 91' lang='lat' dir='ltr'>sunt,</span> <span class='ocrx_word' id='word_1_856' title='bbox 1245 2452 1294 2483; x_wconf 86' lang='lat' dir='ltr'>qui,</span> <span class='ocrx_word' id='word_1_857' title='bbox 1317 2451 1438 2482; x_wconf 88' lang='lat' dir='ltr'>quantum</span> <span class='ocrx_word' id='word_1_858' title='bbox 1458 2451 1556 2479; x_wconf 81' lang='lat' dir='ltr'>scimus,</span> <span class='ocrx_word' id='word_1_859' title='bbox 1575 2450 1661 2474; x_wconf 90' lang='lat' dir='ltr'>inediti</span> <span class='ocrx_word' id='word_1_860' title='bbox 1681 2449 1799 2474; x_wconf 61' lang='grc'><strong>511111».-</strong></span> <span class='ocrx_word' id='word_1_861' title='bbox 1819 2448 1910 2479; x_wconf 72' lang='lat' dir='ltr'>Toleti,</span> 
     </span>
     <span class='ocr_line' id='line_1_123' title="bbox 1063 2492 1912 2525; baseline -0.004 -6"><span class='ocrx_word' id='word_1_862' title='bbox 1063 2495 1089 2519; x_wconf 93' lang='lat' dir='ltr'>in</span> <span class='ocrx_word' id='word_1_863' title='bbox 1102 2495 1250 2519; x_wconf 87' lang='lat' dir='ltr'>bibliotheca</span> <span class='ocrx_word' id='word_1_864' title='bbox 1264 2494 1372 2525; x_wconf 83' lang='lat' dir='ltr'>Capituli</span> <span class='ocrx_word' id='word_1_865' title='bbox 1387 2494 1412 2518; x_wconf 92' lang='lat' dir='ltr'>et</span> <span class='ocrx_word' id='word_1_866' title='bbox 1424 2494 1503 2519; x_wconf 88' lang='lat' dir='ltr'>codice</span> <span class='ocrx_word' id='word_1_867' title='bbox 1518 2493 1567 2518; x_wconf 85' lang='lat' dir='ltr'>Oai.</span> <span class='ocrx_word' id='word_1_868' title='bbox 1582 2492 1624 2517; x_wconf 87' lang='lat'>41.</span> <span class='ocrx_word' id='word_1_869' title='bbox 1638 2500 1663 2517; x_wconf 84' lang='lat' dir='ltr'>n.</span> <span class='ocrx_word' id='word_1_870' title='bbox 1676 2492 1718 2517; x_wconf 80' lang='lat'>40.</span> <span class='ocrx_word' id='word_1_871' title='bbox 1732 2492 1838 2517; x_wconf 90' lang='lat' dir='ltr'>habetur</span> <span class='ocrx_word' id='word_1_872' title='bbox 1854 2499 1912 2523; x_wconf 90' lang='lat' dir='ltr'>opu-</span> 
     </span>
     <span class='ocr_line' id='line_1_124' title="bbox 1064 2534 1910 2568; baseline -0.004 -6"><span class='ocrx_word' id='word_1_873' title='bbox 1064 2538 1160 2563; x_wconf 82' lang='lat' dir='ltr'>sculum</span> <span class='ocrx_word' id='word_1_874' title='bbox 1180 2538 1208 2562; x_wconf 90' lang='lat' dir='ltr'>de</span> <span class='ocrx_word' id='word_1_875' title='bbox 1229 2538 1322 2568; x_wconf 88' lang='lat' dir='ltr'>septem</span> <span class='ocrx_word' id='word_1_876' title='bbox 1342 2537 1381 2561; x_wconf 88' lang='lat' dir='ltr'>vel</span> <span class='ocrx_word' id='word_1_877' title='bbox 1401 2537 1454 2562; x_wconf 87' lang='lat' dir='ltr'>octo</span> <span class='ocrx_word' id='word_1_878' title='bbox 1467 2536 1545 2562; x_wconf 90' lang='lat' dir='ltr'>modis</span> <span class='ocrx_word' id='word_1_879' title='bbox 1558 2536 1680 2561; x_wconf 87' lang='lat' dir='ltr'>formandi</span> <span class='ocrx_word' id='word_1_880' title='bbox 1700 2542 1832 2564; x_wconf 90' lang='lat' dir='ltr'>sermones,</span> <span class='ocrx_word' id='word_1_881' title='bbox 1846 2534 1910 2566; x_wconf 86' lang='lat' dir='ltr'>quod</span> 
     </span>
    </p>
   </div>
   <div class='ocr_carea' id='block_1_17' title="bbox 780 2622 1295 2631">
    <p class='ocr_par' dir='ltr' id='par_1_22' title="bbox 780 2622 1295 2631">
     <span class='ocr_line' id='line_1_125' title="bbox 780 2622 1295 2631; baseline 0 0"><span class='ocrx_word' id='word_1_882' title='bbox 780 2622 1295 2631; x_wconf 95' lang='lat' dir='ltr'> </span> 
     </span>
    </p>
   </div>
   <div class='ocr_carea' id='block_1_18' title="bbox 167 2683 1012 2963">
    <p class='ocr_par' dir='ltr' id='par_1_23' title="bbox 229 2683 643 2712">
     <span class='ocr_line' id='line_1_126' title="bbox 229 2683 643 2712; baseline 0 -6"><span class='ocrx_word' id='word_1_883' title='bbox 229 2683 237 2696; x_wconf 90' lang='lat'>¹</span> <span class='ocrx_word' id='word_1_884' title='bbox 256 2685 310 2712; x_wconf 77' lang='lat' dir='ltr'>Pag.</span> <span class='ocrx_word' id='word_1_885' title='bbox 327 2684 380 2711; x_wconf 85' lang='grc'><strong>261,</strong></span> <span class='ocrx_word' id='word_1_886' title='bbox 397 2691 418 2706; x_wconf 90' lang='lat' dir='ltr'>n.</span> <span class='ocrx_word' id='word_1_887' title='bbox 437 2684 475 2706; x_wconf 78' lang='lat'>27.</span> <span class='ocrx_word' id='word_1_888' title='bbox 495 2684 561 2711; x_wconf 91' lang='lat' dir='ltr'>(tom.</span> <span class='ocrx_word' id='word_1_889' title='bbox 579 2684 643 2712; x_wconf 70' lang='lat' dir='ltr'>vit).</span> 
     </span>
    </p>

    <p class='ocr_par' dir='ltr' id='par_1_24' title="bbox 227 2714 899 2745">
     <span class='ocr_line' id='line_1_127' title="bbox 227 2714 899 2745; baseline 0.001 -8"><span class='ocrx_word' id='word_1_890' title='bbox 227 2714 236 2727; x_wconf 73' lang='lat'><strong>²</strong></span> <span class='ocrx_word' id='word_1_891' title='bbox 253 2714 382 2738; x_wconf 80' lang='lat' dir='ltr'>Comment‘.</span> <span class='ocrx_word' id='word_1_892' title='bbox 399 2716 421 2738; x_wconf 91' lang='lat' dir='ltr'>in</span> <span class='ocrx_word' id='word_1_893' title='bbox 438 2716 532 2743; x_wconf 81' lang='lat' dir='ltr'>Eccles.,</span> <span class='ocrx_word' id='word_1_894' title='bbox 549 2722 603 2743; x_wconf 79' lang='lat' dir='ltr'>pag.</span> <span class='ocrx_word' id='word_1_895' title='bbox 620 2716 664 2743; x_wconf 83' lang='lat'>90,</span> <span class='ocrx_word' id='word_1_896' title='bbox 680 2722 704 2737; x_wconf 87' lang='lat' dir='ltr'>v.</span> <span class='ocrx_word' id='word_1_897' title='bbox 720 2715 743 2738; x_wconf 86' lang='grc'><strong>’7.</strong></span> <span class='ocrx_word' id='word_1_898' title='bbox 763 2715 826 2744; x_wconf 88' lang='lat' dir='ltr'>(tom.</span> <span class='ocrx_word' id='word_1_899' title='bbox 845 2716 899 2745; x_wconf 68' lang='lat' dir='ltr'>Vt).</span> 
     </span>
    </p>

    <p class='ocr_par' dir='ltr' id='par_1_25' title="bbox 228 2745 426 2776">
     <span class='ocr_line' id='line_1_128' title="bbox 228 2745 426 2776; baseline -0.005 -7"><span class='ocrx_word' id='word_1_900' title='bbox 228 2745 237 2759; x_wconf 76' lang='lat'>³</span> <span class='ocrx_word' id='word_1_901' title='bbox 255 2747 322 2769; x_wconf 90' lang='lat' dir='ltr'>Num.</span> <span class='ocrx_word' id='word_1_902' title='bbox 339 2748 360 2768; x_wconf 87' lang='grc'><strong>2.</strong></span> <span class='ocrx_word' id='word_1_903' title='bbox 378 2753 426 2776; x_wconf 83' lang='lat' dir='ltr'>seq.</span> 
     </span>
    </p>

    <p class='ocr_par' dir='ltr' id='par_1_26' title="bbox 228 2776 736 2806">
     <span class='ocr_line' id='line_1_129' title="bbox 228 2776 736 2806; baseline 0 -6"><span class='ocrx_word' id='word_1_904' title='bbox 228 2776 238 2790; x_wconf 70' lang='lat'>4</span> <span class='ocrx_word' id='word_1_905' title='bbox 256 2777 386 2800; x_wconf 89' lang='lat' dir='ltr'>Comment.</span> <span class='ocrx_word' id='word_1_906' title='bbox 403 2779 423 2800; x_wconf 93' lang='lat' dir='ltr'>in</span> <span class='ocrx_word' id='word_1_907' title='bbox 442 2779 496 2801; x_wconf 87' lang='lat' dir='ltr'>Luc.</span> <span class='ocrx_word' id='word_1_908' title='bbox 514 2784 567 2806; x_wconf 83' lang='lat' dir='ltr'>pag.</span> <span class='ocrx_word' id='word_1_909' title='bbox 586 2778 640 2805; x_wconf 80' lang='grc'><strong>224,</strong></span> <span class='ocrx_word' id='word_1_910' title='bbox 655 2784 679 2800; x_wconf 83' lang='grc'>11.</span> <span class='ocrx_word' id='word_1_911' title='bbox 698 2779 736 2800; x_wconf 77' lang='grc'><strong>28.</strong></span> 
     </span>
    </p>

    <p class='ocr_par' dir='ltr' id='par_1_27' title="bbox 167 2808 1012 2900">
     <span class='ocr_line' id='line_1_130' title="bbox 229 2808 1011 2838; baseline 0 -7"><span class='ocrx_word' id='word_1_912' title='bbox 229 2808 238 2821; x_wconf 90' lang='lat'>⁵</span> <span class='ocrx_word' id='word_1_913' title='bbox 255 2810 308 2831; x_wconf 91' lang='lat' dir='ltr'>Loc.</span> <span class='ocrx_word' id='word_1_914' title='bbox 325 2810 362 2831; x_wconf 81' lang='lat' dir='ltr'>cit.</span> <span class='ocrx_word' id='word_1_915' title='bbox 380 2816 434 2838; x_wconf 86' lang='lat' dir='ltr'>pag.</span> <span class='ocrx_word' id='word_1_916' title='bbox 453 2810 510 2831; x_wconf 69' lang='lat'>433:</span> <span class='ocrx_word' id='word_1_917' title='bbox 532 2818 542 2829; x_wconf 74' lang='grc' dir='ltr'><strong>α</strong></span> <span class='ocrx_word' id='word_1_918' title='bbox 555 2810 597 2832; x_wconf 82' lang='lat' dir='ltr'>Les</span> <span class='ocrx_word' id='word_1_919' title='bbox 614 2815 708 2832; x_wconf 83' lang='lat' dir='ltr'>oeuvres</span> <span class='ocrx_word' id='word_1_920' title='bbox 719 2810 830 2832; x_wconf 84' lang='lat' dir='ltr'>oratoires</span> <span class='ocrx_word' id='word_1_921' title='bbox 847 2810 876 2832; x_wconf 91' lang='lat' dir='ltr'>de</span> <span class='ocrx_word' id='word_1_922' title='bbox 893 2810 952 2832; x_wconf 78' lang='lat' dir='ltr'>saint</span> <span class='ocrx_word' id='word_1_923' title='bbox 968 2810 1011 2831; x_wconf 91' lang='lat' dir='ltr'>Bo-</span> 
     </span>
     <span class='ocr_line' id='line_1_131' title="bbox 167 2840 1012 2869; baseline 0 -6"><span class='ocrx_word' id='word_1_924' title='bbox 167 2843 294 2863; x_wconf 82' lang='lat' dir='ltr'>naventure</span> <span class='ocrx_word' id='word_1_925' title='bbox 311 2840 420 2869; x_wconf 70' lang='lat' dir='ltr'>refletent,</span> <span class='ocrx_word' id='word_1_926' title='bbox 443 2847 472 2863; x_wconf 80' lang='lat' dir='ltr'>au</span> <span class='ocrx_word' id='word_1_927' title='bbox 490 2841 610 2868; x_wconf 81' lang='lat' dir='ltr'>contraire,</span> <span class='ocrx_word' id='word_1_928' title='bbox 627 2841 736 2863; x_wconf 81' lang='lat' dir='ltr'>l&#39;onction</span> <span class='ocrx_word' id='word_1_929' title='bbox 752 2841 896 2869; x_wconf 75' lang='lat' dir='ltr'>particuliere</span> <span class='ocrx_word' id='word_1_930' title='bbox 913 2848 941 2863; x_wconf 84' lang='lat' dir='ltr'>au</span> <span class='ocrx_word' id='word_1_931' title='bbox 960 2841 1012 2863; x_wconf 91' lang='lat' dir='ltr'>doc-</span> 
     </span>
     <span class='ocr_line' id='line_1_132' title="bbox 167 2871 408 2900; baseline 0.004 -6"><span class='ocrx_word' id='word_1_932' title='bbox 167 2874 218 2894; x_wconf 87' lang='lat' dir='ltr'>teur</span> <span class='ocrx_word' id='word_1_933' title='bbox 234 2871 374 2900; x_wconf 77' lang='lat' dir='ltr'>seraphique</span> <span class='ocrx_word' id='word_1_934' title='bbox 384 2880 408 2895; x_wconf 65' lang='grc' dir='ltr'>ιι.</span> 
     </span>
    </p>

    <p class='ocr_par' dir='ltr' id='par_1_28' title="bbox 167 2902 1012 2963">
     <span class='ocr_line' id='line_1_133' title="bbox 230 2902 1012 2931; baseline 0 -6"><span class='ocrx_word' id='word_1_935' title='bbox 230 2902 239 2915; x_wconf 77' lang='lat'>⁵</span> <span class='ocrx_word' id='word_1_936' title='bbox 256 2904 308 2926; x_wconf 88' lang='lat' dir='ltr'>Loc.</span> <span class='ocrx_word' id='word_1_937' title='bbox 326 2904 363 2925; x_wconf 84' lang='lat' dir='ltr'>cit.</span> <span class='ocrx_word' id='word_1_938' title='bbox 382 2907 396 2925; x_wconf 89' lang='lat' dir='ltr'>t.</span> <span class='ocrx_word' id='word_1_939' title='bbox 414 2904 449 2926; x_wconf 90' lang='lat' dir='ltr'>lV.</span> <span class='ocrx_word' id='word_1_940' title='bbox 468 2909 522 2931; x_wconf 78' lang='lat' dir='ltr'>pag.</span> <span class='ocrx_word' id='word_1_941' title='bbox 541 2903 564 2925; x_wconf 80' lang='grc'>41</span> <span class='ocrx_word' id='word_1_942' title='bbox 586 2903 652 2926; x_wconf 81' lang='lat' dir='ltr'>dicit:</span> <span class='ocrx_word' id='word_1_943' title='bbox 673 2912 684 2923; x_wconf 77' lang='grc' dir='ltr'>ιι</span> <span class='ocrx_word' id='word_1_944' title='bbox 697 2903 727 2926; x_wconf 88' lang='lat' dir='ltr'>Ce</span> <span class='ocrx_word' id='word_1_945' title='bbox 743 2903 810 2926; x_wconf 87' lang='lat' dir='ltr'>docte</span> <span class='ocrx_word' id='word_1_946' title='bbox 832 2903 978 2931; x_wconf 83' lang='lat' dir='ltr'>predicateur</span> <span class='ocrx_word' id='word_1_947' title='bbox 999 2909 1012 2925; x_wconf 87' lang='lat' dir='ltr'>a</span> 
     </span>
     <span class='ocr_line' id='line_1_134' title="bbox 167 2934 1012 2963; baseline 0 -7"><span class='ocrx_word' id='word_1_948' title='bbox 167 2935 341 2957; x_wconf 85' lang='lat' dir='ltr'>naturellement</span> <span class='ocrx_word' id='word_1_949' title='bbox 365 2934 480 2963; x_wconf 72' lang='lat' dir='ltr'>dedaigne</span> <span class='ocrx_word' id='word_1_950' title='bbox 500 2935 529 2958; x_wconf 86' lang='lat' dir='ltr'>de</span> <span class='ocrx_word' id='word_1_951' title='bbox 550 2941 575 2957; x_wconf 86' lang='lat' dir='ltr'>se</span> <span class='ocrx_word' id='word_1_952' title='bbox 596 2936 728 2957; x_wconf 78' lang='lat' dir='ltr'>conformer</span> <span class='ocrx_word' id='word_1_953' title='bbox 745 2934 757 2957; x_wconf 69' lang='lat' dir='ltr'>a</span> <span class='ocrx_word' id='word_1_954' title='bbox 783 2935 801 2957; x_wconf 85' lang='lat' dir='ltr'>la</span> <span class='ocrx_word' id='word_1_955' title='bbox 826 2935 894 2958; x_wconf 85' lang='lat' dir='ltr'>mode</span> <span class='ocrx_word' id='word_1_956' title='bbox 917 2935 945 2957; x_wconf 92' lang='lat' dir='ltr'>de</span> <span class='ocrx_word' id='word_1_957' title='bbox 970 2941 1012 2957; x_wconf 90' lang='lat' dir='ltr'>son</span> 
     </span>
    </p>
   </div>
   <div class='ocr_carea' id='block_1_19' title="bbox 1016 215 1042 2963">
    <p class='ocr_par' dir='ltr' id='par_1_29' title="bbox 1016 215 1042 2963">
     <span class='ocr_line' id='line_1_135' title="bbox 1016 215 1042 2963; baseline 0 0"><span class='ocrx_word' id='word_1_958' title='bbox 1016 215 1042 2963; x_wconf 95' lang='lat' dir='ltr'> </span> 
     </span>
    </p>
   </div>
   <div class='ocr_carea' id='block_1_20' title="bbox 1066 2678 1914 2961">
    <p class='ocr_par' dir='ltr' id='par_1_30' title="bbox 1066 2678 1913 2831">
     <span class='ocr_line' id='line_1_136' title="bbox 1066 2678 1913 2712; baseline -0.007 -6"><span class='ocrx_word' id='word_1_959' title='bbox 1066 2687 1150 2712; x_wconf 87' lang='lat' dir='ltr'>temps.</span> <span class='ocrx_word' id='word_1_960' title='bbox 1167 2684 1180 2706; x_wconf 90' lang='lat'>11</span> <span class='ocrx_word' id='word_1_961' title='bbox 1198 2686 1232 2706; x_wconf 85' lang='lat' dir='ltr'>est</span> <span class='ocrx_word' id='word_1_962' title='bbox 1248 2684 1318 2705; x_wconf 79' lang='lat' dir='ltr'>d’une</span> <span class='ocrx_word' id='word_1_963' title='bbox 1336 2682 1424 2711; x_wconf 81' lang='lat' dir='ltr'>gravite</span> <span class='ocrx_word' id='word_1_964' title='bbox 1446 2684 1570 2704; x_wconf 81' lang='lat' dir='ltr'>constante.</span> <span class='ocrx_word' id='word_1_965' title='bbox 1593 2680 1733 2709; x_wconf 83' lang='lat' dir='ltr'>Cependant,</span> <span class='ocrx_word' id='word_1_966' title='bbox 1756 2678 1913 2707; x_wconf 84' lang='lat' dir='ltr'>regardons-le</span> 
     </span>
     <span class='ocr_line' id='line_1_137' title="bbox 1067 2710 1913 2743; baseline -0.007 -6"><span class='ocrx_word' id='word_1_967' title='bbox 1067 2715 1133 2738; x_wconf 87' lang='lat' dir='ltr'>bien:</span> <span class='ocrx_word' id='word_1_968' title='bbox 1155 2721 1197 2737; x_wconf 84' lang='lat' dir='ltr'>son</span> <span class='ocrx_word' id='word_1_969' title='bbox 1220 2715 1304 2743; x_wconf 82' lang='lat' dir='ltr'>regard</span> <span class='ocrx_word' id='word_1_970' title='bbox 1326 2715 1384 2736; x_wconf 89' lang='lat' dir='ltr'>n&#39;est</span> <span class='ocrx_word' id='word_1_971' title='bbox 1405 2720 1447 2742; x_wconf 80' lang='lat' dir='ltr'>pas</span> <span class='ocrx_word' id='word_1_972' title='bbox 1470 2714 1521 2740; x_wconf 85' lang='lat' dir='ltr'>dur,</span> <span class='ocrx_word' id='word_1_973' title='bbox 1542 2713 1555 2735; x_wconf 91' lang='lat' dir='ltr'>il</span> <span class='ocrx_word' id='word_1_974' title='bbox 1577 2715 1611 2735; x_wconf 86' lang='lat' dir='ltr'>est</span> <span class='ocrx_word' id='word_1_975' title='bbox 1633 2712 1726 2739; x_wconf 83' lang='lat' dir='ltr'>tendre;</span> <span class='ocrx_word' id='word_1_976' title='bbox 1749 2710 1859 2739; x_wconf 75' lang='lat' dir='ltr'>qnoiqu’il</span> <span class='ocrx_word' id='word_1_977' title='bbox 1882 2710 1913 2731; x_wconf 84' lang='lat' dir='ltr'>ait</span> 
     </span>
     <span class='ocr_line' id='line_1_138' title="bbox 1066 2741 1911 2774; baseline -0.008 -5"><span class='ocrx_word' id='word_1_978' title='bbox 1066 2747 1197 2774; x_wconf 74' lang='lat' dir='ltr'>longtemps</span> <span class='ocrx_word' id='word_1_979' title='bbox 1215 2745 1273 2768; x_wconf 74' lang='lat' dir='ltr'>vecu</span> <span class='ocrx_word' id='word_1_980' title='bbox 1292 2746 1365 2773; x_wconf 84' lang='lat' dir='ltr'>parmi</span> <span class='ocrx_word' id='word_1_981' title='bbox 1384 2746 1416 2767; x_wconf 85' lang='lat' dir='ltr'>les</span> <span class='ocrx_word' id='word_1_982' title='bbox 1433 2745 1588 2772; x_wconf 79' lang='lat' dir='ltr'>philosopnes,</span> <span class='ocrx_word' id='word_1_983' title='bbox 1606 2744 1618 2765; x_wconf 91' lang='lat' dir='ltr'>il</span> <span class='ocrx_word' id='word_1_984' title='bbox 1636 2743 1671 2765; x_wconf 78' lang='lat' dir='ltr'>n&#39;a</span> <span class='ocrx_word' id='word_1_985' title='bbox 1690 2749 1731 2771; x_wconf 79' lang='lat' dir='ltr'>pas</span> <span class='ocrx_word' id='word_1_986' title='bbox 1742 2743 1792 2764; x_wconf 80' lang='lat' dir='ltr'>leur</span> <span class='ocrx_word' id='word_1_987' title='bbox 1805 2741 1911 2763; x_wconf 83' lang='lat' dir='ltr'>maintien</span> 
     </span>
     <span class='ocr_line' id='line_1_139' title="bbox 1068 2772 1912 2806; baseline -0.008 -6"><span class='ocrx_word' id='word_1_988' title='bbox 1068 2778 1196 2806; x_wconf 69' lang='lat' dir='ltr'>megisti-213</span> <span class='ocrx_word' id='word_1_989' title='bbox 1214 2784 1239 2799; x_wconf 86' lang='lat' dir='ltr'>sa</span> <span class='ocrx_word' id='word_1_990' title='bbox 1256 2778 1309 2799; x_wconf 87' lang='lat' dir='ltr'>voix</span> <span class='ocrx_word' id='word_1_991' title='bbox 1327 2777 1401 2799; x_wconf 82' lang='lat' dir='ltr'>donce</span> <span class='ocrx_word' id='word_1_992' title='bbox 1418 2782 1446 2798; x_wconf 89' lang='grc'>110</span> <span class='ocrx_word' id='word_1_993' title='bbox 1463 2775 1601 2798; x_wconf 80' lang='lat' dir='ltr'>commende</span> <span class='ocrx_word' id='word_1_994' title='bbox 1613 2781 1667 2802; x_wconf 78' lang='lat' dir='ltr'>pas;</span> <span class='ocrx_word' id='word_1_995' title='bbox 1685 2774 1725 2796; x_wconf 90' lang='lat' dir='ltr'>elle</span> <span class='ocrx_word' id='word_1_996' title='bbox 1742 2773 1854 2800; x_wconf 86' lang='lat' dir='ltr'>conseille,</span> <span class='ocrx_word' id='word_1_997' title='bbox 1871 2772 1912 2794; x_wconf 85' lang='lat' dir='ltr'>elle</span> 
     </span>
     <span class='ocr_line' id='line_1_140' title="bbox 1067 2811 1248 2831; baseline -0.006 0"><span class='ocrx_word' id='word_1_998' title='bbox 1067 2811 1161 2831; x_wconf 81' lang='lat' dir='ltr'>exhorte</span> <span class='ocrx_word' id='word_1_999' title='bbox 1173 2817 1183 2828; x_wconf 72' lang='lat'>2&gt;</span> <span class='ocrx_word' id='word_1_1000' title='bbox 1203 2811 1248 2831; x_wconf 76' lang='lat' dir='ltr'>etc.</span> 
     </span>
    </p>

    <p class='ocr_par' dir='ltr' id='par_1_31' title="bbox 1131 2839 1471 2867">
     <span class='ocr_line' id='line_1_141' title="bbox 1131 2839 1471 2867; baseline -0.006 -5"><span class='ocrx_word' id='word_1_1001' title='bbox 1131 2839 1139 2853; x_wconf 90' lang='lat'>⁷</span> <span class='ocrx_word' id='word_1_1002' title='bbox 1157 2840 1284 2867; x_wconf 80' lang='lat' dir='ltr'>Scriptores</span> <span class='ocrx_word' id='word_1_1003' title='bbox 1301 2842 1344 2862; x_wconf 85' lang='lat' dir='ltr'>etc.</span> <span class='ocrx_word' id='word_1_1004' title='bbox 1361 2845 1415 2867; x_wconf 79' lang='lat' dir='ltr'>pag.</span> <span class='ocrx_word' id='word_1_1005' title='bbox 1433 2839 1471 2860; x_wconf 84' lang='lat'>97.</span> 
     </span>
    </p>

    <p class='ocr_par' dir='ltr' id='par_1_32' title="bbox 1130 2866 1822 2899">
     <span class='ocr_line' id='line_1_142' title="bbox 1130 2866 1822 2899; baseline -0.01 -5"><span class='ocrx_word' id='word_1_1006' title='bbox 1130 2870 1139 2883; x_wconf 67' lang='grc' dir='ltr'>Β</span> <span class='ocrx_word' id='word_1_1007' title='bbox 1158 2871 1277 2899; x_wconf 83' lang='lat' dir='ltr'>Supplem.</span> <span class='ocrx_word' id='word_1_1008' title='bbox 1295 2871 1324 2893; x_wconf 84' lang='lat' dir='ltr'>ad</span> <span class='ocrx_word' id='word_1_1009' title='bbox 1341 2871 1400 2898; x_wconf 84' lang='lat' dir='ltr'>Opp.</span> <span class='ocrx_word' id='word_1_1010' title='bbox 1417 2869 1501 2896; x_wconf 84' lang='lat' dir='ltr'>omnia,</span> <span class='ocrx_word' id='word_1_1011' title='bbox 1519 2871 1574 2891; x_wconf 89' lang='lat' dir='ltr'>tom.</span> <span class='ocrx_word' id='word_1_1012' title='bbox 1592 2868 1624 2890; x_wconf 83' lang='lat' dir='ltr'>ill.</span> <span class='ocrx_word' id='word_1_1013' title='bbox 1641 2868 1682 2890; x_wconf 89' lang='lat' dir='ltr'>col.</span> <span class='ocrx_word' id='word_1_1014' title='bbox 1701 2866 1745 2889; x_wconf 83' lang='grc'><strong>385</strong></span> <span class='ocrx_word' id='word_1_1015' title='bbox 1757 2872 1822 2894; x_wconf 82' lang='lat' dir='ltr'>seqq.</span> 
     </span>
    </p>

    <p class='ocr_par' dir='ltr' id='par_1_33' title="bbox 1131 2899 1772 2930">
     <span class='ocr_line' id='line_1_143' title="bbox 1131 2899 1772 2930; baseline -0.011 -5"><span class='ocrx_word' id='word_1_1016' title='bbox 1131 2901 1140 2914; x_wconf 78' lang='lat'>⁹</span> <span class='ocrx_word' id='word_1_1017' title='bbox 1158 2902 1246 2930; x_wconf 84' lang='lat' dir='ltr'>Migne,</span> <span class='ocrx_word' id='word_1_1018' title='bbox 1264 2902 1344 2924; x_wconf 84' lang='lat' dir='ltr'>Patrol.</span> <span class='ocrx_word' id='word_1_1019' title='bbox 1361 2902 1409 2923; x_wconf 83' lang='lat' dir='ltr'>Lat.</span> <span class='ocrx_word' id='word_1_1020' title='bbox 1426 2904 1482 2923; x_wconf 86' lang='lat' dir='ltr'>tom.</span> <span class='ocrx_word' id='word_1_1021' title='bbox 1498 2900 1563 2922; x_wconf 86' lang='lat' dir='ltr'>CCX.</span> <span class='ocrx_word' id='word_1_1022' title='bbox 1583 2899 1625 2921; x_wconf 89' lang='lat' dir='ltr'>col.</span> <span class='ocrx_word' id='word_1_1023' title='bbox 1646 2899 1684 2920; x_wconf 77' lang='grc'>111</span> <span class='ocrx_word' id='word_1_1024' title='bbox 1707 2904 1772 2926; x_wconf 82' lang='lat' dir='ltr'>seqq.</span> 
     </span>
    </p>

    <p class='ocr_par' dir='ltr' id='par_1_34' title="bbox 1132 2928 1914 2961">
     <span class='ocr_line' id='line_1_144' title="bbox 1132 2928 1914 2961; baseline -0.009 -5"><span class='ocrx_word' id='word_1_1025' title='bbox 1132 2932 1151 2946; x_wconf 90' lang='lat'>¹⁰</span> <span class='ocrx_word' id='word_1_1026' title='bbox 1163 2935 1302 2961; x_wconf 82' lang='lat' dir='ltr'>impressum</span> <span class='ocrx_word' id='word_1_1027' title='bbox 1312 2933 1334 2955; x_wconf 92' lang='lat' dir='ltr'>in</span> <span class='ocrx_word' id='word_1_1028' title='bbox 1345 2930 1689 2957; x_wconf 71' lang='lat' dir='ltr'>Max.ssibliotn.patrum,tXX</span> <span class='ocrx_word' id='word_1_1029' title='bbox 1695 2929 1722 2951; x_wconf 94' lang='lat' dir='ltr'>V.</span> <span class='ocrx_word' id='word_1_1030' title='bbox 1731 2935 1784 2957; x_wconf 83' lang='lat' dir='ltr'>pag.</span> <span class='ocrx_word' id='word_1_1031' title='bbox 1795 2928 1838 2950; x_wconf 82' lang='lat'>567</span> <span class='ocrx_word' id='word_1_1032' title='bbox 1848 2934 1914 2956; x_wconf 85' lang='lat' dir='ltr'>seqq.</span> 
     </span>
    </p>
   </div>
   <div class='ocr_carea' id='block_1_21' title="bbox 1907 429 2034 495">
    <p class='ocr_par' dir='ltr' id='par_1_35' title="bbox 1907 429 2034 495">
     <span class='ocr_line' id='line_1_145' title="bbox 1942 429 2034 448; baseline 0.011 -1"><span class='ocrx_word' id='word_1_1033' title='bbox 1942 429 2034 448; x_wconf 79' lang='lat' dir='ltr'>Differuut</span> 
     </span>
     <span class='ocr_line' id='line_1_146' title="bbox 1907 455 2034 471; baseline 0 0"><span class='ocrx_word' id='word_1_1034' title='bbox 1907 457 2002 471; x_wconf 76' lang='lat' dir='ltr'>semones</span> <span class='ocrx_word' id='word_1_1035' title='bbox 2015 455 2034 471; x_wconf 83' lang='lat' dir='ltr'>et</span> 
     </span>
     <span class='ocr_line' id='line_1_147' title="bbox 1907 476 2022 495; baseline 0 -1"><span class='ocrx_word' id='word_1_1036' title='bbox 1907 476 2022 495; x_wconf 77' lang='lat' dir='ltr'>collationes.</span> 
     </span>
    </p>
   </div>
   <div class='ocr_carea' id='block_1_22' title="bbox 1916 1245 1993 1263">
    <p class='ocr_par' dir='ltr' id='par_1_36' title="bbox 1916 1245 1993 1263">
     <span class='ocr_line' id='line_1_148' title="bbox 1916 1245 1993 1263; baseline -0.013 0"><span class='ocrx_word' id='word_1_1037' title='bbox 1916 1245 1993 1263; x_wconf 79' lang='lat' dir='ltr'>Alanus.</span> 
     </span>
    </p>
   </div>
   <div class='ocr_carea' id='block_1_23' title="bbox 1925 2235 2047 2254">
    <p class='ocr_par' dir='ltr' id='par_1_37' title="bbox 1925 2235 2047 2254">
     <span class='ocr_line' id='line_1_149' title="bbox 1925 2235 2047 2254; baseline -0.008 0"><span class='ocrx_word' id='word_1_1038' title='bbox 1925 2235 2047 2254; x_wconf 81' lang='lat' dir='ltr'>Ilumbertus.</span> 
     </span>
    </p>
   </div>
   <div class='ocr_carea' id='block_1_24' title="bbox 1927 2407 2057 2472">
    <p class='ocr_par' dir='ltr' id='par_1_38' title="bbox 1927 2407 2057 2472">
     <span class='ocr_line' id='line_1_150' title="bbox 1958 2407 2057 2425; baseline 0 0"><span class='ocrx_word' id='word_1_1039' title='bbox 1958 2407 2057 2425; x_wconf 71' lang='lat' dir='ltr'>Traetatus</span> 
     </span>
     <span class='ocr_line' id='line_1_151' title="bbox 1927 2430 2057 2454; baseline -0.008 -5"><span class='ocrx_word' id='word_1_1040' title='bbox 1927 2431 2009 2449; x_wconf 75' lang='lat' dir='ltr'>ineditus</span> <span class='ocrx_word' id='word_1_1041' title='bbox 2019 2430 2057 2454; x_wconf 88' lang='lat' dir='ltr'>pri-</span> 
     </span>
     <span class='ocr_line' id='line_1_152' title="bbox 1927 2459 1975 2472; baseline 0 0"><span class='ocrx_word' id='word_1_1042' title='bbox 1927 2459 1975 2472; x_wconf 79' lang='lat' dir='ltr'>mus.</span> 
     </span>
    </p>
   </div>
  </div>
 </body>
</html>
