2243 3348
37 742 108 760 Sermo.

0 1122 10 1136 ,ε
20 1116 111 1135 ascensio-

0 1145 28 1164 μη
41 1140 83 1158 tria.

0 1200 2 1247 l

5 1542 51 1564 simu,
60 1538 91 1564 *de

2 1568 6 1581 Ι,
15 1565 110 1580 ceuSloue.

19 1914 62 1937 plex
74 1913 106 1932 do·

20 1942 73 1956 *Dum-

9 2527 19 2541 αι
28 2523 104 2543 Divisio.

759 189 789 216 lN
811 187 1030 216 PENTECOSTE.
1053 186 1162 215 SERMO
1185 187 1236 215 Vll.

129 271 241 305 propter
263 267 569 296 communicabilitatem
592 274 658 295 suae
688 266 808 303 gloriae,
828 264 971 293 suavissi-

128 323 195 343 mus
216 318 329 351 propter
350 314 607 343 desiderabilitatem
630 320 696 341 suae
718 312 900 348 praesentiae,
922 319 972 339 no-

128 360 291 389 bilissimus
307 363 420 397 propter
435 360 632 389 sublimitatem
649 366 716 386 suae
730 360 855 389 naturae,
877 356 972 394 effica-

128 407 265 435 cissimus
286 409 400 443 propter
422 405 622 434 virtuositatem
645 412 711 432 suae
732 403 885 440 potentiae;
914 403 972 439 ipse

128 454 175 490 qui
192 453 271 482 hodie
287 461 337 482 sua
352 452 495 481 influentia
508 451 657 480 abundanti
675 450 791 487 replevit
805 450 889 478 corda
904 450 972 486 Apo-

128 501 280 534 stolorum,
309 503 431 528 nostram
461 498 586 526 irradiet
614 497 825 531 intellectivam,
849 500 971 525 nostram

128 546 287 582 inflammet
307 545 476 578 affectivam,
499 547 621 573 nostram
654 543 767 581 cliriyat
794 543 971 577 intentivam‚

127 595 249 622 nostram
278 591 412 629 fecundet
445 591 698 628 interpretativam,
720 593 842 619 nostram
872 590 972 618 revelet

127 640 292 673 auditivam,
314 647 370 676 quo
391 638 540 667 irradiante
562 642 612 667 etc.

206 687 265 723 Qui
284 685 427 715 descendit
449 686 509 722 ipse
529 689 569 713 est
584 688 635 714 etc.
653 686 678 713 ln
695 685 787 713 verbis
802 684 861 713 istis
876 692 971 713 exem-

126 734 171 771 plo
192 733 309 767 Christi,
332 733 377 770 qui
402 733 453 761 fuit
476 732 544 761 liber
566 735 592 760 et
614 732 757 768 speculum
780 734 807 760 et
828 732 971 767 exemplar

126 781 239 809 humani
268 780 378 817 generis
408 783 436 808 et
464 780 548 808 totius
579 779 751 815 evangelicae
780 778 970 815 perfectionis,

126 827 245 856 traditur
265 827 428 855 Christianis
449 830 476 855 et
497 826 618 854 maxime
646 825 789 853 Fratribus
821 825 972 853 Minoribus

126 874 215 903 forma
237 874 376 911 religionis
398 877 424 902 et
446 873 616 906 salvationis;
639 872 704 909 quia
726 871 836 908 quidem
858 871 971 900 descen-

125 922 191 950 dere
212 925 239 950 et
260 921 400 950 humiliari
430 923 471 949 est
502 920 546 948 via
576 920 633 948 sive
661 919 759 947 modus
791 919 887 947 salutis
914 919 971 947 sive

127 968 319 1001 beatitudinis,
341 968 389 1004 qui
411 966 532 1003 (modus)
554 970 595 995 est
616 966 765 995 ascendere
786 969 813 994 et
827 965 927 994 elevari
944 969 970 994 et

125 1015 203 1043 donis
225 1014 394 1043 salutaribus
414 1012 566 1049 adimpleri.

204 1061 283 1089 Circa
304 1068 375 1097 quae
396 1060 489 1088 omnia
511 1059 740 1088 considerandum
763 1062 817 1091 est⁷
833 1059 905 1096 quod
923 1059 969 1096 qui

125 1108 279 1137 ascendere
301 1108 359 1136 vult
379 1107 413 1136 ad
434 1107 647 1135 venerationem
675 1106 784 1135 divinae
805 1107 970 1140 maiestatis,

124 1155 158 1184 de
179 1163 234 1192 qua
256 1155 340 1183 Exodi
364 1154 494 1191 vigesimo
515 1157 615 1190 quarto
628 1155 653 1181 ¹:
671 1153 871 1181 Aseenclerunt
892 1153 970 1191 Moy-

124 1211 168 1231 ses
189 1206 214 1230 et
235 1203 354 1235 Aaron,
379 1201 482 1230 Naclab
505 1204 530 1229 et
563 1201 641 1229 Abiu
672 1203 696 1229 et
728 1201 916 1237 septuaginta
937 1200 970 1229 (le

124 1248 288 1277 senioribus
312 1248 403 1277 lsrael
423 1252 448 1277 et
468 1248 605 1276 viderunt
629 1248 719 1276 Deum
749 1247 849 1275 Israel.
871 1264 910 1267 -—
932 1248 968 1276 Ad

125 1295 390 1333 contemptationem.
421 1303 546 1324 summae
579 1295 716 1329 veritatis;
739 1294 772 1323 de
800 1302 854 1331 qua
888 1294 970 1323 lsaiae

125 1343 260 1372 secundo:
291 1343 383 1371 Venite
404 1346 428 1371 et
449 1343 644 1371 ascendamus
658 1342 836 1370 calmontem
854 1342 971 1371 Domini

124 1394 150 1419 et
170 1390 210 1418 acl
230 1391 350 1418 (lonium
375 1390 426 1419 Dei
447 1390 549 1424 Iacob,
571 1393 596 1418 et
616 1389 725 1418 docebit
741 1398 794 1418 nos
810 1390 873 1418 uias
887 1398 968 1418 suas.

125 1453 161 1457 —
184 1437 220 1465 Ad
240 1437 499 1474 participationem
520 1436 628 1465 divinae
650 1436 794 1464 bonitatis:

202 1487 311 1520 oportet
329 1484 495 1512 descendere
509 1483 543 1511 ad
558 1483 818 1511 considerationem
834 1490 899 1511 suae
915 1482 969 1510 fra-

124 1531 250 1568 gilitatis3
281 1531 362 1559 Isaiae
391 1530 600 1567 quadragesimo
628 1530 783 1566 septin102:
812 1530 968 1563 Descende,

124 1578 188 1607 sede
209 1578 239 1606 in
257 1578 387 1615 pulbere,
402 1578 485 1614 viryo
506 1577 570 1613 filia
590 1576 737 1614 Babylon,
753 1577 817 1605 sede
831 1577 863 1604 in
879 1580 968 1605 terra.

127 1642 161 1645 -—
183 1625 219 1653 Ad
243 1624 475 1662 recogitationem
504 1632 571 1652 suae
592 1624 745 1657 caecitatis;
769 1623 897 1652 Ieremiae
923 1623 969 1652 de-

125 1673 195 1701 cimo
216 1676 327 1700 octavo:
344 1671 437 1708 Surge
456 1675 482 1699 ct
495 1671 629 1699 descende
651 1671 682 1699 in
697 1671 817 1698 (tomum
838 1670 923 1707 figyuli
944 1673 970 1698 et

125 1719 165 1748 ibi
191 1718 295 1747 audies
324 1718 410 1747 verba
431 1726 504 1746 mea.
529 1735 564 1738 -—
586 1717 624 1745 Ad
652 1717 874 1754 recognitionem
904 1724 970 1745 suae

124 1766 280 1799 servitutis;
296 1765 381 1793 Exodi
398 1765 504 1794 decimo
518 1773 606 1793 nono:
630 1766 649 1792 Α
658 1764 679 1792 it
699 1764 857 1792 Dominus:
879 1764 969 1798 Vade,

123 1813 258 1842 descende
278 1812 312 1841 (le
332 1815 427 1840 monte
449 1812 541 1840 Sinai.

203 1859 233 1888 Et
265 1859 325 1888 talis
356 1859 523 1896 adimpletur
553 1859 625 1887 dono
655 1859 852 1891 reverentiam
886 1858 969 1887 Isaiae

125 1907 309 1936 undeciin032
334 1907 367 1935 Et
388 1906 505 1943 replebit
526 1914 591 1934 euin
612 1906 738 1943 spiritus
767 1905 882 1934 timoris
916 1906 970 1933 Do-

124 1953 205 1982 mini.
235 1970 272 1973 —
300 1954 374 1982 Dono
400 1953 518 1991 gratiae
546 1952 665 1989 Spiritus
693 1953 799 1987 sancti,
830 1952 968 1981 psalmus:

125 2001 302 2038 Adimplebis
323 2009 366 2029 me
387 2001 499 2029 laetitia
520 2009 588 2029 Cum
608 2000 691 2029 valta
714 2005 771 2028 tuo.

451 2096 542 2123 Sentio
564 2095 606 2122 Vll
619 2095 639 2122 ⁴¹.

205 2189 293 2217 Omne
314 2189 417 2217 datum
439 2188 580 2225 optimam
601 2193 625 2216 et
648 2196 730 2216 omne
744 2189 854 2216 donum
873 2188 969 2226 perfe-

123 2240 201 2264 ctam
223 2236 379 2264 desursum
400 2240 454 2268 est,
477 2235 648 2263 descendens
663 2243 682 2263 a
700 2235 789 2263 Patre
810 2235 969 2269 laminam,

123 2283 205 2319 apud
226 2291 309 2320 quem
332 2291 389 2311 non
410 2286 449 2310 est
465 2282 676 2310 transmutatio
691 2291 742 2310 nec
756 2282 970 2310 rvicissitudinis

123 2329 316 2362 obumbratio,
340 2329 425 2358 lacobi
450 2329 570 2365 primo?

203 2377 230 2405 ln
253 2377 337 2405 verbo
367 2377 506 2413 proposito
537 2376 704 2405 describitur
736 2376 814 2405 nobis
843 2377 970 2405 sublimis

123 2424 200 2460 origo
221 2424 401 2452 emanationis
422 2423 557 2451 donorum
581 2423 700 2460 Spiritus
721 2424 822 2457 sancti⁷
855 2424 902 2460 qui
927 2423 970 2452 die

125 2471 296 2499 pentecostes
317 2471 486 2499 excellenter
508 2470 637 2506 apparuit
668 2471 810 2507 Apostolis.
834 2470 971 2499 Describi-

124 2519 170 2544 tur
184 2520 276 2545 autem
292 2520 426 2553 quantum
442 2517 474 2545 ad
498 2517 564 2545 tria:
582 2517 682 2553 primo,
698 2521 833 2554 quantum
850 2517 882 2545 ad
898 2526 971 2555 qua-

124 2563 232 2591 litatem
254 2564 349 2600 ipsius
370 2564 456 2597 (loni,
479 2572 542 2592 cum
565 2564 682 2593 dicitur:
705 2565 807 2592 datam
828 2565 971 2601 optimum

124 2614 147 2638 et
168 2610 277 2638 (tonum
296 2609 466 2647 perfectam.
489 2611 628 2645 Secundo,
651 2614 786 2648 quantum
808 2611 840 2639 ad
863 2611 971 2639 idonei-

125 2660 212 2685 tatem
233 2657 417 2694 receptaculi,
439 2665 502 2686 cum
524 2658 641 2687 dicitur:
664 2659 852 2692 descendens,
869 2658 895 2686 in
916 2667 971 2695 quo

188 2791 194 2803 ¹
215 2791 278 2813 Vors.
297 2791 318 2813 9.
339 2797 399 2819 seq.;
417 2792 520 2820 seqnitur
539 2792 587 2814 lsai.
605 2793 630 2818 -2,
650 2793 670 2814 3.

187 2829 195 2842 ²
214 2830 279 2852 Vei-s.
301 2830 322 2857 1;
348 2834 476 2858 sequuntur
494 2831 533 2852 lcr.
563 2832 599 2857 18,
623 2832 648 2857 ·Z;
672 2832 741 2854 Exod,
772 2833 809 2860 19,
834 2832 870 2854 24.
897 2839 923 2855 ac
949 2838 967 2854 c.

124 2869 167 2897 34,
186 2869 223 2891 29.

187 2908 195 2920 ³
214 2908 279 2930 Vers.
298 2909 322 2934 33
341 2908 445 2936 sequitur
463 2909 496 2930 ΡΞ.
520 2908 558 2935 15,
580 2909 614 2930 11.

186 2947 196 2959 *²
213 2946 314 2969 Habean-
332 2947 454 2974 monachii,
472 2947 575 2970 biblioth.
593 2948 669 2975 regia,
680 2948 703 2970 in
716 2948 767 2970 (sod.
785 2949 832 2971 Lat.
846 2949 916 2971 7776.
934 2950 970 2971 t'ol.

125 2987 169 3009 222
187 2993 205 3008 r.
223 2989 245 3008 et
261 2988 283 3008 in
302 2986 354 3008 cod.
372 2986 498 3009 Tudertino
516 2993 539 3009 n.
564 2987 613 3009 182.
632 2988 669 3009 sol.
691 2987 743 3015 137,
761 2988 800 3015 qui
823 2988 922 3015 optimas
942 2989 970 3009 le-

218 3033 245 3056 S.
261 3033 354 3056 Bonae.
369 3046 399 3050 —-
413 3034 482 3056 Toni.
497 3033 536 3055 IX.

1815 188 1870 216 337

1030 263 1199 297 insinuatur,
1221 263 1295 300 quod
1315 263 1386 291 dona
1407 264 1526 299 Spiritus
1541 263 1627 291 sancti
1642 272 1695 291 non
1717 265 1872 300 suscipiun-

1029 313 1075 338 tur
1097 310 1148 338 nisi
1171 310 1197 338 in
1219 309 1301 338 corde
1324 310 1430 338 humili.
1453 310 1545 338 Tertio
1579 318 1659 343 vero,
1682 314 1816 346 quantum
1838 312 1872 340 ad

1027 356 1234 384 sublimitatem
1262 356 1417 393 principii,
1441 364 1504 384 cum
1532 356 1649 384 dicitur:
1676 365 1695 384 a
1724 358 1812 385 Patre
1833 358 1874 386 lu-

1028 403 1142 430 minum
1164 405 1214 431 etc.

1109 449 1139 477 Et
1162 452 1191 476 ut
1219 457 1235 477 a
1264 449 1400 485 principio
1431 449 1583 477 secundnm
1614 453 1720 478 rectum
1749 450 1872 479 ordinem

1029 496 1207 530 inchoemus,
1229 496 1426 524 attendendum
1448 499 1505 529 est,
1527 497 1603 533 quod.
1619 497 1802 534 principium
1824 498 1873 526 cto-

1028 551 1133 570 norum
1157 542 1276 579 Spiritus
1298 543 1383 571 sancti
1406 546 1447 571 est
1469 543 1526 579 ipse
1549 544 1769 579 Deus-Trinitas,
1792 545 1874 573 subli-

1029 590 1110 618 miter
1122 590 1167 618 illa
1179 589 1347 626 principians
1362 598 1413 626 pro
1428 597 1535 618 summa
1549 589 1748 625 benevolentia,
1765 599 1874 620 sumina

1028 636 1174 673 sapientia
1189 639 1216 665 et
1230 644 1339 665 summa
1352 636 1495 673 potentia;
1510 640 1537 664 et
1552 636 1618 665 haec
1630 637 1683 665 tria
1698 638 1873 666 insinuantur

1028 683 1055 711 in
1076 683 1240 712 auctoritate
1262 683 1420 720 praemissa.
1438 683 1465 711 ln
1481 683 1532 711 hoc
1547 683 1628 717 enim,
1644 684 1717 720 quod
1739 684 1839 713 dicitur
1855 694 1874 713 a

1029 730 1135 763 Patre,
1159 730 1280 766 tangitur
1304 729 1513 762 benevolentia‚·
1536 730 1561 758 in
1592 730 1644 758 boc
1672 731 1745 767 quod
1772 731 1874 760 dicitur

1028 777 1191 811 luminum,
1206 777 1364 805 insinuatur
1378 777 1543 813 sapientia;
1562 777 1588 805 in
1611 778 1663 805 hoc
1684 778 1756 814 quod
1773 778 1873 807 dicitur

1028 824 1110 861 apucl
1136 833 1219 862 quem
1246 832 1303 852 non
1330 828 1371 852 est
1398 824 1609 852 transmutatio
1633 827 1695 858 etc.,
1718 825 1874 854 insinuatur

1029 871 1123 899 oiictus
1145 871 1250 899 stabilis
1270 874 1297 899 et
1318 871 1591 907 omnipotentissima.

1106 918 1152 946 Est
1173 918 1258 954 igitur
1281 917 1487 946 Deus-Trinitas
1510 926 1559 954 pro
1581 926 1689 946 summa
1714 918 1874 947 beneuolen-

1028 965 1070 993 tia
1091 965 1227 993 donorum
1250 965 1369 1001 Spiritus
1397 965 1482 993 sancti
1513 965 1679 1001 principium
1707 965 1874 994 liberalissi-

1027 1020 1125 1045 mum,
1148 1011 1221 1049 quod
1254 1011 1322 1040 bene
1344 1011 1502 1040 insinuatur
1524 1012 1622 1041 Esther
1653 1012 1796 1041 secundo⁵
1822 1013 1875 1041 sub

1028 1059 1190 1095 metaphora
1211 1059 1284 1095 regis
1304 1059 1427 1092 Assueri,
1449 1059 1483 1087 de
1505 1067 1560 1095 quo
1581 1059 1698 1093 dicitur,
1721 1060 1794 1096 quod
1815 1060 1875 1088 ius<

1026 1106 1078 1139 sit,
1100 1105 1264 1133 convivium
1284 1106 1471 1142 praeparari
1487 1105 1735 1142 permaynisicum
1763 1107 1875 1135 cunctis

1024 1153 1212 1190 principibus
1234 1157 1258 1181 ct
1279 1153 1372 1181 seruis
1393 1153 1458 1181 suis
1476 1161 1533 1189 pro
1555 1153 1756 1182 coniunctione
1776 1158 1802 1182 ct
1819 1162 1874 1182 nuu

1026 1200 1096 1237 ptiis
1119 1199 1230 1229 Esther.
1253 1201 1287 1228 Et
1308 1200 1387 1228 (ledit
1408 1200 1535 1238 requiem
1552 1200 1698 1228 universis
1711 1201 1874 1237 prouinciis

1027 1256 1062 1276 ac
1083 1248 1161 1276 (tona
1183 1247 1311 1284 taryitus
1326 1251 1365 1275 est
1387 1247 1472 1275 iit-acta
1494 1246 1743 1284 n'iaynificentiam
1762 1248 1875 1284 prinei-

1025 1295 1129 1331 patem.
1150 1295 1176 1323 ln
1197 1303 1253 1332 quo
1267 1295 1422 1331 specialiter
1440 1295 1597 1323 ostenditur
1622 1303 1731 1324 summa
1756 1296 1875 1324 benevo-

1027 1342 1110 1370 lentia
1131 1342 1177 1370 Dei
1211 1345 1338 1378 respectu
1361 1342 1498 1371 hnmanae
1520 1345 1652 1376 naturae,
1674 1343 1700 1371 in
1725 1344 1776 1371 hoc
1801 1343 1875 1379 quod

1026 1389 1112 1426 ipsam
1135 1389 1325 1425 desponsavit,
1348 1389 1421 1426 quod
1452 1389 1563 1426 quidem
1595 1390 1647 1418 fuit
1676 1390 1703 1418 in
1732 1390 1874 1418 incarna-

1027 1436 1101 1464 tione
1129 1436 1219 1464 Verbi.
1242 1436 1382 1470 Secundo,
1405 1436 1470 1472 quia
1492 1436 1587 1465 rel'ecit
1612 1440 1639 1465 et
1660 1437 1776 1471 cibavit,
1799 1437 1873 1474 quod

1026 1483 1137 1520 quidem
1159 1483 1212 1511 fuit
1233 1483 1259 1511 in
1275 1483 1348 1520 ayni
1359 1482 1524 1520 paschatis,
1542 1484 1593 1512 hoc
1608 1487 1649 1512 est
1669 1484 1796 1512 dominici
1813 1492 1875 1512 cor-

1027 1530 1102 1567 poris
1123 1533 1150 1558 et
1171 1530 1328 1567 sanguinis,
1349 1530 1563 1558 sacramentali
1583 1530 1743 1567 refectione.
1766 1531 1874 1565 Tertio,

1026 1577 1092 1614 quia
1112 1577 1191 1605 donis
1213 1580 1239 1605 et
1260 1577 1424 1605 muneribus
1446 1585 1506 1605 eam
1522 1578 1708 1614 opulentavit⁷
1724 1578 1797 1615 quod
1813 1578 1874 1615 qui-

1026 1624 1087 1653 dem
1110 1624 1162 1652 fuit
1176 1624 1202 1652 in
1220 1624 1351 1661 Spiritus
1365 1624 1462 1652 sancti
1475 1624 1620 1653 missione.
1639 1642 1672 1644 —
1689 1626 1765 1661 Quae
1783 1626 1874 1654 omnia

1026 1671 1089 1700 fecit
1111 1671 1184 1699 Deus
1207 1671 1284 1699 Pater
1307 1679 1355 1707 per
1378 1671 1473 1699 Filium
1497 1680 1578 1700 suum
1606 1672 1631 1700 in
1654 1672 1758 1708 Spiritu
1780 1676 1874 1701 sancto

1026 1726 1077 1755 pro
1099 1726 1149 1746 sua
1180 1718 1383 1752 benevolentia,
1416 1718 1500 1747 immo
1531 1718 1790 1747 benevolentissima
1818 1719 1875 1756 pie—

1027 1769 1096 1799 tate3
1120 1768 1233 1802 propter
1254 1765 1328 1802 quod
1350 1765 1382 1793 ad
1408 1765 1537 1802 Ephesios
1553 1766 1673 1794 secundo
1685 1766 1711 1794 ⁷:
1730 1766 1805 1794 Deus
1820 1775 1875 1794 au-

1027 1817 1098 1846 tem,
1120 1812 1172 1850 qui
1199 1812 1279 1841 clives
1307 1815 1347 1840 est
1378 1813 1409 1841 in
1440 1812 1665 1847 misericordia,
1686 1816 1806 1850 propter
1829 1813 1874 1841 ni-

1027 1860 1119 1888 miam
1151 1859 1306 1888 caritatem
1333 1868 1438 1894 suam,
1466 1868 1526 1898 qua·
1547 1860 1648 1888 ditexit
1669 1868 1738 1894 nos,
1761 1863 1786 1888 et
1806 1868 1874 1888 cum

1026 1915 1154 1935 essemus
1165 1907 1277 1934 mortui
1287 1906 1430 1943 peccatis‘,
1446 1906 1662 1943 convivificavit
1675 1915 1728 1935 nos
1743 1907 1774 1935 in
1791 1905 1875 1935 Cliri-

1026 1957 1086 1987 sto,
1108 1953 1194 1982 caius
1214 1953 1316 1990 qratia
1337 1954 1405 1982 estis
1425 1954 1536 1982 salvati
1544 1965 1553 1987 ‚·
1574 1957 1601 1982 et
1622 1957 1699 1991 post:
1723 1954 1774 1982 Dei
1799 1954 1875 1982 enini

1027 2001 1135 2029 (tonum
1157 2005 1214 2035 est,
1236 2009 1294 2029 non
1315 2009 1349 2029 eac
1371 2001 1517 2038 operibus,
1541 2005 1573 2029 at
1593 2010 1627 2029 ne
1641 2001 1707 2039 quis
1720 2001 1874 2038 ¹qlorietur,

1027 2048 1104 2084 quasi
1127 2048 1208 2081 dicat,
1237 2048 1310 2084 quod
1344 2048 1511 2085 principium
1538 2049 1639 2077 horum
1671 2048 1807 2077 donorum
1834 2052 1876 2077 est

1027 2095 1217 2123 benevolentia
1238 2095 1381 2124 Trinitatis
1402 2103 1541 2129 summae,
1564 2104 1618 2124 non
1640 2096 1754 2124 libertas
1776 2096 1874 2124 volun-

1027 2142 1089 2170 tatis
1112 2142 1256 2171 humanae.

1107 2189 1151 2217 Est
1172 2189 1253 2217 etiam
1277 2197 1327 2226 pro
1349 2197 1457 2218 summa
1471 2189 1618 2226 sapientia
1635 2189 1800 2226 principium
1816 2190 1874 2217 dis-

1027 2236 1239 2269 cretissimum,
1262 2236 1414 2264 secundum
1437 2236 1503 2264 illud
1526 2236 1558 2264 ad
1579 2236 1710 2272 Ephesios
1734 2236 1873 2272 quarloss:

1032 2283 1193 2321 Unicuique
1213 2287 1348 2311 nostrum
1363 2283 1435 2311 data
1450 2287 1491 2311 est
1503 2283 1606 2320 qratia
1620 2283 1780 2311 secandum
1797 2292 1874 2311 men-

1026 2339 1133 2358 suram
1167 2330 1335 2358 donationis
1369 2329 1495 2363 Christi}
1525 2335 1644 2367 propter
1675 2331 1752 2368 quod
1786 2331 1873 2359 (licit.-

1029 2378 1192 2405 Ascendens
1214 2377 1245 2405 in
1266 2377 1369 2411 altam,
1392 2378 1538 2414 captivam
1555 2377 1641 2406 (litavit
1660 2378 1874 2414 captivitatem,-

1027 2424 1105 2452 dectit
1135 2424 1213 2452 aona
1242 2423 1417 2452 bominibus.
1442 2424 1513 2453 Licet
1544 2428 1636 2452 autem
1669 2425 1768 2452 horum
1790 2424 1874 2452 dono-

1029 2479 1090 2499 rum
1114 2470 1272 2499 distributio
1294 2471 1446 2499 secundum
1471 2478 1628 2499 mensuram
1658 2471 1705 2499 toti
1738 2474 1875 2507 competat

1027 2517 1167 2551 Trinitati,
1190 2521 1281 2546 tamen
1304 2517 1459 2553 specialiter
1491 2521 1517 2546 et
1546 2525 1595 2554 per
1621 2517 1873 2554 appropriationem

1028 2564 1137 2593 Christo
1158 2565 1337 2598 attribuitur,
1361 2568 1418 2593 tum
1441 2565 1506 2601 quia
1527 2565 1577 2594 sibi
1606 2565 1804 2602 appropriatur
1831 2573 1874 2593 sa-

1029 2612 1145 2648 pientia;
1177 2612 1296 2641 dicimus
1323 2612 1395 2641 enim
1430 2612 1581 2641 Clu-istum
1615 2613 1666 2641 Dei
1693 2613 1828 2641 virtutem
1850 2616 1874 2640 et

1030 2659 1082 2687 Dei
1101 2659 1296 2695 sapientiam;
1319 2663 1376 2688 tum
1399 2660 1464 2696 quia
1496 2660 1554 2697 ipse
1585 2663 1626 2688 est
1655 2664 1752 2696 caput,
1781 2668 1797 2688 a
1818 2668 1873 2696 quo

1026 2794 1112 2816 ctiones
1130 2790 1233 2821 praebet.
1245 2795 1267 2816 ln
1281 2797 1378 2822 utroque
1396 2794 1475 2816 codice
1488 2794 1552 2815 multi
1565 2794 1740 2815 Bonaventuriie
1755 2800 1874 2816 sermones

1026 2832 1154 2858 habentur,
1172 2832 1212 2854 sed
1230 2833 1278 2855 sine
1295 2833 1396 2854 auctoris
1413 2833 1565 2854 nomine.11ic
1578 2836 1597 2854 et
1611 2832 1658 2854 duo
1676 2839 1739 2860 seqq.
1754 2838 1874 2854 sermones

1027 2871 1126 2893 indolem
1145 2872 1167 2893 S.
1186 2872 1362 2893 Bonflventurae
1379 2872 1508 2893 ostendunt.

1089 2909 1098 2922 ὅ
1117 2911 1181 2932 Vers.
1201 2910 1237 2932 17.

1090 2948 1097 2960 ⁷
1117 2949 1181 2971 Vcrs.
1200 2948 1220 2971 t.
1238 2955 1286 2977 seq.
1304 2952 1325 2971 ct
1343 2950 1363 2971 8.
1381 2956 1430 2977 seq.

1089 2986 1098 2999 Β
1117 2988 1181 3010 Vers.
1200 2988 1221 3009 7.
1240 2994 1300 3016 scq.;
1318 2991 1447 3016 sequuntur
1461 2989 1473 3010 l.
1486 2988 1538 3011 Cor.
1555 2989 1572 3015 l,
1585 2988 1622 3010 25..
1636 2996 1662 3010 ac
1681 2989 1736 3016 Eph.
1756 2989 1776 3016 4,

1750 3036 1778 3058 43

1727 2910 1736 2922 ⁶
1754 2912 1818 2933 Vers.
1840 2912 1873 2933 18.

1799 2990 1873 3011 ΙΙ-13.

1892 458 1936 476 l'ars
1949 458 1962 476 l.
1980 458 2006 476 De

1897 481 1952 499 tertio
1965 481 2011 499 divi-

1891 505 1949 523 sionis
1962 509 2019 523 mem·

1930 528 1971 546 bro.

1891 597 2005 616 subdivisio.

1899 925 1968 946 Primo,
1983 924 2006 943 de

1892 948 1984 971 principio
1997 948 2019 965 li-

1896 972 2012 990 beralissimo

1903 995 1922 1013 in
1936 995 2006 1018 triplici

1897 1018 2007 1037 benevolen-

1897 1042 1934 1060 tiae
1948 1042 2002 1060 dono.

1888 2192 1985 2219 Secundi),
1996 2192 2020 2210 de

1906 2220 1999 2238 principio

1898 2239 2010 2257 discretissi-

1935 2269 1971 2282 mo.

1889 2569 1960 2592 Duplex
1971 2569 2019 2595 ratio

1898 2597 2007 2616 appropria-

1921 2618 1984 2635 tionis.
