2243 3348
215 573 330 601 subdivisio-

220 603 249 616 nis
266 602 323 616 mem-

228 622 282 640 hrum
296 620 313 638 1.

207 667 333 686 Sanctificatio

213 691 235 709 B.
250 690 326 709 Mariae.

220 900 324 919 Difficultas

230 924 314 943 solvitur.

217 1930 328 1954 Applicatur

235 1954 257 1972 ad
271 1959 311 1972 nos.

345 162 381 190 98
1009 157 1181 186 SERMONES
1201 157 1244 185 DE
1266 158 1428 186 TEMPORE.

346 246 421 271 terra
443 244 536 269 nostra
565 239 722 269 benedicta,
754 238 865 274 Virgine
896 236 1023 273 gloriosa.
1047 235 1137 263 l‘riino
1158 237 1190 263 ut

345 290 439 318 ardor
461 288 546 324 ipsam
569 285 765 318 sanctificavit,
787 283 908 313 secundo
929 286 961 311 ut
982 281 1088 310 lmmor
1110 281 1190 318 spiri-

347 336 428 365 tualis
456 336 542 372 ipsam
575 332 735 365 inebriavit,
759 331 839 360 tertio
871 333 902 358 ut
933 329 1016 366 vz'yor
1038 327 1190 365 spiritualis

346 383 431 420 ipsam
454 380 618 410 fecundavit.
642 380 755 415 Propter
784 378 850 406 haec
883 376 936 404 tria
965 375 1116 403 incarnatio
1137 374 1191 402 Do-

345 430 410 458 mini
434 429 552 466 tigurata
573 427 625 455 fuit
646 427 672 454 in
696 425 785 453 tribus
808 423 964 452 miraculis:
981 422 1007 450 111
1024 422 1088 459 ¹igne
1111 420 1189 454 rubi,

347 477 372 505 in
396 484 463 504 rore
486 474 609 507 velleris,
633 473 659 500 in
681 472 767 508 υἷι-911
790 470 874 499 floris.

427 523 442 550 l.
462 522 550 550 Primo
565 528 631 557 ergo
646 520 731 556 ipsam
748 520 779 546 ut
794 517 888 545 ardor
909 515 1055 544 subtilians
1070 514 1190 543 sanctiti-

347 570 433 603 cavit;
458 569 580 597 Psalmus
593 568 617 595 ¹:
642 564 843 601 Sati-cte'fieavit
858 562 1082 591 tabernaculum
1102 569 1191 589 suum

349 617 527 646 Altissimtts.
561 615 636 642 Deus
657 613 688 641 tn
709 612 803 640 mettio
824 611 897 644 eius,
926 618 983 638 <nott
1005 607 1192 637 commovebi-

347 669 405 693 tur.
429 664 455 692 ln
488 666 569 691 utero
597 660 765 689 sanctificata
797 658 848 686 suit
879 660 910 685 ut
931 657 958 684 in
978 664 1123 693 persona,-
1145 654 1191 683 sed

347 712 411 749 quia
437 710 533 738 debuit
565 708 623 736 tieri
653 708 737 735 Mater
768 705 831 738 Dei,
856 703 992 740 oportuit,
1014 702 1088 739 quod
1110 701 1191 730 etiam

346 757 566 787 sanctificaretur
594 757 625 783 ut
652 757 765 782 natio-a
794 752 820 780 in
849 753 984 788 quantum
1015 748 1190 786 principium.

348 806 437 834 Prima
459 802 638 832 sanctificatio
660 800 781 829 fomitem
814 797 957 835 lthabatss',
980 800 1011 825 ut
1032 796 1064 824 ad
1087 796 1190 823 malum

347 861 400 881 nou
426 851 571 879 inclinaret
603 856 650 877 nec
682 856 698 876 a
730 847 801 875 bono
830 845 1000 875 retraheret:
1024 844 1049 871 in
1072 842 1192 871 secunda

347 908 396 936 per
415 898 560 927 essentiam
583 896 741 924 emanans
755 892 822 930 fait.
841 909 875 912 —-
892 891 942 920 Sed
965 890 1102 927 quomodo
1124 889 1191 922 hoc,

348 954 411 975 cum
433 947 505 973 esset
527 943 552 971 in
575 950 673 975 carne,
695 948 727 969 eo
749 939 823 977 quod
845 938 984 975 appetitus
1013 936 1131 965 carnalis
1152 937 1193 963 est

346 993 373 1022 in
395 992 486 1021 anima
509 998 556 1027 per
578 990 711 1018 earnem?
733 987 812 1016 Nulla
842 986 884 1013 via
904 988 945 1013 est
966 984 1016 1012 nisi
1041 991 1089 1020 per
1110 990 1192 1019 appe-

349 1040 426 1068 titum
450 1038 562 1067 omnino
582 1034 775 1073 spirituatem.
799 1034 944 1069 Nunquam
960 1031 1031 1060 enim
1058 1029 1192 1066 cupiditas

348 1085 499 1122 expellitur
521 1083 571 1111 nisi
594 1082 723 1113 caritate,
746 1078 968 1116 concupiscentia
995 1077 1045 1105 nisi
1068 1075 1192 1112 appetitu

347 1132 492 1169 spirituali.
526 1130 586 1158 ldeo
618 1132 648 1157 ut
670 1128 763 1156 amtor
795 1126 869 1155 venit
904 1133 957 1153 11011
986 1124 1191 1156 consumtivus,

347 1180 392 1208 sed
416 1178 616 1215 purilicativus.
640 1176 700 1203 ldeo
721 1174 792 1202 dixit
824 1174 928 1209 Moyses
960 1171 1044 1199 Exodi
1073 1170 1191 1198 tertio³:

355 1226 482 1258 Vadam,
506 1224 607 1260 inquit,
629 1226 653 1251 el
676 1221 773 1249 videbo
797 1220 933 1248 visionem
950 1218 1025 1246 Itane
1041 1225 1191 1254 inaquam,

349 1282 441 1311 quare
463 1272 556 1300 ratius
578 1270 681 1298 ardeat
703 1272 726 1296 et
747 1276 805 1296 iton
821 1266 1023 1295 comburatur.
1041 1264 1126 1292 ⁴irdor
1148 1272 1192 1291 ea-

347 1320 436 1349 ritatis
457 1323 513 1349 est,
535 1317 582 1354 qni
605 1316 741 1344 consumit
770 1314 924 1350 rubiginem
957 1312 1070 1348 culpae,
1103 1314 1134 1338 ut
1167 1310 1191 1338 in

348 1367 519 1404 Magdalena,
542 1366 629 1393 Lucae
651 1363 781 1399 septimo:
804 1361 1003 1389 Remittuntnr
1025 1359 1051 1386 et'
1074 1361 1193 1394 peecata

348 1414 457 1446 multa,
480 1412 617 1451 qnoniam
641 1409 741 1438 (littei-tt
764 1408 896 1436 mattam.
913 1406 987 1435 Unde
1002 1405 1083 1433 etiam
1101 1407 1193 1432 tantus

347 1462 429 1490 ardor
453 1460 565 1489 intravit
587 1459 612 1486 in
636 1457 794 1493 Virginem,
816 1454 905 1491 qnod,
922 1453 972 1481 nisi
988 1452 1085 1480 suisset
1100 1451 1194 1479 obum-

348 1509 437 1537 bratio
466 1507 584 1543 Spiritus
616 1504 717 1535 sancti,
740 1511 793 1531 non
817 1501 951 1538 potuisset
983 1499 1130 1528 sustinere.
1164 1497 1194 1525 Et

348 1556 427 1584 liceat
447 1554 554 1583 dicere.
576 1551 648 1588 quod
671 1550 752 1579 etiam
777 1547 945 1577 transcendit
965 1546 1092 1575 ardorem
1115 1545 1193 1573 Sera-

348 1602 436 1639 phim:
459 1608 509 1629 nec
531 1600 648 1631 mirum,
670 1606 706 1626 ex
728 1605 784 1633 quo
806 1595 889 1623 Filius
904 1595 950 1623 Dei
967 1597 1026 1622 erat
1042 1594 1068 1621 in
1084 1601 1116 1621 ea.
1130 1600 1194 1621 con-

348 1648 498 1686 cipiendus.
521 1645 701 1675 Anselmus4:
728 1655 741 1668 «
757 1643 890 1674 Decebat,
913 1644 945 1670 ut
965 1649 997 1669 ea
1018 1640 1139 1677 puritate
1153 1639 1194 1667 ni-

347 1699 418 1724 teret
439 1695 538 1730 Virgo,
560 1700 615 1729 qua
643 1691 695 1720 sub
725 1691 779 1719 Deo
811 1689 897 1717 maior
920 1688 1016 1725 nequit
1038 1686 1193 1723 intelligi».

349 1743 458 1771 Elevata
478 1740 550 1769 enim
573 1742 614 1768 est.
635 1746 720 1775 super
741 1745 837 1765 omnes
859 1738 1014 1769 creaturas,
1030 1738 1061 1763 ut
1082 1734 1116 1770 ad
1131 1742 1195 1762 con-

349 1789 505 1826 cipiendum
527 1788 614 1815 Deum
636 1786 846 1822 disponeretur3
864 1782 982 1811 lsaias5:
1004 1781 1096 1810 Gaius
1117 1780 1195 1818 tynis

348 1840 388 1864 est
411 1836 440 1863 tu
463 1835 546 1867 Sion,
569 1837 594 1861 et
614 1832 750 1861 caminus
772 1831 834 1859 eius
855 1832 886 1858 zu
906 1828 1075 1857 Jerusalem.
1102 1828 1195 1856 Nonne

349 1883 425 1920 lapis
446 1883 479 1910 ‹Ie
500 1884 594 1910 monte
615 1880 763 1909 abscissas
785 1879 846 1906 stne
867 1876 1027 1906 natatibus?
1043 1875 1153 1909 Daniel;
1169 1877 1195 1903 et

348 1930 486 1967 quomodo
509 1929 558 1957 nisi
580 1928 670 1956 calore
692 1926 810 1963 Spiritus
830 1924 935 1953 sancti?
950 1941 987 1943 —
1002 1923 1024 1951 O
1040 1930 1122 1960 quam
1146 1922 1195 1950 mi-

348 1977 473 2005 rabiliter
494 1976 659 2004 deberemus
680 1973 789 2001 accendi
807 1981 842 2000 ex
859 1972 909 2000 bac
925 1971 1034 1999 fornace
1056 1973 1083 1998 et
1104 1978 1119 1997 a
1141 1972 1196 1997 ter—

348 2024 422 2052 renis
444 2021 672 2059 concupiscentiis
691 2020 808 2049 elevari!
833 2019 907 2047 Unde
924 2018 1055 2046 Dominus
1070 2016 1152 2053 llloysi
1168 2016 1195 2043 ⁶:

350 2071 412 2099 Non
436 2069 606 2107 appropies,
630 2068 736 2105 t‘nrflti't,
766 2066 839 2099 liam
867 2066 942 2093 sotee
970 2065 1196 2093 calceamentum

349 2119 383 2146 [Ie
402 2117 524 2154 petlt'luts
557 2116 632 2145 tuis:
659 2115 738 2143 loens
769 2114 843 2141 euim
874 2113 905 2141 in
930 2121 986 2150 quo
1013 2116 1092 2145 stas,
1116 2114 1196 2139 terra

348 2169 452 2193 saneta
474 2169 522 2192 est.
545 2163 615 2199 Quid
648 2166 688 2191 est
718 2162 784 2194 lioc,
807 2160 880 2197 quod
909 2159 1031 2187 calceati
1062 2159 1134 2186 imus
1163 2157 1195 2185 ad

349 2212 456 2249 ignem,
478 2214 505 2239 et
527 2219 579 2238 non
603 2210 707 2238 erimus
729 2208 816 2236 calidi.
849 2207 1037 2235 Calceamenta
1059 2209 1124 2234 sunt
1145 2208 1197 2233 ter-

349 2266 431 2287 renae
453 2257 625 2290 affectiones,
641 2256 704 2292 quia
729 2263 776 2291 per
797 2255 850 2282 vim
866 2254 968 2282 amoris
989 2251 1196 2281 transformaris

348 2305 375 2333 in
403 2305 445 2332 illa
472 2312 543 2340 quae
571 2303 668 2339 diligis.
696 2302 770 2330 L'nde
796 2301 904 2329 dicatur
932 2308 1016 2328 avaro
1042 2300 1075 2328 de
1102 2306 1196 2327 amore

349 2352 456 2385 dirino;
480 2351 546 2379 nihil
569 2350 666 2381 sentit:
683 2353 707 2378 et
726 2350 783 2385 lege
798 2348 909 2376 Cantica
924 2347 1006 2375 divini
1023 2347 1125 2375 amoris
1148 2347 1195 2374 lio-

349 2399 414 2427 mini
437 2398 555 2430 earnali;
578 2401 605 2425 et
633 2396 753 2425 carnalia
775 2395 911 2431 cogitabit.
936 2394 1196 2431 :tppropinquemus

349 2453 414 2482 ergo
436 2445 467 2472 ad
492 2445 565 2473 bunc
597 2444 730 2476 calorem,
757 2446 783 2471 et
809 2441 937 2479 liquefiat
965 2442 1069 2469 antina
1094 2444 1196 2468 nostra

350 2493 390 2519 act
412 2500 504 2519 uocem
521 2490 643 2519 atatem.
662 2490 814 2517 Donamus
835 2496 898 2517 eum
914 2488 989 2516 sicat
1007 2487 1196 2524 styma-tamn

413 2684 420 2696 ¹
440 2684 520 2706 Psatm.
540 2684 576 2710 45,
595 2684 616 2705 5.
633 2689 680 2711 seq.

413 2723 421 2735 ²
439 2723 483 2746 Csr.
501 2724 534 2745 111.
551 2723 612 2744 Sent.
630 2723 651 2744 d,
670 2722 691 2744 3.
710 2728 731 2750 11,
750 2723 764 2744 l.
782 2728 802 2743 a.
824 2722 841 2743 1.
859 2728 882 2750 11.
903 2722 947 2743 1-3.

414 2762 422 2775 ³
440 2764 506 2785 Yers.
525 2764 550 2789 3;
569 2764 609 2784 etr.
626 2762 694 2784 etiam
713 2768 736 2784 r.
753 2762 774 2783 Ξ.
793 2761 901 2790 Sequitur
918 2762 972 2783 Luc.
990 2762 1011 2788 7,
1031 2761 1067 2783 47.

412 2803 421 2815 ⁴
440 2803 470 2825 De
488 2802 596 2830 Concept.
614 2802 698 2829 virgin.
716 2808 735 2823 e.
758 2802 789 2822 ¹8.

413 2842 422 2854 ⁵
439 2842 494 2869 Cap.
512 2842 536 2864 31
549 2859 554 2868 ,
573 2842 598 2868 9;
616 2844 746 2869 sequuntur
765 2841 819 2861 Dan.
838 2841 859 2866 2,
877 2839 913 2861 34.

413 2881 422 2893 ὃ
441 2881 509 2903 lixod.
528 2881 554 2906 3,
573 2881 593 2903 5.

414 2919 421 2932 ⁷
440 2920 567 2947 Respieitur
585 2920 647 2941 Cant.
667 2919 693 2945 ὃ,
711 2919 737 2940 G:
756 2918 841 2941 Anima
867 2924 918 2940 mea
945 2917 1070 2947 liquefacta
1097 2918 1143 2945 est,
1171 2918 1196 2940 ut

351 2959 442 2982 locutus
460 2961 500 2982 est.
518 2959 625 2987 Sequitur
642 2965 694 2986 eap.
714 2959 735 2984 S,
753 2959 774 2979 (5.

1246 243 1335 271 saper
1357 243 1407 263 eor
1427 239 1580 268 nostrum,-
1602 243 1679 269 vere,
1702 236 1749 272 qui
1773 236 1858 264 Deum
1884 236 2024 273 diligeret,
2052 240 2091 264 to-

1247 285 1306 310 tum
1329 282 1463 310 mundum
1487 282 1554 310 niliil
1577 285 1726 319 reputaret.

1328 328 1354 356 ll.
1372 329 1496 357 Secundo
1518 328 1637 365 Spiritus
1658 332 1770 357 sanctus
1792 329 1878 365 ipsam
1893 333 1924 358 ut
1940 329 2091 366 spiritualis
2108 336 2205 380 nffimmgi

1247 374 1353 403 lnunor
1369 378 1517 411 penetrans
1532 378 1558 403 et
1580 375 1728 403 concilians
1744 375 1904 409 inebriavit3
1928 376 2049 404 Psalmus
2064 376 2090 404 ⁸:

1256 422 1397 455 Vtsz'tcistt,
1422 422 1550 455 Domine,
1567 426 1676 450 terrant
1698 425 1791 456 taam,
1808 430 1856 458 per
1871 423 2001 459 Angelum
2025 431 2092 451 nun-

1250 469 1377 503 tiantem,
1400 472 1424 496 et
1445 468 1599 496 inebriasti
1618 476 1700 501 eam,
1723 477 1771 505 per
1794 469 1925 505 Spiritum
1949 469 2092 497 laetifican-

1249 519 1319 548 tem;
1344 516 1481 544 Psalmus:
1506 515 1651 543 Flaminis
1679 515 1804 552 impetus
1833 515 1970 551 laetificat
1991 516 2092 544 ciuita-

1249 567 1302 591 tem
1328 563 1384 590 Det.
1409 563 1459 590 lste
1482 562 1583 590 fluvius
1605 562 1750 590 inebriavit
1765 566 1792 590 et
1808 562 1923 598 replevit
1944 570 2002 591 eam
2020 565 2093 590 tanta

1249 610 1351 638 laetitia
1371 613 1398 637 et
1419 609 1619 638 exsultatione.
1642 612 1672 636 ut
1693 608 1856 637 dilataretur
1877 609 1968 637 anima
1988 609 2048 638 eius
2067 612 2093 638 et

1248 657 1442 693 disponeretur
1463 656 1497 684 ad
1518 655 1723 692 suscipiendum
1747 655 1840 689 illum,
1856 656 1902 692 qui
1927 656 2094 684 transcendit

1248 703 1356 737 omnia3
1379 703 1510 739 gaudium
1532 702 1604 730 enim
1626 702 1791 730 naturaliter
1816 702 1910 731 dilatat
1932 710 1979 731 cor
2000 706 2027 731 et
2047 702 2094 731 ad-

1249 750 1288 779 dit
1310 751 1473 783 liumorem;
1491 749 1572 778 lsaiae
1593 749 1806 786 quadragesimo
1827 749 1962 786 quinto⁰t
1990 750 2095 778 Rorate

1249 797 1323 825 caeti?
1343 797 1476 834 desuper,
1497 800 1522 825 et
1545 796 1632 824 nabes
1662 796 1767 833 pluant
1789 796 1916 829 tastum,
1939 797 2094 833 aperiatur

1249 848 1330 872 terra
1351 848 1375 872 et
1395 844 1537 881 ,qest-‘minet
1558 843 1749 872 Salvatorem.
1772 843 1847 879 Quae
1869 846 1910 871 est
1931 843 1998 871 haec
2014 845 2095 871 terra

1248 891 1420 928 gyet'mt'ttatts
1442 890 1492 918 nisi
1516 890 1599 926 Virgo
1621 890 1704 917 Maria
1715 892 1726 917 ⁸?
1755 890 1814 926 lpsa.
1843 889 1931 918 vellus
1961 889 2094 918 Gedeonis

1251 946 1313 966 rore
1343 938 1454 966 madens
1476 938 1501 965 in
1524 945 1588 965 area
1617 937 1703 971 sicca,
1727 937 1848 965 ludicum
1878 939 1973 970 sexto,
2006 936 2031 965 id
2053 939 2094 965 est

1250 985 1330 1021 plena
1345 984 1522 1021 dispositione
1536 984 1680 1012 fructifera
1696 983 1720 1011 in
1737 983 1826 1011 medio
1846 991 2007 1019 synagogae,
2023 990 2094 1019 quae

1250 1032 1403 1069 permansit
1424 1031 1500 1059 arida
1521 1039 1570 1067 per
1592 1030 1789 1058 infidelitatem.
1812 1030 1881 1058 llaec
1896 1033 1933 1058 est
1952 1029 1997 1058 illa
2012 1029 2094 1066 Virgo

1251 1079 1440 1116 pulcherrima
1467 1081 1494 1106 et
1524 1077 1661 1114 incognita
1688 1077 1763 1110 viro,
1790 1085 1877 1114 quam
1900 1077 2095 1113 praeparavit

1254 1126 1394 1155 Dominus
1416 1125 1481 1153 Filio
1503 1133 1565 1158 suo,
1599 1132 1669 1160 quae
1701 1124 1888 1152 descenderat
1919 1123 1959 1151 att
1986 1122 2094 1160 sontem

1251 1174 1321 1201 vitae
1344 1180 1392 1208 per
1414 1171 1597 1199 humilitatem
1620 1174 1647 1199 et
1668 1170 1830 1206 impleverat
1855 1169 1994 1206 hydriam
2016 1177 2094 1198 suam

1251 1228 1299 1256 per
1321 1219 1424 1256 gratiae
1456 1217 1671 1254 plenitudinem,
1693 1225 1707 1244 a
1736 1225 1805 1253 qua.
1828 1225 1890 1245 cum
1914 1216 1948 1244 sit
1970 1216 2095 1244 curialis-

1250 1267 1335 1299 sima,
1358 1274 1420 1294 cum
1453 1273 1533 1293 servo
1565 1264 1688 1292 Abrabae.
1717 1264 1913 1300 imploremus,
1935 1266 1966 1291 nt
1986 1263 2019 1291 de
2046 1270 2096 1291 sua

1251 1313 1420 1350 plenitudine
1447 1311 1615 1348 panaretum
1646 1311 1774 1347 praebeat
1806 1319 1914 1348 aquae,
1937 1313 1968 1339 ut
1990 1310 2096 1338 relicia-

1250 1368 1323 1393 mur,
1339 1358 1450 1387 Genesis
1466 1358 1597 1394 vigesimo
1612 1361 1712 1394 quarto
1726 1358 1756 1385 ¹⁰.
1780 1357 1935 1385 Bernardus
1948 1358 1986 1384 ¹¹:
2014 1368 2027 1381 «
2042 1357 2096 1384 Ma-

1251 1407 1292 1435 ria
1314 1406 1403 1434 sinum
1427 1404 1631 1433 misericordiae
1652 1404 1781 1432 omnibus
1802 1404 1927 1440 aperuit,
1947 1403 2096 1440 1111161118-

1250 1453 1383 1482 nt'tutlt'ue
1410 1453 1473 1480 etas
1501 1452 1650 1488 aeezpt‘ant
1678 1451 1816 1480 universi:
1842 1451 1968 1488 captivus
1990 1451 2096 1479 redem-

1253 1501 1388 1537 ptionem,
1417 1507 1498 1536 aeger
1527 1499 1714 1532 curationem,
1747 1498 1834 1527 tristis
1865 1498 2095 1531 consolationem,

1252 1551 1379 1584 peccator
1401 1547 1525 1580 reniam,
1549 1547 1638 1574 iustus
1660 1546 1793 1582 gratiam,
1816 1545 1934 1582 Angelus
1957 1545 2096 1578 laetitiam,

1251 1595 1370 1631 denique
1393 1597 1448 1622 tota
1470 1593 1589 1621 Trinitas
1610 1593 1724 1629 gloriam
1747 1595 1774 1621 et
1795 1600 1913 1629 persona
1927 1592 1983 1620 Filii
2000 1592 2096 1620 liuma-

1251 1650 1302 1670 nae
1324 1642 1415 1670 carnis
1436 1641 1618 1670 substantiam
1633 1652 1659 1668 ».

1331 1688 1381 1717 Sed
1404 1688 1448 1717 liic
1470 1688 1593 1716 occurrit
1614 1687 1691 1715 valde
1714 1686 1832 1715 notabile
1854 1690 1880 1715 et
1901 1686 2015 1723 dignum
2037 1686 2098 1715 dili-

1252 1736 1324 1773 genti
1351 1735 1576 1764 consideratione.
1599 1735 1674 1770 Quae
1695 1734 1747 1762 fuit
1769 1733 1853 1767 ratio,
1876 1733 1948 1770 quod
1976 1733 2029 1762 fuit
2056 1733 2099 1761 de-

1251 1787 1402 1820 sponsata,
1415 1786 1441 1811 et
1455 1782 1538 1819 etrglo
1555 1784 1664 1810 tamen?
1680 1781 1750 1809 Beue
1765 1780 1899 1815 concedo,
1915 1780 1989 1817 quod
2007 1780 2099 1809 decuit

1252 1838 1311 1859 esse
1332 1830 1475 1866 υἷι-91116111
1499 1829 1604 1857 ratione
1626 1828 1767 1864 puritatis;
1790 1827 1837 1856 sed
1861 1835 1948 1864 quare
1979 1827 2098 1864 elespon-

1252 1880 1319 1905 sata
1341 1876 1481 1905 rusticello
1503 1876 1620 1912 Ioseph?
1642 1875 1714 1904 Licet
1736 1877 1807 1903 esset
1828 1874 1861 1903 de
1876 1882 1976 1911 genere
1991 1882 2098 1911 regunt,

1253 1927 1342 1952 tamen
1366 1923 1436 1951 vixit
1457 1923 1489 1951 de
1512 1923 1604 1951 labore
1626 1929 1758 1950 manuum
1787 1929 1918 1954 suarum;
1941 1923 2001 1949 erat
2025 1921 2097 1949 enim

1252 1971 1336 1999 faber.
1362 1971 1439 2003 Dico,
1462 1969 1535 2006 quod
1557 1972 1671 2005 propter
1693 1971 1834 2005 quatuor:
1857 1968 1963 2004 primo,
1986 1971 2099 2004 propter

1253 2017 1410 2046 honestatis
1422 2017 1589 2045 decentiam.
1604 2015 1763 2044 Ambrosius
1773 2015 1808 2042 ¹²:
1825 2015 1980 2043 «Dominus
1993 2014 2098 2047 maluit,

1252 2065 1285 2093 ad
1310 2068 1417 2100 tempus
1438 2064 1545 2100 aliquos
1566 2063 1599 2091 de
1621 2070 1671 2091 suo
1693 2065 1757 2090 ortu
1772 2070 1855 2098 quam
1879 2061 1911 2089 de
1933 2061 2026 2089 Matris
2048 2069 2099 2098 pu—

1252 2111 1319 2140 dore
1341 2110 1477 2138 dubitare.
1499 2109 1606 2138 Sciebat
1627 2109 1717 2142 enim,
1746 2112 1869 2137 teneram
1897 2116 1957 2137 esse
1985 2107 2099 2144 virginis

1254 2156 1446 2186 verecundian‘i
1469 2159 1495 2184 et
1516 2155 1649 2184 lubricam
1667 2155 1764 2183 tamam
1782 2155 1895 2191 pudoris
1907 2166 1932 2182 ».
1949 2171 1987 2175 —-
2001 2154 2100 2183 Secun-

1252 2204 1296 2237 do,
1312 2207 1425 2240 propter
1441 2203 1569 2241 obsequii
1583 2202 1846 2239 opportunitatem,
1862 2205 1893 2230 ut
1908 2204 1979 2230 esset
1994 2201 2098 2238 Virgini

1254 2251 1438 2288 peregrinanti
1456 2251 1481 2278 in
1498 2252 1649 2287 Aegyptum
1667 2250 1691 2277 in
1709 2249 1836 2278 solatium
1852 2253 1878 2278 et
1894 2249 1963 2277 Proli
1980 2252 2006 2277 et
2021 2248 2098 2277 Matri

1253 2299 1279 2326 in
1301 2298 1435 2326 familiare
1457 2297 1631 2334 obsequium.
1648 2313 1686 2316 —-
1701 2297 1809 2330 Tertio,
1831 2299 1945 2333 propter
1966 2295 2101 2334 mysterii

1252 2345 1539 2373 eousttnmzattonem.
1563 2344 1783 2381 Augustinusffl:
1810 2343 1994 2380 «M'ysterium
2012 2343 2099 2371 niaxi-

1254 2400 1330 2420 mum
1352 2392 1501 2428 praecessit
1516 2392 1541 2419 in
1560 2391 1685 2428 Virgine,
1701 2394 1747 2425 ut⁷
1767 2391 1838 2419 sicut
1852 2391 1897 2418 illa
1913 2390 1996 2427 Virgo
2012 2390 2097 2419 Deum

1254 2439 1361 2475 peperit
1382 2439 1546 2472 cariniliter,
1569 2439 1606 2467 sic
1637 2438 1713 2475 virgo
1744 2438 1861 2466 Ecclesia
1890 2441 2000 2474 pareret
2020 2437 2100 2465 Cliri-

1254 2490 1326 2515 stum
1350 2486 1532 2522 spiritualiter
1544 2497 1570 2513 n.
1588 2502 1623 2506 —
1640 2485 1754 2521 Quarto,
1770 2485 1884 2513 ratione
1903 2484 2098 2522 paupertatis.

1313 2680 1321 2692 Ε
1340 2681 1421 2703 Psann
1440 2680 1477 2708 Gt,
1499 2681 1532 2702 10.

1314 2719 1322 2732 ⁹
1342 2721 1407 2742 Vers.
1425 2720 1446 2741 S.
1466 2720 1552 2741 Deinde
1569 2719 1691 2747 respicitur
1709 2719 1777 2741 ludie.
1796 2718 1823 2744 6,
1842 2717 1877 2739 37.

1314 2759 1333 2772 ¹¹¹
1351 2760 1394 2781 ttsr.
1412 2765 1472 2781 vers.
1494 2759 1526 2780 13.
1546 2765 1611 2787 seqq.

1316 2798 1332 2812 ¹¹
1352 2799 1424 2820 Serui.
1442 2799 1464 2820 iu
1483 2798 1573 2820 Demin.
1591 2798 1648 2819 intra
1667 2796 1777 2819 Octavam
1796 2797 1895 2818 Assumt.
1915 2795 1938 2817 B.
1953 2795 1978 2816 V.
1992 2795 2019 2816 M.
2040 2800 2062 2816 n.
2077 2794 2098 2820 2,

1252 2838 1291 2860 nbi
1309 2837 1432 2865 respicitur
1449 2838 1509 2859 toan.
1532 2838 1548 2865 l,
1572 2837 1605 2858 16.

1316 2875 1334 2888 ¹²
1353 2876 1451 2904 Exposit.
1471 2876 1490 2897 in
1510 2876 1608 2902 Lucani,
1627 2876 1650 2897 ll.
1668 2881 1691 2897 n.
1712 2875 1731 2896 1.

1316 2914 1334 2927 ¹³
1353 2916 1384 2937 De
1401 2916 1481 2937 Sancta
1500 2915 1644 2942 Virginitate,
1661 2919 1681 2935 c.
1699 2914 1720 2935 6.
1737 2919 1759 2935 n.
1772 2914 1794 2935 6.
1806 2916 1828 2934 et
1844 2912 1872 2934 de
1891 2911 2000 2939 Symbolo
2017 2910 2047 2932 ad
2059 2910 2099 2933 Ca-

1253 2956 1352 2977 teelinm.
1370 2960 1438 2976 serm.
1456 2954 1520 2981 alius,
1538 2960 1556 2975 e.
1579 2954 1596 2975 1.
1614 2960 1636 2975 n.
1658 2954 1676 2979 l,
1694 2952 1734 2974 sed
1751 2952 1815 2974 Iocus
1834 2957 1915 2979 parum
1935 2954 1969 2972 est
1989 2952 2096 2972 mutatus.

2111 848 2138 868 De
2152 851 2213 868 maten

2113 874 2150 891 tate
2165 872 2187 892 B.
2202 856 2219 895 lli

2115 1690 2186 1710 Salutio
2195 1691 2223 1710 dit

2137 1715 2217 1734 conatis.
