2243 3348
2 3042 11 3348 -q-„u-—ffivfflss
4 2924 6 3033 ᾼ-ᾲᾼᾼᾼ
5 2906 6 2915 ᾼ

53 2068 130 2088 Divisio,

637 158 793 186 DOMlNlCA
816 158 868 186 vll.
891 158 973 187 POST
995 158 1237 187 PENTECOSTEN.
1260 158 1369 187 SERMO
1392 159 1408 187 1.

151 236 253 265 scilicet
274 235 412 269 caritatis;
434 236 541 265 loannis
555 236 661 265 decimo
682 236 763 265 tertio
776 238 801 264 ¹:
823 236 996 265 Mandatum

150 290 257 310 novam
273 282 308 310 do
323 281 412 316 vobis,
429 286 461 310 nt
474 282 606 320 ctiliyatis
627 283 750 311 invicem
764 286 815 312 etc.
836 283 871 311 ln
886 282 937 311 ltoc
952 291 997 311 co-

148 334 286 366 gnoscent
300 337 407 362 omnes,
423 329 494 367 quia
509 329 649 366 discipuli
668 329 725 357 mei
738 330 816 363 estis,
831 329 859 357 si
871 329 996 358 dileetio-

149 384 213 404 nem
229 374 390 404 habueritis
409 375 449 404 ad
470 376 601 404 invicem.
617 393 655 397 -—
670 377 743 405 Nova
756 376 931 413 praeconia,
947 376 997 405 sci-

150 422 212 451 licet
229 422 337 451 divinae
358 422 462 456 laudis;
484 423 628 451 Psalmusr
647 422 767 451 Cantate
784 422 905 451 Domino
927 431 996 451 can-

149 468 237 497 ticum
253 477 361 497 novam
383 472 433 497 etc.
457 485 493 489 —
514 469 589 497 Nova
609 469 789 503 certamina,
816 469 918 498 scilicet
934 469 997 497 viri—

150 515 247 547 litatis;
271 516 394 544 ludicum
417 516 530 552 quinto:
553 515 636 544 Nova
657 515 729 544 tetta
743 515 823 552 eleyit
839 516 995 549 Dominus,

148 567 179 590 et.
194 565 298 598 portas
319 561 445 590 hostiam
477 563 537 598 ipse
566 562 714 590 subvertit.
738 579 775 583 —
796 562 869 590 Nova
898 561 996 590 oleari-

148 612 262 641 smata,
284 608 387 637 scilicet
408 608 566 642 suavitatis;
582 608 735 644 Sapientiae
750 608 855 636 decimo
876 611 956 637 sexto
968 609 994 637 2;

149 655 260 683 Novam
282 658 478 692 ynstavernnt
497 663 601 683 eseam.

482 755 574 784 Suasio
596 755 627 783 Ill
639 755 657 783 ³.

217 849 291 879 Item,
311 856 391 874 sermo
410 849 496 874 fratris
516 849 706 874 Bouaventurae
730 849 755 873 in
780 849 851 874 domo
876 849 994 874 Fratrum

148 893 261 918 Turonis.

226 982 381 1019 Aoeipiens
403 983 485 1011 lesus
505 986 610 1019 septem
629 990 732 1019 panes‘,
753 982 872 1020 gratias
894 991 994 1020 (tyenS,

146 1029 235 1067 freyit
256 1034 281 1058 et
302 1029 391 1058 dabat
412 1029 565 1067 discipulis
585 1030 666 1063 saia,
690 1035 720 1058 nt
749 1034 941 1067 apponerent,
971 1034 995 1058 et

147 1079 349 1113 apposuerunt
370 1075 481 1104 turbae.
499 1077 533 1104 Et
547 1075 689 1104 habebant
703 1076 859 1113 pisciculos
870 1085 994 1113 pancos,

147 1127 172 1152 et
193 1123 271 1160 ipsos
293 1122 437 1151 benedixit
457 1127 482 1151 et
503 1123 590 1151 iussit
611 1123 736 1160 apponi,
759 1123 840 1151 lllarci
866 1126 962 1151 octavo
973 1124 993 1151 ⁴².

227 1170 336 1207 Septem
364 1169 392 1198 hi
419 1178 512 1206 panes
540 1170 657 1198 morales
679 1173 760 1203 sunt,
783 1178 853 1207 quos
884 1170 994 1207 quidem

147 1217 274 1246 Christus
293 1216 384 1254 freyit
404 1225 455 1245 suo
477 1217 605 1254 exemplo
626 1217 705 1254 prius
733 1220 759 1245 et
788 1220 882 1254 postea
909 1217 995 1245 docu-

147 1267 254 1297 mento,
277 1267 303 1292 et
332 1264 455 1292 tradidit
486 1264 646 1293 doctoribus
677 1272 724 1293 seu
758 1264 995 1301 praedicatoribus

678 1390 837 1419 DOMINICA
859 1390 996 1419 SEPTIMA

495 1502 586 1530 Sanno
610 1502 616 1529 1
628 1502 646 1529 ⁸.

229 1595 329 1623 Omnis
351 1595 453 1629 arbor,
475 1604 550 1633 quae
565 1604 622 1624 non
636 1595 711 1632 facit
725 1594 859 1632 fructum
875 1594 995 1628 bonam,

147 1642 296 1671 excidetur
317 1646 343 1670 et
363 1642 394 1670 in
415 1642 511 1679 iynem
533 1643 673 1676 mittetur,
696 1642 822 1670 Matthaei
845 1642 963 1678 septimo
975 1641 995 1669 9.

227 1689 326 1718 Volens
348 1689 481 1717 Dominus
502 1692 595 1718 noster
616 1689 751 1725 populum
782 1688 920 1717 ludaicum
948 1696 996 1717 ru-

147 1736 208 1765 dem
230 1739 257 1764 et
278 1736 421 1764 animalem
445 1736 589 1764 retrahere
610 1744 625 1764 a
648 1736 733 1769 malo,
748 1736 800 1764 sub
816 1735 996 1764 similitudine

147 1783 255 1812 arb0r1s
275 1790 328 1811 non
351 1782 530 1819 producentis
558 1782 680 1811 fructum
709 1782 830 1816 bonum,
859 1790 929 1819 quae
951 1790 996 1810 ra-

147 1831 220 1859 tione
242 1838 307 1859 suae
329 1830 480 1859 sterilitatis
502 1829 642 1858 exciditur
663 1833 690 1858 et
712 1830 737 1858 in
760 1830 850 1866 ignem
866 1829 995 1864 mittitur,

149 1877 261 1906 cuilibet
284 1877 354 1906 malo
377 1885 429 1905 non
452 1880 561 1911 natura,
577 1877 623 1905 sed
639 1877 738 1905 affectu
753 1876 902 1905 voluntatis
917 1884 996 1913 prae-

147 1924 256 1953 nuntiat
276 1924 441 1953 decisionem
464 1927 491 1952 et
511 1923 728 1952 combustionem
744 1926 872 1952 aeternae
886 1923 996 1951 damna-

148 1971 239 2005 tionis,
262 1978 324 1999 cum
346 1970 412 1999 dicit
433 1971 460 1998 in
482 1970 568 1998 verbo
589 1970 745 2006 proposito:
772 1970 872 1998 Onmis
893 1969 995 2003 cn‘bor,

148 2026 223 2057 quae
242 2026 300 2046 non
322 2016 396 2054 facit
416 2016 549 2054 fractam
573 2016 697 2050 bonum,
723 2016 872 2045 excidetur
893 2019 944 2044 etc.
969 2016 995 2044 ln

149 2073 205 2101 quo
226 2064 338 2101 quidem
361 2063 446 2092 verbo
468 2063 592 2091 ordinate
621 2063 788 2099 proceditur.
811 2063 876 2091 Nam
905 2063 995 2099 primo

148 2111 314 2141 describitur
336 2113 479 2147 peccatum
501 2113 637 2147 quantum
659 2110 693 2138 ad
714 2110 882 2138 interiorem
905 2110 995 2147 oriyi—

147 2167 229 2192 nem,
251 2166 334 2195 quam
357 2157 440 2186 habet
461 2165 496 2186 ex
525 2156 684 2193 arrogantia
711 2157 826 2190 mentis,
858 2156 995 2190 secundo,

147 2209 282 2243 quantum
314 2205 348 2233 ad
379 2204 547 2232 exteriorem
581 2204 878 2237 consummationem,
911 2211 994 2240 quam

148 2253 230 2281 habet
252 2252 277 2280 in
300 2251 497 2288 complacentia
524 2251 631 2287 operis;
664 2251 762 2284 tertio,
794 2253 929 2287 quantum
962 2250 996 2278 ad

147 2299 265 2336 finalem
286 2299 511 2332 ordinationem,
534 2306 616 2335 quam
635 2298 718 2327 habet
732 2298 758 2326 in
774 2298 900 2335 gehenna
915 2297 994 2334 ignis.

149 2346 180 2374 Et
201 2346 239 2375 sic
260 2349 416 2382 peccatum,
439 2345 499 2374 licet
522 2345 691 2374 occasionem
707 2344 836 2372 habuerit
851 2352 865 2372 a
880 2343 995 2372 frandu-

149 2393 231 2422 lentia
252 2393 354 2427 hostis,
376 2392 510 2429 originem
534 2395 623 2420 tamen
651 2391 749 2420 habuit
776 2391 810 2419 ab
838 2390 995 2428 arrogantia

149 2440 256 2474 mentis,
279 2439 542 2468 consummationem
565 2439 591 2466 in
615 2438 811 2475 complacentia
833 2437 924 2474 operis
939 2437 996 2466 sive

149 2486 175 2515 in
198 2486 419 2523 concupiscentia
440 2485 532 2514 carnis
553 2489 580 2514 et
607 2485 806 2514 ordinationem
835 2485 861 2513 in
893 2485 995 2522 geben-

149 2541 212 2562 nam
235 2533 313 2570 ignis.
337 2533 426 2561 Primo
449 2533 532 2569 igitur
553 2532 721 2561 describitur
743 2534 885 2568 peccatum
908 2540 996 2568 quan-

149 2584 208 2609 tum
231 2580 264 2608 ad
286 2580 453 2608 interiorem
475 2579 628 2616 oriyinein,
650 2587 733 2616 quam
757 2579 839 2608 babet
861 2586 895 2607 ex
918 2587 996 2607 arro-

149 2627 239 2663 gantia
262 2627 370 2660 mentis,
392 2634 453 2654 cum
477 2626 557 2654 dicit:
576 2626 676 2654 Omnis
691 2625 791 2659 arbor,
807 2625 910 2654 scilicet
926 2625 996 2653 mala

1841 160 1893 189 381

1054 236 1206 273 Evangelii,
1229 240 1261 265 ut
1282 236 1385 265 mundo
1406 241 1584 274 apponerent
1604 238 1637 266 ad
1659 238 1776 267 salutem
1805 241 1831 267 et
1852 246 1898 267 eo-

1053 290 1115 311 rum
1139 286 1282 320 pascerent
1303 291 1411 312 omnem
1433 284 1562 313 animam.

1132 330 1239 358 Primus
1261 330 1339 366 panis
1359 333 1400 359 est
1422 331 1540 359 intentio
1572 331 1687 365 caelica;
1720 331 1897 360 Ecclesiastae
1916 337 1992 362 Septem
2019 343 2039 357 a·

1053 384 1125 405 nono
1135 377 1162 404 ⁵:
1190 377 1266 405 Vade
1286 380 1310 405 et
1325 378 1437 406 comede
1451 378 1482 406 in
1498 378 1608 406 taetitia
1621 387 1729 415 panem
1745 382 1827 406 taum
1844 382 1896 407 etc.
1910 366 1944 381 ¹¹⁹⁵
1955 367 2041 381 mm*

1052 439 1090 443 —-
1105 422 1247 451 Secundus
1261 426 1302 451 est
1317 424 1493 452 conscientia
1507 424 1625 459 munda;
1643 424 1722 461 primi
1741 425 1843 462 Regum
1858 425 1897 452 vi-

1052 469 1155 506 gesimo
1176 470 1283 506 primo:
1305 469 1370 498 Non
1391 469 1479 499 liabeo
1499 470 1589 499 laicos
1602 480 1695 508 panes
1709 471 1749 500 ad
1763 480 1897 505 manum,

1051 516 1101 544 sed
1122 519 1236 544 tantam
1255 525 1364 553 panem
1384 522 1521 546 sanetum
1542 522 1593 547 etc.
1616 535 1652 539 -
1675 518 1785 547 Tertius
1799 521 1840 547 est
1855 518 1896 546 in-

1052 562 1207 600 telligentia
1222 563 1330 600 sapida;
1347 564 1553 592 Deuteronomii
1570 568 1681 594 octavo:
1701 564 1765 594 Non
1787 565 1818 593 in
1838 565 1897 593 solo

1049 617 1126 645 pane
1147 610 1217 637 vicit
1237 609 1331 643 liomo,
1352 611 1403 638 sect
1424 611 1455 639 in
1476 612 1556 639 omni
1575 611 1670 646 verbo,
1693 612 1771 650 qnod
1788 612 1897 649 eyrea'i-

1052 659 1101 683 tar
1122 655 1156 683 de
1177 664 1225 684 ore
1242 656 1299 684 Dei.
1315 673 1353 677 —-
1367 657 1490 693 Quartus
1504 661 1546 686 est
1560 658 1621 686 vita
1636 658 1722 693 bona;
1740 659 1861 687 Psalmus
1873 658 1897 686 ⁵:

1053 702 1160 736 Panis,
1184 702 1209 730 id
1231 707 1272 731 est
1299 703 1353 731 vita
1381 707 1486 737 sancta,
1515 713 1565 732 cor
1589 704 1715 733 nominis
1743 705 1897 741 confirmat

1051 751 1077 776 et
1099 748 1162 776 facit
1184 756 1324 777 securum.
1348 766 1385 769 —
1407 750 1526 785 Quintus
1557 755 1598 779 est
1628 750 1714 788 fama
1745 752 1896 785 odoril'era;

1051 794 1134 823 Isaiae
1156 795 1385 832 quinquagesimo
1406 800 1518 825 octavo:
1541 798 1660 834 Frange
1687 799 1826 827 esurienti
1843 807 1897 836 pa-

1051 850 1113 869 nem
1137 845 1229 869 ttt'ttm.
1254 858 1288 861 —
1312 842 1415 871 Sextus
1435 847 1476 871 est
1498 843 1601 880 linqua.
1622 845 1793 881 evangelica;
1816 846 1898 874 Isaiae

1051 888 1192 925 trigesimo
1214 889 1310 917 tertio:
1333 890 1428 918 Panis
1449 890 1475 918 ei
1502 891 1592 918 clatus
1622 895 1678 925 est,
1710 900 1805 929 aquae
1836 892 1898 920 ein-5

1050 935 1146 972 sidetes
1166 940 1244 963 sant.
1268 953 1304 956 —
1326 936 1466 972 Septimus
1487 940 1528 965 est
1548 937 1625 965 vitae
1647 941 1780 966 aeternae
1794 947 1898 966 memo-

1051 982 1100 1011 ria
1122 982 1311 1019 frequentata;
1345 983 1498 1019 Sapientiae
1526 984 1632 1012 decimo
1660 984 1777 1013 sexto⁷c
1802 985 1899 1013 Para—

1052 1033 1113 1057 tum
1132 1037 1240 1065 panem
1262 1029 1295 1057 (Ie
1316 1029 1394 1057 caelo
1413 1030 1589 1066 praestitisti
1609 1031 1650 1059 eis
1670 1031 1732 1059 sine
1753 1031 1858 1060 labore.

1134 1076 1229 1103 Pauci
1248 1078 1340 1104 autem
1361 1076 1506 1113 pisciculi,
1522 1077 1679 1106 condientes
1694 1080 1721 1106 et
1739 1082 1899 1115 saporantes
1911 1085 1994 1112 Quatmyr
2007 1085 2035 1109 vi-

1052 1123 1102 1150 lios
1128 1122 1293 1158 praemissos
1324 1123 1495 1159 evangelicos
1527 1132 1626 1160 panes,
1649 1128 1728 1153 sunt:
1751 1125 1899 1153 continuus
1918 1108 2033 1151 ⁵⁰¹23i¹as¹f³⁰'

1053 1169 1153 1197 oenias
1174 1169 1206 1198 ad
1229 1170 1357 1206 exempla
1378 1170 1460 1199 Verbi
1484 1170 1635 1205 incarnati,
1664 1171 1763 1200 ardens
1791 1172 1900 1200 deside-

1052 1217 1132 1245 riam
1155 1217 1283 1253 paradisi,
1298 1225 1410 1254 gemens
1424 1218 1591 1255 suspirium
1607 1219 1680 1247 circa
1694 1227 1805 1247 crucem
1820 1219 1899 1247 Chri—

1052 1264 1095 1297 sti,
1118 1264 1229 1292 firmum
1251 1264 1432 1300 propositum
1457 1264 1482 1292 in
1505 1265 1594 1301 gratia
1616 1265 1819 1301 perseverandi.

1020 1390 1102 1418 POST
1125 1389 1366 1418 PENTECOSTEN.

1054 1509 1106 1529 non
1130 1504 1245 1535 natura,
1268 1501 1315 1530 sed
1337 1502 1436 1530 mentis
1464 1502 1629 1539 arrogantia.
1659 1502 1733 1530 Unde
1755 1502 1847 1531 Glossa
1861 1503 1900 1531 1⁰:

1057 1559 1070 1572 «ι
1085 1547 1217 1576 Voluntas
1236 1548 1457 1584 uniuscuiusque
1472 1551 1514 1576 est
1528 1548 1611 1576 arbor
1626 1548 1706 1583 bona,
1722 1549 1762 1577 vel
1779 1549 1858 1582 mala,
1874 1552 1901 1578 et

1054 1595 1125 1623 sicut
1146 1594 1229 1623 arbor
1251 1595 1391 1623 radicatur
1407 1595 1433 1622 in
1450 1598 1534 1629 terra,
1550 1595 1588 1623 sic
1604 1595 1730 1624 voluntas
1746 1596 1772 1623 in
1794 1595 1899 1629 anima;

1053 1645 1080 1669 et
1100 1641 1206 1674 anima,
1230 1645 1356 1670 manente
1378 1642 1484 1678 integra
1499 1645 1615 1675 natura,
1637 1641 1737 1670 affectu
1752 1642 1901 1670 voluntatis

1053 1689 1254 1725 corrumpitur,
1277 1688 1319 1717 vel
1341 1689 1368 1716 in
1390 1689 1489 1717 melius
1511 1692 1674 1717 mutatur».
1705 1689 1829 1717 Secundo
1854 1689 1901 1718 de-

1053 1735 1186 1764 scribitur
1207 1738 1350 1772 peccatum
1374 1739 1509 1772 quantum
1531 1735 1565 1764 ad
1580 1736 1749 1764 exteriorem
1766 1744 1900 1764 eonsum-

1052 1782 1225 1816 mationem,
1247 1790 1330 1819 quam
1353 1782 1436 1811 habet
1458 1782 1483 1810 in
1507 1782 1704 1819 complacentia
1725 1783 1816 1819 operis
1844 1783 1900 1812 sive

1052 1828 1275 1865 concupiscentia
1302 1829 1409 1863 carnis,
1438 1837 1501 1857 cum
1523 1829 1631 1858 subdit:
1654 1838 1728 1867 qnae
1749 1838 1807 1857 non
1827 1828 1901 1866 facit

1051 1874 1185 1913 fractam
1208 1875 1322 1904 bonam.
1352 1875 1461 1904 Glossa:
1499 1876 1644 1904 «Fructus
1675 1876 1783 1905 arboris
1815 1876 1901 1905 malae

1052 1926 1118 1951 sunt
1138 1931 1222 1959 opera
1243 1923 1349 1957 carnis,
1372 1923 1475 1951 scilicet
1496 1923 1656 1957 fornicatio,
1680 1923 1808 1957 luxuria,
1837 1931 1900 1951 ava-

1053 1969 1114 1997 ritia
1127 1981 1140 1994 »
1160 1972 1221 2003 etc„
1237 1977 1307 2006 quos
1322 1969 1430 1998 fructus
1445 1977 1498 1997 non
1521 1969 1571 1997 nisi
1595 1969 1666 1997 mala
1686 1969 1812 1998 voluntas
1827 1969 1899 1998 facit.

1052 2016 1144 2044 Tertio
1165 2016 1332 2044 describitur
1356 2019 1498 2053 peccatum
1520 2019 1655 2053 quantum
1671 2016 1704 2044 ad
1719 2015 1836 2052 finalem
1852 2024 1900 2044 or-

1053 2062 1242 2096 dinationem,
1264 2071 1347 2099 quam
1370 2063 1453 2091 habet
1475 2063 1501 2091 in
1523 2063 1649 2099 gebenna
1664 2063 1743 2100 ignis,
1759 2070 1821 2091 cum
1838 2063 1901 2091 sub-

1053 2109 1150 2138 infert:
1172 2110 1321 2138 eaecz'clecztr
1342 2114 1366 2138 et
1388 2110 1418 2137 in
1440 2110 1536 2147 ignem
1557 2110 1695 2138 mittetnr.

1133 2156 1149 2184 l.
1172 2156 1242 2185 Dicit
1257 2164 1338 2193 ergo:
1357 2156 1457 2184 Omnis
1472 2156 1580 2189 arbom
1595 2156 1642 2185 ubi
1658 2156 1825 2185 describitur
1841 2163 1900 2192 pec·
1913 2163 1960 2190 Pars·
1972 2164 1985 2182 1.
1999 2164 2040 2190 ori-

1053 2206 1143 2231 catum
1166 2206 1301 2240 quantum
1324 2203 1355 2231 ad
1378 2203 1547 2231 interiorem
1568 2203 1723 2240 originem,
1746 2211 1828 2240 quam
1852 2203 1900 2231 ha-
1918 2189 2034 2234 Εἶέἓὲἕιῖἶω

1052 2250 1098 2279 bet
1119 2258 1153 2279 ex
1176 2250 1334 2287 arrogantia
1355 2250 1462 2278 mentis.
1486 2250 1532 2278 llla
1552 2250 1625 2278 enim
1640 2250 1724 2278 arbor
1739 2250 1838 2278 affectu
1854 2258 1901 2278 vo-

1053 2297 1166 2326 luntatis
1187 2300 1319 2333 corrupta
1340 2301 1389 2330 est,
1412 2305 1483 2334 quae
1504 2299 1545 2325 est
1566 2304 1649 2325 causa
1669 2299 1697 2325 et
1717 2297 1794 2333 origo
1816 2297 1900 2325 malo-

1053 2352 1116 2372 rum
1138 2352 1269 2380 opernm:
1292 2344 1394 2381 primo,
1416 2351 1487 2380 quae
1509 2346 1550 2372 est
1571 2343 1750 2377 catntterina,
1766 2344 1831 2380 quia
1845 2351 1900 2372 non
1917 2351 2031 2370 Subdu-isio.

1053 2391 1155 2419 inserta
1176 2391 1268 2419 divino
1290 2395 1360 2419 nutu
1380 2391 1405 2419 in
1423 2391 1503 2419 horto
1519 2390 1668 2424 Ecclesiae,
1684 2390 1813 2424 secundo,
1828 2398 1900 2427 quae

1053 2441 1093 2466 est
1115 2438 1215 2471 arida,
1238 2438 1303 2474 quia
1324 2446 1377 2466 non
1400 2438 1512 2474 perfusa
1533 2445 1655 2474 superno
1676 2437 1759 2466 fluxu
1774 2437 1831 2466 sive
1846 2437 1901 2466 stil-

1053 2485 1143 2514 licidio
1173 2485 1292 2522 gratiae,
1326 2485 1423 2518 tertio,
1452 2492 1523 2521 quae
1554 2487 1595 2513 est
1626 2483 1803 2521 infecunda,
1835 2484 1901 2521 quia

1052 2540 1106 2560 non
1129 2532 1250 2560 humano
1273 2535 1398 2568 promota
1419 2531 1496 2560 cultu
1519 2531 1544 2559 in
1567 2531 1702 2560 exercitio
1723 2531 1851 2560 iustitiae.

1132 2578 1222 2607 Primo
1244 2578 1290 2607 illa
1311 2578 1394 2607 arbor
1416 2582 1456 2607 est
1478 2586 1561 2607 causa
1592 2578 1701 2607 fructus
1733 2586 1787 2606 non
1819 2578 1898 2612 boni,
1920 2585 2028 2604 nearbore

1052 2633 1123 2662 quae
1144 2628 1185 2653 est
1206 2625 1392 2659 ctcl'nlterina,
1415 2625 1478 2661 quia
1501 2633 1554 2653 non
1578 2625 1680 2653 inserta
1707 2624 1799 2653 divino
1828 2628 1898 2653 nutu
1918 2609 2031 2628 adffl‘ma'

214 2759 220 2771 ¹
240 2760 305 2781 Vcrs.
324 2759 360 2781 34.
379 2766 440 2788 se(1.;
458 2762 586 2788 sequuntur
604 2760 638 2781 Ps.
657 2760 698 2786 95,
721 2760 738 2782 l.
758 2762 778 2781 et
797 2759 866 2782 ludic.
884 2760 909 2786 5,
927 2760 948 2781 S.

213 2797 221 2810 ²
241 2799 304 2821 Vcrs.
323 2799 344 2821 3.

213 2837 221 2849 ‘³
240 2838 270 2859 Ex
287 2838 304 2859 Α
323 2838 360 2860 t'ol.
381 2838 421 2859 132
439 2844 460 2859 v.

213 2875 222 2887 ⁴¹
241 2877 307 2898 vers.
327 2876 347 2898 6.
366 2882 414 2904 seq.

214 2913 223 2926 ⁵
241 2915 306 2937 Vcrs.
324 2914 350 2941 73
369 2919 496 2943 sequuntur
515 2916 528 2936 1.
552 2915 606 2941 liet-¹¹.
626 2915 666 2941 21,
692 2915 711 2936 4.
729 2918 750 2937 et
774 2916 838 2937 Dent.
862 2916 886 2942 S,
905 2916 925 2938 3.
944 2916 995 2943 (ct'r.

151 2955 228 2976 litanti,
247 2954 271 2981 l,
290 2954 310 2976 s„
329 2956 350 2976 et
369 2955 422 2976 Luc.
442 2954 467 2980 4,
486 2954 524 2982 4.)

1115 2759 1124 2771 ⁶
1142 2760 1223 2782 l'salm.
1244 2760 1293 2786 103,
1315 2759 1353 2785 15;
1370 2762 1499 2787 sequuntur
1517 2759 1565 2781 lsai.
1584 2759 1625 2784 58,
1643 2758 1664 2779 7.
1683 2760 1705 2779 et
1722 2764 1741 2779 c.
1759 2758 1799 2780 33.
1819 2757 1854 2779 16.

1116 2797 1124 2809 ⁷
1142 2798 1207 2820 Vei-s.
1226 2798 1262 2819 20.

1115 2836 1123 2849 ⁸
1141 2838 1171 2858 Ex
1191 2837 1298 2858 Vaticana
1316 2840 1337 2858 et
1355 2836 1370 2858 C
1382 2836 1457 2858 DEF.

1116 2874 1124 2887 ⁹
1142 2876 1208 2897 Vei-s.
1228 2876 1262 2897 19.

1115 2914 1134 2927 ¹⁰
1152 2915 1211 2936 Haec
1228 2918 1248 2936 et
1267 2920 1367 2942 sequeus
1384 2914 1461 2936 Glossa
1480 2917 1531 2936 sunt
1549 2912 1686 2936 ordinariae
1700 2913 1719 2935 in
1733 2914 1792 2935 lum(-
1809 2913 1897 2941 locnm;

1052 2956 1093 2976 ct'r.
1111 2954 1178 2975 ctiam
1197 2953 1268 2979 Beda,
1287 2954 1309 2975 ll.
1328 2953 1350 2974 in
1368 2953 1443 2975 Manli.
1462 2959 1482 2975 (·.
1498 2953 1520 2975 7.
