2243 3348
4 502 10 552 l

6 553 9 596 l

2 604 10 651 ÷
17 618 123 639 Notandum.

7 720 9 736 l

7 738 9 753 l

6 778 9 816 ἓ

5 818 9 833 Ι

0 1168 65 1202 Ἰ11111110,
78 1183 125 1197 sem·

0 1208 13 1224 >r
19 1202 112 1225 nitet-nitas

6 1225 117 1248 mutationis.

6 1251 8 1287 l

6 1289 8 1308 l

0 1314 1 1318 ¹
5 1313 8 1326 ι

6 1342 8 1377 l

37 2163 81 2182 Pars
93 2164 122 2182 lli.

0 2353 10 2366 ’Δ
18 2351 122 2370 3nbdivisio.

8 2562 11 2576 1

19 2631 112 2651 instanter.

644 161 800 190 DOMlNlCA
823 161 851 189 11.
876 161 956 189 POST
980 161 1221 190 PENTECOSTEN.
1244 162 1353 190 SERMO
1377 163 1392 190 l.

142 237 364 271 convenientiae,
377 238 504 267 medullis
515 238 621 267 animae
632 239 726 267 intime
738 239 860 274 illapsus,
870 238 988 274 perfecte

142 282 273 316 delectat,
296 290 357 311 cum
384 283 556 312 «delectatio
577 284 612 312 sit
626 284 783 312 coniunctio
802 284 989 312 convenientis

142 336 204 357 cum
221 329 391 358 convenienti
406 330 453 363 1»,
475 333 501 358 et
515 329 606 358 anima
621 337 683 358 cum
700 329 776 357 nullo
791 329 888 357 habeat
904 329 988 357 maio-

143 382 201 404 rem
217 376 432 404 convenientiam
446 383 528 412 quam
544 383 607 404 cuin
623 376 677 409 illo,
689 375 721 404 ad
734 375 814 403 cuius
829 375 987 412 iinagyinein

142 426 166 449 et
188 421 409 450 similitudinem
432 421 501 450 sacta
522 425 578 455 est;
601 421 706 449 ratione
721 429 787 449 suae
799 420 988 458 perfectionis

142 471 167 496 εἰ
184 467 373 505 sufficientiae
393 468 516 504 undique
537 468 617 496 satiat
639 471 665 496 et
687 468 790 504 replet,
812 468 859 497 sed
881 469 987 497 ratione

142 522 207 543 suae
229 513 385 550 infinitatis
406 518 431 542 ec
451 514 652 543 abundantiae
680 515 857 551 capacitatem
880 515 986 543 animae

141 560 250 590 excedit
264 564 291 589 et
305 561 418 597 quietat.
441 561 507 589 Nam
524 561 549 589 in
566 561 642 589 nullo
658 561 729 589 bono
750 561 827 589 finito
848 562 987 598 appetitus

140 608 247 636 animae
269 608 426 644 quietatur,
447 616 479 636 eo
501 608 573 644 quod
602 608 725 645 aequalis
745 608 866 636 ambitus
886 611 927 636 est
948 608 986 636 ai'-

140 654 220 683 tectio
241 658 268 683 et
289 655 407 691 cognitio
435 655 492 683 sive
513 655 674 683 aestimatio.
704 655 771 683 Cum
793 655 878 692 igitur
905 655 987 683 aesti-

140 702 225 730 matio
246 705 273 730 et
292 702 412 738 cognitio
434 705 496 738 apta
519 705 581 730 nata
603 702 638 730 sit
662 702 774 730 extendi
802 701 835 730 ad
865 702 985 735 infinita,

139 749 244 785 pariter
265 752 293 777 et
314 749 373 777 eius
395 749 502 777 affectio
522 749 556 777 ad
579 749 683 777 infinita
706 756 734 777 se
749 748 887 777 extendit:
910 757 985 786 ergo,

140 795 262 832 quolibet
285 796 355 824 bono
376 796 503 830 obtento,
526 796 616 824 adhuc
635 795 709 824 ultra
731 799 821 831 posset
842 795 987 832 insurgere

139 842 293 879 appetitus,
315 846 342 871 et
370 842 424 876 sic,
451 846 710 879 quantumcumque
732 842 833 870 bonum
861 846 985 871 creatum

140 889 387 925 multiplicaretur,
402 897 546 926 nunquam
562 889 587 917 in
610 889 656 917 illo
671 889 844 925 quietaretur
860 897 909 918 nec
925 890 987 918 bea-

141 935 301 964 tificaretur,
317 936 391 964 Unde
413 925 593 964 Anselnms‘u’:
621 947 634 961 «
648 936 680 963 ln
701 936 847 973 gaudiam
871 936 989 965 Domini

138 982 304 1015 introibit»;
326 982 401 1019 quod
421 983 442 1011 si
465 986 553 1011 totum
573 985 684 1019 caperet
705 986 732 1011 et
753 990 807 1011 non
829 982 987 1011 vinceretur

137 1033 165 1057 et
185 1029 392 1063 absorberetur,
407 1029 498 1058 adhuc
520 1033 610 1066 posset
631 1029 776 1066 insurgere
794 1030 933 1066 appetitus
952 1029 987 1058 ad

138 1076 256 1112 amplius
276 1076 459 1113 appetendum
481 1077 524 1105 vel
545 1076 717 1113 capiendum.

217 1123 308 1152 Tertio
331 1123 357 1152 in
379 1124 430 1152 ista
452 1132 536 1152 coena
557 1124 610 1152 erit
630 1123 877 1160 sempiternaliter&
898 1124 988 1152 (lara-

140 1169 226 1198 tionis
254 1170 454 1198 continuantia
486 1174 599 1207 propter
631 1171 779 1198 carentiam
813 1170 987 1199 omnimodae

140 1217 359 1246 detectibilitatis.
383 1218 409 1245 ln
432 1217 483 1246 ista
498 1218 571 1246 enim
593 1225 677 1246 coena
697 1226 838 1254 nunquam
860 1218 988 1247 deficient

138 1264 259 1298 fercula,
281 1272 423 1302 nunquam
446 1265 619 1293 amovebitur
641 1264 749 1299 tabula,
771 1272 803 1293 eo
825 1265 898 1302 quod
913 1265 986 1294 Beati

139 1318 248 1347 semper
269 1314 352 1339 erunt
373 1311 399 1339 in
416 1311 546 1340 continua
562 1311 642 1339 laude
656 1315 683 1339 et
697 1311 903 1347 glorificatione.
919 1311 985 1340 Nam

140 1357 273 1394 quidquid
295 1358 358 1386 boni
381 1358 527 1395 accipient,
544 1358 569 1386 in
585 1366 648 1386 eum
665 1358 753 1386 solum
778 1359 923 1392 resolvent,
938 1358 984 1395 qui

140 1405 218 1441 plene
246 1408 336 1442 potest
362 1413 409 1434 eos
438 1405 537 1434 satiare
565 1408 592 1434 et
620 1405 783 1442 glorificare.
812 1406 888 1434 Unde
916 1406 987 1434 sicut

138 1452 307 1488 impossibile
327 1455 384 1486 est,
399 1452 518 1489 aliquem
534 1452 569 1481 ibi
587 1452 672 1485 mori,
694 1452 732 1480 sic
754 1452 922 1489 impossibile
936 1455 986 1486 est,

139 1498 259 1535 aliquem
287 1499 324 1527 ibi
353 1499 510 1528 famescere.
535 1499 564 1527 Et
586 1502 700 1535 propter
723 1499 773 1527 hoc
795 1499 896 1528 dicitur
921 1500 988 1536 Apo-

139 1545 257 1582 calypsis
278 1545 384 1574 decimo
405 1554 477 1574 nono
493 1546 521 1573 3:
545 1546 643 1579 Beati,
666 1546 717 1583 isai
737 1546 776 1574 acl
791 1554 908 1574 coenam
930 1555 985 1574 1111-

136 1592 272 1629 pciaram
295 1593 374 1630 Ayni
391 1593 487 1621 vocati
506 1597 584 1621 811111.
600 1593 698 1621 Beatus
718 1593 791 1621 enim
813 1596 854 1621 est
875 1593 920 1621 ille
939 1593 985 1630 qui

139 1639 230 1667 omnia
244 1642 337 1676 optata
358 1639 416 1668 sine
431 1639 529 1667 timore
544 1639 684 1667 amittendi
701 1643 835 1676 perpetuo
857 1640 984 1676 possidet.

139 1686 205 1714 Nam
226 1694 288 1715 oum
311 1686 451 1714 beatitudo
466 1686 501 1714 sit
523 1686 633 1715 habitus
648 1686 674 1714 in
697 1689 759 1714 actu
775 1687 795 1720 4,
817 1687 986 1724 impossibile

139 1736 195 1766 est,
217 1733 335 1761 animam
352 1733 456 1761 beatam
473 1741 532 1762 esse
546 1737 573 1761 et
587 1733 723 1762 actualem
738 1733 984 1762 considerationem

139 1788 235 1808 eorum
251 1788 322 1817 quae
337 1784 402 1808 sunt
416 1780 449 1809 de
464 1781 582 1809 essentia
596 1780 708 1817 gloriae,
724 1788 778 1808 non
793 1780 905 1815 habere,
921 1781 986 1817 quia

139 1826 166 1854 in
188 1826 357 1855 beatitudine
372 1827 447 1855 nulla
468 1830 509 1856 est
524 1827 707 1861 variabilitas,
729 1827 806 1855 nulla
827 1827 986 1864 temporalis

139 1874 284 1902 successio.
295 1874 328 1901 vEt
340 1877 453 1910 propter
466 1875 517 1903 hoc
528 1874 579 1903 ista
594 1882 679 1902 coena
690 1874 794 1902 ratione
806 1881 873 1903 suae
884 1875 986 1911 sempi-

140 1921 302 1949 ternalilatis
317 1929 370 1949 non
386 1924 428 1950 est
442 1921 609 1958 requirenda
624 1921 651 1949 in
666 1921 725 1950 istis
739 1921 926 1956 inferioribus,
938 1922 984 1950 sed

139 1967 166 1995 in
182 1968 383 2004 superioribus,
395 1969 460 2005 quia
475 1977 528 1997 11011
545 1969 754 1997 mensurabitur
767 1972 898 2005 tempore,
911 1968 984 2005 quod

139 2018 180 2043 est
199 2026 212 2040 «
224 2015 393 2051 principium
407 2016 612 2052 corruptionis⁵
625 2028 651 2049 »,
667 2015 714 2044 sed
729 2015 899 2048 aeternitate,
914 2023 985 2052 quae

139 2065 180 2090 est
194 2062 328 2098 quaedam
346 2070 476 2091 mensura
490 2063 602 2091 omnino
617 2066 751 2099 perpetua
764 2066 792 2090 et
807 2062 984 2091 invariabilis.

219 2109 257 2136 lli.
286 2109 378 2137 Tertio
404 2113 433 2137 et
460 2109 557 2137 ultimo
585 2109 794 2138 commendatur
816 2109 943 2137 Christus
970 2117 985 2137 a

140 2155 331 2184 benevolentia
346 2156 498 2185 invitanti-s
513 2157 649 2185 caritatis
670 2156 712 2184 vel
734 2156 906 2190 curialitatis,
921 2164 984 2184 cum

140 2202 290 2231 subinfert:
310 2206 338 2230 et
358 2203 471 2231 vocavit
486 2203 600 2231 inuitos.
615 2203 750 2231 Dominus
769 2206 864 2231 noster
878 2202 985 2231 ratione

139 2257 205 2278 suae
226 2249 389 2278 curialitatis
410 2253 437 2278 et
458 2250 663 2279 benevolentiae
677 2250 766 2278 noluit
784 2258 847 2278 esse
861 2250 936 2278 solus
957 2250 985 2278 in

140 2303 238 2331 coena,
260 2296 306 2325 sed
329 2296 441 2325 vocavit
456 2297 561 2325 inultos
582 2301 608 2325 et
629 2297 662 2325 de
681 2297 797 2325 (liversis
818 2297 984 2325 nationibus.

139 2344 206 2372 Nam
228 2344 317 2381 primo
339 2347 418 2373 vocat
439 2344 582 2372 inscanter
597 2345 655 2373 sine
670 2344 802 2373 desitione
823 2344 985 2373 instruendo

139 2398 188 2428 per
209 2391 374 2420 documenta
388 2395 414 2420 et
435 2392 578 2428 exempla3
594 2391 730 2425 secundo,
750 2391 848 2428 gyratis
869 2391 927 2420 sine
943 2399 985 2420 re-

140 2438 360 2474 compensatione
380 2438 523 2466 alliciendo
550 2446 598 2475 per
627 2438 759 2467 beneficia
786 2441 813 2467 et
834 2438 985 2474 promissa;

141 2485 237 2518 tertio,
257 2485 431 2522 generaliter
452 2485 510 2513 sine
538 2485 695 2521 acceptione
717 2485 908 2513 comminando
937 2493 985 2521 per

140 2535 251 2559 aeterna
272 2531 414 2568 supplicia.

220 2579 309 2606 Primo
331 2582 408 2607 vocat
422 2579 549 2608 Christus
563 2579 595 2608 ad
619 2580 697 2608 istam
713 2587 824 2608 coenam
844 2580 986 2608 i'izstanter

140 2633 202 2653 Sine
222 2625 360 2653 clesitione
382 2625 543 2655 instruendo
559 2634 608 2663 per
622 2626 787 2655 documenta
802 2630 828 2655 et
843 2626 985 2663 exempla;

18 2607 60 2627 rimo
71 2611 124 2628 vocal.
163 2625 167 2629 .

1834 166 1888 195 359

1045 238 1118 266 unde
1140 238 1351 267 Proverbiorum
1381 240 1469 275 primo
1484 240 1510 267 ῦς
1540 240 1660 274 Voeaui,
1689 245 1713 269 et
1735 243 1890 276 renni-stis,-

1044 284 1159 312 ea‘iemli
1179 292 1302 312 manuni
1323 293 1434 318 meam,
1457 289 1481 313 et
1502 294 1560 314 11011
1581 286 1640 322 sirii
1662 288 1713 325 qui
1733 288 1890 324 aspiceret,-

1044 330 1214 366 despexistis
1226 339 1307 358 onine
1319 331 1473 360 consiliam
1487 340 1592 360 mettin.
1605 349 1644 352 —
1657 334 1746 370 [nquit
1758 335 1830 363 Deus
1844 336 1890 364 Pa-

1045 378 1099 405 ter:
1122 377 1226 405 Voeavi
1240 385 1288 405 vos
1302 377 1333 405 ad
1350 377 1430 406 istam
1446 386 1567 412 coenam,
1583 380 1714 408 continuo
1730 381 1890 410 instruendo

1044 430 1092 458 per
1114 430 1209 451 servos
1231 431 1317 457 meos,
1340 424 1452 452 Sanctos
1474 428 1500 452 et
1522 425 1687 461 Prophetas,
1707 430 1731 454 ei
1753 428 1891 456 renuistis

1045 469 1153 502 venire;
1170 469 1282 506 insuper
1297 470 1412 498 extendi
1425 478 1548 499 manain
1564 479 1668 505 mmm,
1685 472 1710 500 id
1729 476 1779 506 est,
1794 474 1891 502 Filium

1045 524 1135 544 meum
1158 516 1190 544 ad
1215 525 1261 545 vos
1283 517 1316 545 de
1338 517 1392 545 alto
1415 518 1474 546 misi
1498 526 1547 554 per
1566 519 1657 547 carnis
1678 521 1890 554 assumtionem,

1042 562 1069 590 in
1092 571 1147 599 quo
1172 563 1300 591 doctrina
1327 564 1416 592 omnis
1443 565 1566 593 veritatis
1594 568 1621 593 et
1648 567 1776 603 exempla
1803 568 1891 596 omnis

1044 609 1194 638 honestatis
1222 613 1249 638 et
1270 611 1422 639 sanctitatis
1451 611 1591 645 relucent,
1620 612 1722 648 quibus
1750 613 1782 641 ad
1812 613 1890 642 istam

1043 664 1154 685 coenam
1178 657 1328 691 vocamini3
1351 661 1376 686 ec
1396 666 1454 685 non
1469 657 1529 694 fait
1543 659 1595 696 qui
1615 659 1772 696 aspiceret,
1793 660 1825 688 ad
1848 660 1892 689 do-

1042 704 1159 732 ctrinam
1189 712 1237 740 per
1260 704 1463 733 inclinationem
1489 706 1601 734 auditus
1628 710 1653 735 et
1675 706 1707 735 ad
1734 707 1816 735 vitam
1842 715 1891 744 per

1044 750 1221 779 imitationem
1245 750 1374 785 ess‘ectus;
1397 751 1481 780 immo
1510 760 1592 781 omne
1611 753 1766 782 consiliam
1795 762 1888 782 ineam

1043 796 1230 833 despexistis,
1246 797 1409 828 inveniendo
1424 791 1502 827 vobis
1517 799 1681 828 occasiones.
1697 800 1762 828 Nam
1774 801 1891 837 primas·

1043 843 1076 871 de
1098 844 1201 872 vocatis
1216 844 1307 872 discit:
1329 844 1432 873 Villam
1447 845 1519 879 enti,
1535 850 1561 874 et
1573 854 1684 875 neeesse
1703 846 1791 875 liabeo
1812 848 1892 876 exire

1043 893 1068 918 ec
1089 890 1185 919 videre
1200 890 1290 919 illuni.
1314 891 1394 920 Alter
1415 892 1506 920 dixit:
1531 893 1605 930 111911
1627 893 1711 921 boum
1734 894 1790 922 eni-i
1810 895 1892 932 qain-

1044 946 1097 975 9118
1118 941 1142 965 et
1163 946 1194 966 eo
1213 938 1341 974 probare
1362 947 1404 967 ea.
1437 939 1551 968 Tertius·
1572 941 1736 977 respondit:
1767 942 1889 970 Uxorem

1044 984 1134 1018 (laxi,
1157 988 1182 1012 ec
1202 984 1265 1012 ideo
1286 993 1342 1013 11011
1363 994 1483 1021 possa-in
1507 986 1641 1019 00111117,-
1662 987 1715 1015 hoc
1736 991 1777 1015 est
1798 987 1889 1016 dictu:

1043 1039 1118 1059 unus
1138 1035 1252 1068 propter
1273 1032 1442 1068 snperbiam
1470 1033 1657 1070 principandi,
1679 1034 1750 1063 alius
1778 1038 1891 1072 propter

1044 1078 1207 1106 avaritiam
1222 1079 1427 1113 accumulandi3
1443 1087 1505 1108 nam
1521 1088 1570 1116 per
1582 1081 1708 1119 quiin-yae
1719 1082 1792 1119 iuya
1806 1082 1888 1111 boam

1044 1125 1207 1162 intelligitur
1219 1126 1362 1162 superflua
1373 1126 1498 1163 quinque
1513 1134 1645 1156 sensuum
1661 1129 1804 1165 occupatio
1818 1129 1891 1158 circa

1044 1175 1167 1205 terrena;
1180 1172 1279 1201 tertius
1290 1176 1404 1209 propter
1420 1173 1573 1202 lasciviam
1588 1174 1747 1204 luxuriandi
1763 1175 1796 1204 ad
1811 1176 1889 1205 istam

1043 1227 1155 1248 coenam
1178 1220 1272 1248 venire
1287 1221 1458 1257 contempsit.
1474 1237 1511 1241 —
1529 1222 1610 1255 Ecce,
1626 1223 1737 1251 fatuitas
1752 1224 1890 1258 maxima,

1043 1267 1108 1303 quia
1129 1267 1202 1303 quod
1225 1268 1303 1304 peius
1331 1271 1373 1296 est
1393 1268 1513 1305 eligitur,
1541 1272 1568 1297 et
1589 1269 1661 1306 quod
1684 1270 1783 1299 melius
1811 1279 1890 1299 recu-

1043 1317 1129 1342 satur.
1145 1314 1261 1351 Eligitur
1283 1314 1355 1343 enim
1371 1315 1450 1349 villa,
1467 1319 1612 1344 recusatur
1628 1324 1759 1353 regnum3
1779 1318 1890 1354 eligitur

1042 1361 1193 1389 dominium
1218 1361 1398 1396 villanorum,
1421 1366 1567 1391 recusatur
1595 1371 1711 1400 regnum
1734 1364 1889 1398 caelorum3

1042 1408 1153 1444 eligitur
1168 1416 1242 1436 uxor
1257 1409 1411 1437 concubina
1421 1408 1441 1442 ⁸,
1463 1412 1490 1437 et
1505 1414 1652 1438 recusatur
1667 1411 1765 1447 copula
1783 1411 1889 1442 divina:

1042 1458 1069 1483 et
1091 1455 1150 1483 ideo
1172 1455 1244 1483 iusto
1266 1455 1366 1484 iudicio
1381 1456 1428 1484 Dei
1443 1465 1526 1485 nemo
1541 1457 1676 1485 virorum
1693 1457 1824 1492 illorum,
1840 1458 1892 1495 qui

1044 1502 1137 1530 vocati
1157 1506 1242 1535 sani,
1265 1510 1384 1530 coenam
1413 1503 1492 1531 istam
1512 1503 1659 1540 9113111011,
1685 1512 1716 1532 eo
1738 1504 1811 1541 quod
1840 1505 1889 1533 isia

1042 1556 1125 1577 coena
1150 1549 1315 1578 transfertur
1336 1558 1351 1577 a
1372 1550 1500 1586 superbis
1518 1554 1544 1579 et
1560 1551 1718 1587 potentibus
1739 1551 1766 1579 in
1788 1551 1891 1580 debiles

1042 1599 1069 1624 ct
1084 1596 1218 1629 humiles,
1241 1605 1256 1624 a
1277 1596 1408 1625 divitibus
1430 1597 1456 1625 in
1479 1605 1631 1634 pauperes,
1652 1606 1667 1626 a
1690 1598 1842 1627 luxuriosis
1863 1599 1888 1627 in

1042 1651 1137 1671 caecos
1164 1647 1191 1672 et
1212 1643 1339 1677 claudos,
1362 1643 1387 1672 id
1410 1646 1467 1677 est,
1489 1644 1515 1672 in
1538 1644 1599 1673 illos
1627 1645 1673 1681 qui
1704 1645 1801 1673 oculos
1826 1653 1890 1674 suos

1042 1694 1177 1718 eruerunt
1190 1690 1200 1706 ⁹
1222 1693 1248 1718 et
1271 1690 1494 1725 refrenaverunt,
1515 1699 1549 1719 ne
1565 1691 1712 1720 vanitatem
1734 1692 1829 1720 mundi
1851 1692 1890 1720 vi-

1041 1737 1130 1766 dendo
1151 1737 1393 1774 concupiscerent,
1415 1741 1442 1767 et
1461 1738 1560 1775 pedem
1580 1738 1750 1768 inordinatae
1771 1739 1891 1768 affectio—

1042 1783 1083 1812 nis
1099 1783 1218 1811 totaliter
1233 1783 1418 1812 absciderunt.
1434 1784 1467 1812 Et
1481 1787 1596 1821 propter
1610 1785 1662 1813 hoc
1677 1785 1779 1813 dicitur
1794 1785 1820 1813 in
1842 1786 1890 1814 ho-

1041 1830 1137 1859 dierno
1163 1830 1323 1867 Evangelio:
1356 1831 1507 1867 pauperes
1535 1840 1570 1859 ac
1602 1831 1720 1865 debiles,
1744 1840 1846 1861 caecos
1866 1836 1890 1860 e(

1041 1877 1162 1905 claudos
1183 1877 1320 1905 introduc
1341 1876 1414 1911 liae,
1437 1877 1496 1906 loco
1517 1878 1620 1907 scilicet
1641 1878 1752 1907 illorum
1773 1879 1819 1915 qui
1842 1887 1889 1908 no-

1042 1924 1155 1953 luerunt
1176 1924 1279 1953 venire.

1119 1971 1244 2000 Secundo
1267 1974 1345 1999 vocat
1366 1979 1412 2000 eos
1426 1971 1460 2000 ad
1482 1971 1561 2000 istam
1574 1980 1689 2001 coenam
1709 1973 1807 2010 gyratis
1827 1973 1889 2002 sine

1041 2018 1305 2054 recompensatione
1319 2018 1463 2047 alliciendo
1478 2026 1528 2055 per
1544 2019 1676 2048 beneficia
1690 2023 1718 2048 et
1737 2020 1888 2056 promissa;

1042 2065 1115 2093 unde
1135 2064 1272 2093 secundae
1291 2065 1365 2093 Petri
1387 2065 1476 2102 primo
1492 2066 1531 2093 ²⁰:
1556 2066 1704 2102 Quomodo
1719 2066 1819 2095 omnia
1839 2075 1890 2095 no-

1042 2111 1084 2139 bis
1106 2111 1223 2140 (livinae
1246 2112 1363 2140 virtutis
1381 2120 1469 2146 sitae,
1491 2121 1566 2150 qaae
1587 2112 1628 2141 ad
1642 2113 1733 2141 uitam
1754 2118 1778 2141 et
1798 2113 1889 2150 pieta-

1041 2162 1097 2187 tem
1118 2159 1228 2187 donata
1245 2163 1330 2193 Sum,
1357 2168 1411 2196 per
1435 2160 1626 2197 cognitionem
1648 2160 1711 2188 eius
1732 2160 1785 2198 qni
1805 2168 1889 2188 voea-

1041 2205 1082 2234 1111
1095 2214 1148 2234 nos
1160 2206 1286 2242 propria
1300 2206 1398 2243 ydor-ia
1413 2210 1438 2234 et
1451 2207 1573 2240 uir-tate,
1586 2215 1641 2243 per
1656 2215 1738 2244 quenz
1754 2207 1889 2235 niaaeinza

1042 2256 1067 2280 et
1085 2252 1217 2289 pretiosa
1230 2252 1313 2281 nobis
1324 2253 1476 2289 promissa
1491 2253 1626 2287 (tonavit,
1649 2253 1753 2282 scilicet
1773 2253 1889 2290 gratiam

1042 2299 1068 2327 in
1089 2299 1228 2336 praesenti
1249 2302 1276 2327 et
1297 2299 1412 2336 gloriam
1434 2299 1462 2328 in
1482 2300 1594 2333 futuro,
1610 2303 1641 2329 ut
1656 2300 1707 2334 sic,
1723 2300 1769 2337 qui
1793 2301 1890 2329 nolunt

1043 2346 1137 2374 venire
1158 2345 1192 2374 ad
1213 2346 1293 2374 istam
1316 2354 1428 2375 coenam
1451 2347 1581 2383 precibus
1608 2346 1716 2376 facilius
1742 2348 1889 2376 trahantur

1043 2392 1215 2421 muneribus.
1238 2393 1313 2421 Unde
1337 2392 1488 2430 Gregorius
1509 2402 1593 2430 super
1615 2394 1683 2422 illud
1705 2394 1802 2422 lehn:
1824 2394 1890 2423 Ser—

1042 2449 1111 2468 vnnz
1135 2448 1230 2468 ineam
1250 2441 1366 2474 vocavi,
1388 2444 1412 2469 et
1433 2449 1491 2469 non
1507 2441 1655 2478 respondit
1669 2441 1751 2469 mihi:
1777 2442 1889 2470 «Vocat

1044 2494 1092 2515 nos
1114 2487 1202 2521 Deus,
1225 2494 1288 2515 cum
1311 2487 1476 2516 muneribus
1504 2488 1661 2524 praevenit3
1691 2488 1890 2525 respondemus

1043 2541 1109 2562 vero
1131 2534 1264 2562 vocationi
1287 2535 1362 2568 eius,
1385 2543 1448 2563 cum
1471 2535 1551 2572 digne
1573 2535 1652 2563 iuxta
1674 2538 1803 2572 percepta
1828 2544 1889 2564 mu-

1044 2588 1109 2608 nera
1130 2580 1311 2609 deservimus.
1334 2582 1411 2610 Hunc
1432 2582 1517 2619 igitur
1539 2590 1651 2611 servum
1674 2583 1780 2611 vocavit
1802 2583 1890 2611 Domi-

1042 2635 1108 2660 nus,
1130 2627 1195 2664 quia
1217 2628 1321 2657 collatis
1344 2629 1522 2663 muneribus,
1537 2629 1614 2665 quasi
1638 2629 1744 2658 emissis
1764 2629 1798 2658 ad
1826 2637 1887 2658 eum

204 2758 211 2771 ¹
232 2759 289 2781 Vide
307 2762 362 2781 tom.
382 2760 396 2781 l.
413 2765 467 2786 pag.
485 2759 522 2785 38,
540 2763 617 2782 notam
630 2760 651 2788 ό,
664 2763 686 2782 et
702 2763 756 2783 tom.
769 2761 805 2783 lV.
818 2767 872 2789 pag.
884 2761 937 2790 391,
949 2768 986 2783 no-

145 2802 190 2820 [am
208 2798 229 2820 3.
246 2811 276 2814 -—
295 2798 382 2820 Deinde
401 2798 523 2826 respicitur
538 2799 595 2821 Gen.
614 2800 638 2825 ¹1,
656 2800 693 2821 26.

203 2836 211 2850 ²
231 2837 332 2865 Proslog.
350 2843 370 2859 c.
388 2837 426 2864 26,
443 2837 483 2859 ubi
500 2837 621 2865 respicitur
639 2839 715 2861 Mattli.
732 2839 775 2866 25,
792 2840 829 2861 21.

203 2876 212 2889 ³
230 2877 295 2899 Vers.
314 2877 336 2899 9.

203 2915 212 2927 ⁴
229 2915 275 2938 Csr.
291 2916 390 2944 Bonav.,
408 2916 441 2938 iii.
458 2916 520 2938 Sent.
536 2916 559 2938 (l.
579 2916 615 2938 14.
632 2922 652 2938 a.
670 2917 691 2938 2.
708 2922 723 2945 q

726 2934 730 2938 .
749 2918 769 2939 2.

204 2954 213 2966 ⁵
231 2955 329 2982 Aristot.,
349 2955 384 2977 lV.
402 2955 490 2982 physic.
509 2958 559 2977 text.
583 2955 630 2977 ¹17.
650 2955 678 2983 (c.
701 2956 751 2985 12).

1107 2799 1115 2812 ⁷
1133 2800 1187 2822 Luc.
1209 2800 1242 2827 14,
1265 2801 1344 2827 18-2ος
1362 2801 1466 2830 sequitur
1483 2808 1507 2823 v.
1525 2801 1560 2823 24.

1106 2838 1115 2850 ὅ
1132 2839 1206 2862 Codri.
1223 2840 1238 2861 E
1250 2839 1266 2861 D
1285 2839 1371 2862 habent
1385 2839 1506 2869 pecorina,
1524 2840 1539 2862 F
1554 2839 1700 2869 peccamina.

1107 2877 1115 2890 ‘¹
1133 2879 1263 2907 Respicitur
1280 2879 1358 2901 Matth.
1376 2880 1416 2905 18,
1434 2880 1484 2906 8-9,
1504 2879 1587 2902 deinde
1605 2880 1659 2902 Luc.
1681 2879 1714 2906 it,
1732 2880 1768 2902 21.

1106 2916 1126 2930 ¹⁰
1146 2919 1209 2940 Vcrs.
1227 2919 1248 2940 3.
1265 2924 1313 2947 seq.

1107 2956 1125 2969 ¹¹
1144 2957 1199 2985 Cap.
1221 2958 1259 2984 19,
1281 2958 1314 2980 16.
1332 2961 1353 2980 et
1370 2958 1474 2986 Gregor.,
1492 2959 1551 2981 xw.
1569 2958 1643 2980 Moral,
1662 2964 1681 2981 c.
1700 2959 1736 2981 42.
1752 2965 1777 2981 11.
1794 2959 1831 2981 50.

1918 807 2016 826 Excusatin

1929 830 2004 854 triplex.

1907 1228 2030 1255 Exprobratio

1902 1254 2035 1270 recusantium.

1918 1979 2012 2006 Secundo,

1931 2005 1994 2026 graus.
