2243 3348
851 192 1023 222 SERMONES
1045 192 1087 221 DE
1110 191 1251 221 SANCTlS.
1869 191 1924 220 743

271 271 406 295 Prothema.
424 272 524 300 Rogavit
545 272 617 300 Rutli,
641 275 665 294 ut
687 272 763 299 spicas
785 271 914 299 colligeret,

305 325 405 348 sequens
425 325 554 341 messorum
571 318 676 346 vestigia,
694 318 753 340 Rutli
773 318 795 344 ll,
812 317 834 339 7.
868 334 874 339 .
904 322 961 346 puy.
980 316 1024 339 470

388 389 423 411 DE
440 388 552 412 SANCTO
571 388 690 411 NtCOLAo
708 388 731 415 (6
750 388 820 416 Deo).

178 460 262 482 Sentio.
281 460 413 482 Thesaurus
431 458 590 481 desiderabilis
606 461 628 480 et
645 459 720 480 oleum
743 458 764 480 in
786 457 915 480 habitaculo

306 506 371 533 iusti,
396 506 461 528 Prov.
481 505 546 532 XXI,
565 505 593 527 20
597 521 916 527 .........
949 512 960 524 n
982 503 1025 526 472

275 552 408 575 Prothemcz.
427 552 547 574 Constituit
569 557 623 574 eum
646 557 716 579 super
739 551 851 573 excelsam
874 554 916 573 ter-

307 606 364 627 ram,
382 603 407 622 ut
423 599 555 622 comederet
573 600 660 622 fructus
677 605 795 627 agrorum,
809 601 833 620 ut
850 604 916 626 suge-

304 650 339 669 ret
356 647 400 669 mel
418 647 447 669 de
465 648 529 674 petra
542 647 667 675 oleumque
678 646 708 668 de
719 651 773 668 saxo
785 645 916 672 durissimo,

306 694 372 716 Dent.
392 693 485 720 xxxii,
501 693 525 715 13
529 708 835 715 .........
836 681 839 684 ”
870 708 875 714 .
909 709 914 713 .
947 700 957 711 »
995 690 1026 713 ib·

285 763 321 785 DE
340 762 450 785 SANCTO
468 762 618 786 STt-:PHANO
636 762 775 785 MARTYRE
792 761 832 791 (26
849 762 922 790 Dea).

178 833 253 856 Samio
272 834 287 855 l.
305 834 436 861 Stephanus
453 833 534 862 plenus
551 833 622 861 gratia
636 835 657 855 et
670 832 808 859 fortitudine,
821 831 918 854 faciebat

305 880 412 909 prodigia
430 883 452 902 et
468 881 533 908 sigua
549 886 632 908 magna
645 880 666 901 in
680 879 773 907 populo,
785 880 834 901 Act.
847 879 882 906 Vt,
895 879 916 901 8.
949 887 961 899 »
982 878 1026 900 478

276 926 411 949 Prothemss.
429 926 540 948 Dominus
558 925 618 948 misit
635 931 672 947 me
690 925 750 947 lesus
762 925 790 947 ad
804 928 833 953 te,
845 928 869 947 ut
886 919 918 946 {ri-

307 974 362 996 deas
379 977 401 996 et
418 973 535 1001 implearis
551 973 636 1001 Spiritu
654 976 740 1001 sancto,
758 973 804 995 Act.
824 973 860 1000 tx,
879 972 916 994 t7.
948 980 960 992 υ
996 972 1028 994 ib.

275 1020 382 1044 collatio.
405 1021 536 1048 Stephanus
558 1020 639 1048 plcuus
661 1021 733 1048 gratia
756 1022 797 1042 etc.
832 1037 837 1042 .
872 1037 878 1042 .
911 1036 916 1041 .
949 1028 960 1040 »
982 1019 1026 1041 482

274 1067 385 1091 Schema.
403 1068 529 1096 Stephanus
547 1070 624 1089 autem
642 1067 723 1095 plcuus
740 1067 813 1094 gratia
836 1069 857 1089 et
876 1067 917 1089 sor-

309 1114 403 1137 titudiue
421 1114 516 1136 faciebat
534 1114 640 1146 prodigia
659 1117 680 1136 et
699 1114 763 1141 signa
787 1119 872 1141 magua
894 1113 916 1135 in

307 1162 401 1189 populo,
422 1161 470 1183 Act.
488 1161 525 1188 Vl,
543 1161 555 1182 8
560 1177 916 1183 ..........
951 1169 960 1180 ιι
983 1160 1027 1182 484

220 1217 232 1228 ιι
276 1208 299 1230 ll.
317 1208 421 1235 Posuisti,
440 1207 544 1235 Domine,
562 1207 584 1229 in
602 1207 676 1235 capite
694 1207 743 1229 eius
761 1213 870 1229 coronam
889 1206 918 1229 cle

308 1255 384 1283 lapide
401 1255 513 1283 pretioso,
532 1254 613 1276 Psalm.
631 1254 681 1281 XX,
700 1253 720 1275 li.
756 1271 759 1275 .
795 1271 799 1275 .
834 1271 838 1275 .
873 1270 879 1275 .
913 1270 918 1275 .
951 1262 962 1273 ι)
984 1252 1028 1275 485

222 1311 232 1322 ι)
277 1302 311 1324 111.
328 1302 465 1324 Audivimus
483 1301 511 1324 dc
529 1304 562 1330 te,
580 1301 642 1330 quod
660 1301 695 1323 vir
714 1303 794 1329 potens
816 1300 847 1323 sis
864 1300 918 1323 viri-

309 1348 364 1376 bus;
388 1351 410 1370 et
432 1348 493 1370 misit
515 1348 535 1369 ei
557 1353 685 1376 purpuram
708 1350 730 1369 ct
751 1353 860 1369 coronam
883 1353 920 1369 au-

309 1402 387 1423 ream,
408 1397 421 1418 l.
440 1396 510 1418 Maeli.
530 1395 562 1423 X,
585 1396 618 1417 19.
635 1402 675 1424 seq
679 1412 920 1417 .......
953 1403 964 1414 »
985 1394 1029 1416 489

223 1450 235 1461 ³>
279 1441 316 1464 lV.
333 1441 422 1464 Corona
439 1447 508 1463 aurea
526 1447 596 1469 super
614 1441 704 1463 mitram
723 1441 780 1467 eius,
793 1440 865 1468 gloria
884 1441 921 1463 lio-

310 1489 372 1511 noris
388 1491 410 1511 et
427 1495 487 1517 opus
503 1489 651 1516 tortitudinis,
671 1489 738 1511 Eccli.
756 1488 825 1515 XLV,
847 1488 880 1510 14.
914 1505 918 1510 .
952 1496 962 1508 n
1000 1487 1029 1509 ib.

224 1545 236 1557 ῃ
280 1537 307 1558 V.
324 1536 415 1558 Libavit
431 1536 461 1558 de
477 1536 588 1564 sanguine
606 1542 672 1562 uvae,
685 1536 763 1558 etl'udit
781 1536 878 1558 odorem
890 1535 921 1558 di-

312 1584 392 1606 vinum
411 1584 499 1606 excelso
519 1583 629 1612 principi,
648 1583 714 1606 Eccli.
732 1584 755 1611 L,
777 1584 812 1605 16.
834 1589 881 1611 seq.
916 1600 922 1605 .
954 1591 965 1602 n
987 1582 1030 1604 490

224 1639 236 1652 »
281 1631 317 1653 Vl.
335 1631 395 1653 Tulit
413 1631 485 1653 David
504 1636 612 1653 coronam
626 1630 735 1653 ltlelcliom
748 1634 769 1653 et
782 1630 858 1658 posuit
870 1636 921 1652 eain

313 1679 335 1699 in
353 1677 427 1705 capite
445 1683 494 1705 suo,
513 1677 526 1699 l.
546 1677 615 1699 Paral.
634 1677 685 1704 XX,
703 1678 724 1698 2.
758 1693 763 1699 .
798 1694 801 1698 .
836 1694 840 1698 .
875 1694 880 1698 .
914 1693 919 1698 .
953 1685 963 1696 n
1000 1676 1031 1698 ib.

226 1733 236 1745 u
282 1725 326 1746 Vll.
344 1724 401 1746 Cum
420 1727 479 1747 esset
497 1725 625 1752 Stephanus
639 1724 718 1752 plenus
734 1724 817 1751 Spiritu
835 1726 937 1750 sancto,'

311 1771 431 1794 intendens
443 1771 465 1793 in
477 1771 574 1798 caelum,
583 1771 641 1793 vidit
653 1771 750 1799 gloriam
760 1771 799 1794 Dei
813 1773 835 1793 et
847 1762 919 1793 lesum

312 1822 408 1841 stantem
432 1825 443 1840 a
463 1819 547 1841 dextris
564 1818 615 1846 Dci,
634 1819 682 1841 Act.
701 1818 745 1846 vu,
763 1818 799 1840 55.
834 1835 839 1840 .
873 1834 879 1840 .
914 1836 918 1840 .
953 1826 963 1837 ι)
1000 1817 1032 1839 ib.

225 1874 237 1886 n
280 1866 334 1888 Vlll.
352 1866 420 1894 Quasi
438 1866 481 1888 flos
498 1871 602 1887 rosarum
619 1865 641 1887 in
653 1864 736 1887 dicbus
753 1865 838 1893 vernis,
855 1865 921 1887 Eccti.

312 1913 336 1939 L,
354 1913 366 1934 8
371 1928 921 1934 ...............
954 1920 964 1932 ι)
987 1912 1026 1934 491

225 1967 237 1979 υ
280 1959 317 1981 lX.
336 1959 405 1987 Quasi
423 1958 529 1986 plantatio
542 1964 607 1980 rosae
619 1958 641 1980 in
655 1958 748 1985 lericlio,
760 1958 826 1981 Eccli.
839 1958 921 1986 XXIV,

315 2006 340 2027 ¹8
345 2022 921 2032 ................
954 2014 963 2025 ii
1000 2005 1032 2028 ib.

226 2062 236 2072 n
280 2053 309 2075 X.
327 2052 434 2080 Princeps
452 2058 476 2074 ea
495 2058 555 2080 quae
572 2052 642 2080 digna
660 2055 713 2074 suut
730 2052 841 2080 principe,
859 2052 922 2080 cogi-

314 2099 381 2126 tabit,
405 2099 453 2121 lsai.
476 2099 568 2125 XXXll,
586 2100 598 2119 8
602 2109 963 2121 ..........
1001 2099 1031 2121 ib.

226 2156 237 2167 n
281 2146 319 2168 Xl.
336 2145 394 2168 Cum
412 2148 471 2168 esset
489 2146 619 2173 Stephanus
636 2146 717 2173 plenus
734 2146 818 2174 Spiritu
836 2149 922 2174 sancto,

311 2192 432 2215 intendens
450 2193 472 2214 in
489 2193 586 2219 eaelum,
605 2193 662 2215 vidit
679 2193 777 2221 gloriam
796 2193 834 2215 Dei
852 2196 873 2215 et
891 2194 923 2215 le-

296 2234 363 2262 >sum
381 2241 478 2261 stantem
496 2246 508 2261 a
527 2239 611 2262 dextris
628 2239 676 2268 Dei,
688 2240 736 2261 Act.
749 2240 794 2268 Vll,
806 2240 842 2262 55.
877 2257 882 2261 .
916 2257 921 2261 .
955 2248 965 2260 ν
987 2239 1031 2262 492

226 2296 237 2307 υ
281 2287 327 2309 Xll.
344 2286 419 2308 Video
437 2287 512 2308 caelos
524 2289 616 2314 apertos
627 2290 648 2309 et
661 2286 740 2309 Filium
755 2286 853 2308 liominis
865 2289 922 2308 stan-

313 2336 357 2355 tem
381 2339 393 2355 a
417 2332 501 2355 dextris
525 2333 576 2360 Dei,
596 2334 644 2354 Act.
662 2332 707 2354 vit.
727 2332 755 2355 56
760 2349 920 2355 .....
954 2341 964 2352 »
1001 2332 1031 2354 ib.

226 2389 238 2400 η
282 2381 337 2403 Xlll.
354 2380 451 2402 Domine
470 2381 526 2406 lesu,
543 2380 635 2407 suscipe
652 2379 757 2407 spiritum
777 2386 862 2407 meum,
874 2380 921 2402 Aet.

313 2427 357 2454 vu,
374 2427 403 2449 58
406 2443 921 2449 ..............
954 2435 965 2447 ›·
987 2427 1031 2449 493

226 2482 237 2494 2>
282 2474 340 2496 xlv.
362 2473 418 2502 Quis
440 2477 474 2496 est
496 2473 550 2496 liic?
574 2476 596 2495 ot
618 2473 764 2496 laudabimus
787 2480 853 2501 eum;
870 2474 921 2496 fecit

312 2521 371 2543 enim
396 2520 507 2542 mirabilia
531 2521 553 2542 in
571 2521 616 2542 vita
640 2526 692 2548 sua⁷
710 2521 777 2543 Eccli.
795 2521 879 2547 XXXl,
897 2521 918 2543 9.
953 2530 962 2541 >2
1001 2521 1031 2544 ib.

286 2591 321 2612 DE
339 2590 450 2613 SANCTO
469 2590 570 2613 lOANNE
587 2591 783 2613 EVANGELts't'A
803 2591 841 2619 (27
860 2591 934 2620 Dec.).

189 2662 263 2685 Samio
281 2662 295 2683 l.
313 2661 371 2683 Puer
389 2661 463 2689 lsrael,
480 2665 501 2683 et
519 2661 585 2683 dilexi
608 2667 673 2687 eum,
691 2661 749 2683 Osee
766 2661 803 2687 Xl,
826 2662 842 2682 l.
877 2678 882 2682 .
916 2679 921 2683 .
954 2669 964 2681 i>
988 2661 1031 2683 495

228 2717 238 2728 1>
282 2708 306 2730 ll.
323 2708 418 2730 Amicus
435 2707 521 2735 spousi,
538 2707 577 2736 qui
595 2710 638 2730 stat
648 2710 670 2729 et
682 2707 745 2730 audit
762 2713 823 2734 eum,
836 2707 921 2735 gaudio

315 2755 401 2782 gaudet
424 2757 518 2782 propter
540 2760 621 2776 vocem
644 2755 736 2782 sponsi,
755 2756 815 2777 loan.
833 2755 866 2781 111,
884 2755 922 2777 29.
954 2763 964 2775 n
1001 2754 1032 2776 ib.

228 2811 238 2822 »
284 2802 316 2824 lll.
336 2802 387 2824 Erat
409 2801 548 2824 recumbens
570 2807 629 2823 unus
652 2807 677 2823 ex
695 2801 813 2829 discipulis
830 2802 879 2824 eius
899 2802 922 2823 in

313 2849 364 2871 sinu
382 2849 439 2875 lesu,
456 2854 526 2876 quem
539 2847 648 2875 diligebat
666 2849 735 2875 lesus,
748 2848 805 2871 loau.
818 2848 874 2874 Xlll‚
885 2848 921 2870 23.
956 2856 965 2867 υ
987 2847 1031 2869 496

228 2905 239 2916 n
283 2896 318 2917 lV.
337 2895 377 2917 Hic
394 2900 428 2917 est
445 2895 572 2922 discipulus
590 2895 632 2921 ille,
644 2901 713 2923 quem
731 2894 841 2922 diligebat
854 2896 922 2921 lesus,

315 2943 374 2965 loan.
393 2942 452 2969 ΧΧΙ,
467 2942 496 2964 2-4
521 2942 535 2963 7
538 2958 922 2963 ...........
954 2949 959 2960 ›
1002 2940 1032 2962 ib.

1083 270 1158 292 Sannio
1177 270 1204 292 V.
1221 269 1262 292 Hic
1278 271 1312 291 est
1328 269 1455 297 discipulus
1472 269 1515 296 ille,
1532 276 1601 298 quem
1619 269 1727 297 diligebat
1748 269 1816 296 lesus,

1207 317 1266 339 loan.
1284 316 1344 342 ΧΧΙ,
1362 315 1399 338 24.
1416 316 1429 337 7
1433 333 1776 339 ..........
1808 322 1863 345 paq.
1882 315 1926 338 497

1123 372 1134 383 ι»
1178 363 1213 385 Vl.
1232 363 1330 385 Dilectus
1348 362 1395 384 Deo
1412 365 1434 384 et
1454 362 1598 389 hominibus,
1617 363 1683 385 cuius
1705 362 1816 385 memoria

1209 410 1230 432 in
1248 409 1407 432 benedictione
1424 412 1464 437 est,
1482 410 1547 432 Eccli.
1566 410 1634 436 XLV,
1653 410 1673 431 1.
1690 427 1695 431 .
1730 425 1736 432 .
1770 427 1775 431 .
1811 426 1816 431 .
1848 418 1859 428 n
1896 408 1926 431 ib.

1124 466 1134 477 D
1178 457 1223 479 Vll.
1241 456 1322 485 Aquila
1344 457 1438 484 grandis
1461 462 1597 484 magnarum
1620 457 1720 483 alarum,
1738 456 1817 478 Ezecli.

1210 503 1277 531 XVll,
1296 504 1308 526 3
1312 519 1815 526 ..............
1849 510 1860 522 »
1896 502 1927 525 ib.

1123 560 1134 571 »
1179 551 1234 574 Vlll.
1251 551 1321 579 Quasi
1346 551 1388 573 flos
1413 557 1517 573 rosarum
1543 551 1565 573 in
1591 550 1673 573 diebus
1696 550 1773 572 vernis
1797 552 1817 572 et

1209 598 1275 626 quasi
1287 597 1339 624 lilia,
1349 603 1408 626 quae
1421 600 1473 620 sunt
1484 598 1506 619 in
1519 598 1613 620 transitu
1626 603 1708 630 aquae,
1719 600 1741 619 et
1752 597 1817 625 quasi

1210 645 1263 667 thus
1280 644 1385 667 redolens
1406 644 1428 666 in
1446 643 1529 666 diebus
1551 644 1654 671 aestatis,
1672 643 1737 666 Eccli.
1755 643 1778 670 L,
1797 644 1818 665 8.
1851 652 1862 662 υ
1883 642 1926 664 498

1125 700 1135 712 ι)
1180 692 1217 714 lx.
1236 692 1301 714 lsrael
1319 691 1458 719 germinabit
1473 691 1531 713 sicut
1548 691 1628 717 lilium,
1645 690 1704 712 Osee
1721 689 1780 716 XlV,
1795 690 1817 711 6.
1850 697 1860 709 ιι
1896 689 1927 711 ib.

1125 747 1136 758 1>
1180 739 1209 761 X.
1229 738 1343 766 Sapientia
1361 738 1460 760 hominis
1477 738 1536 760 lucet
1552 737 1573 759 in
1591 737 1655 759 vultu
1672 737 1729 763 cius,
1746 736 1816 758 Eccle.

1212 785 1296 811 thl,l
1304 799 1816 806 ..............
1850 790 1861 801 »
1897 781 1928 804 ib.

1124 840 1134 851 »
1180 831 1217 853 Xl.
1244 831 1264 852 ln
1292 829 1348 852 facie
1373 830 1494 857 prudentis
1518 830 1578 852 lueet
1603 829 1726 856 sapientia,
1751 828 1818 851 Prov.

1211 878 1284 905 XYll,
1305 877 1342 899 24.
1380 895 1384 899 .
1418 894 1423 899 .
1458 894 1463 898 .
1498 894 1503 898 .
1536 894 1541 898 .
1577 895 1581 898 .
1617 893 1621 897 .
1657 893 1662 897 .
1696 892 1701 897 .
1734 892 1740 897 .
1774 892 1779 897 .
1814 892 1819 897 .
1851 884 1861 895 >2
1883 874 1927 896 499

1125 933 1135 944 n
1180 924 1226 946 Xll.
1244 924 1304 951 lgnis
1322 924 1343 945 in
1361 923 1423 945 altari
1441 929 1533 951 semper
1550 922 1647 949 ardebit,
1664 923 1718 944 Lev.
1730 922 1767 949 Vl,
1785 922 1816 943 12.
1851 930 1860 941 1>
1897 921 1927 943 ib.

1124 980 1134 991 u
1180 971 1235 993 Xlll.
1251 971 1297 993 Erit
1313 970 1380 999 quasi
1397 970 1456 992 oliva
1469 970 1539 997 gloria
1553 969 1609 995 eius,
1622 971 1643 991 et
1655 968 1712 991 odor
1728 969 1777 990 eius
1794 971 1818 990 ut

1211 1018 1303 1044 Libani,
1326 1017 1384 1040 Osee
1408 1017 1466 1044 MV,
1483 1017 1496 1038 7
1500 1032 1818 1039 .........
1850 1023 1861 1035 »
1897 1014 1928 1037 ib.

1124 1074 1135 1086 »
1180 1066 1238 1087 XlV.
1257 1065 1355 1087 Dilectus
1373 1065 1420 1087 Deo
1437 1067 1459 1087 et
1477 1064 1616 1091 homiuibus,
1629 1064 1694 1086 cuius
1707 1063 1817 1085 memoria

1210 1112 1232 1134 iu
1256 1111 1413 1134 benedictione
1438 1114 1479 1134 est.
1505 1111 1605 1133 Similem
1632 1110 1693 1133 illum
1721 1110 1770 1132 tecit
1796 1110 1817 1132 in

1211 1158 1282 1186 gloria
1301 1159 1449 1186 Sanctorum,
1468 1157 1534 1180 Eccli.
1552 1157 1620 1184 XLV,
1639 1157 1661 1179 l.
1680 1157 1700 1179 2.
1734 1174 1739 1178 .
1774 1172 1780 1178 .
1813 1173 1818 1178 .
1851 1164 1862 1175 ι)
1898 1155 1928 1177 ib.

1182 1204 1308 1228 Prothema
1341 1219 1817 1226 .............
1851 1211 1861 1222 n
1897 1202 1928 1224 ib.

1118 1276 1154 1298 DE
1172 1274 1284 1298 SANCTA
1301 1275 1414 1297 AGNETE
1434 1274 1546 1296 VttzGtNE
1564 1274 1600 1296 ET
1619 1273 1757 1295 lttAR't'Ytiss
1775 1272 1810 1301 (21
1833 1273 1895 1301 lan.).

1087 1346 1162 1368 SERMO
1180 1346 1193 1367 l.
1213 1345 1326 1373 Equitatui
1343 1351 1395 1367 meo
1416 1345 1438 1367 in
1461 1343 1567 1367 curribus
1591 1343 1713 1366 Pharaonis
1736 1343 1821 1365 assimi-

1212 1393 1256 1414 lari
1275 1395 1302 1419 te,
1320 1392 1391 1414 amica
1411 1398 1472 1420 mea,
1490 1391 1554 1414 Cant.
1572 1391 1586 1417 l,
1604 1391 1616 1411 8
1620 1406 1821 1416 ......
1853 1398 1864 1409 n
1885 1389 1925 1411 501

1126 1447 1137 1459 >2
1182 1439 1205 1461 ll.
1223 1440 1287 1466 Ecce,
1305 1442 1327 1461 tu
1340 1439 1418 1466 pulcra
1431 1445 1463 1466 es,
1474 1438 1545 1460 amica
1560 1444 1618 1460 mea.
1630 1438 1694 1464 Ecce,
1707 1441 1729 1460 tu
1743 1437 1820 1464 pulcra

1213 1493 1244 1514 es,
1262 1487 1322 1508 oculi
1340 1486 1371 1508 tui
1389 1485 1548 1509 columbarum
1563 1488 1614 1512 etc„
1631 1484 1696 1507 Cant.
1714 1485 1727 1511 l,
1746 1484 1781 1506 tt.
1816 1501 1821 1505 .
1854 1492 1865 1503 n
1886 1483 1931 1505 505

1184 1533 1318 1556 Prollwma.
1336 1534 1479 1562 Quaeramus
1496 1533 1590 1555 domino
1608 1535 1686 1554 nostro
1704 1531 1752 1559 regi
1769 1531 1821 1553 ado-

1213 1580 1358 1602 lescentulam
1376 1579 1504 1607 virginem,
1521 1581 1543 1601 et
1565 1581 1608 1601 stet
1629 1584 1706 1600 coram
1727 1584 1783 1605 rege
1799 1580 1822 1599 et

1215 1629 1290 1649 foveat
1307 1633 1360 1649 eum
1377 1626 1399 1648 in
1418 1626 1468 1648 sinu
1482 1632 1524 1648 suo
1536 1629 1557 1648 et
1570 1625 1684 1648 calefaciat
1701 1625 1821 1647 dominum

1214 1676 1317 1696 nostrum
1335 1680 1423 1701 regem,
1440 1674 1473 1696 lll.
1492 1674 1549 1700 neg.
1567 1674 1581 1701 l,
1602 1674 1614 1695 2
1617 1688 1818 1694 ......
1853 1680 1862 1691 n
1900 1670 1930 1692 ib.

1199 1745 1234 1766 DE
1251 1744 1362 1767 SANCTO
1383 1743 1530 1766 VINCENTIO
1549 1743 1688 1765 MARTYRE
1706 1741 1744 1771 (⁵22
1763 1742 1826 1771 lan.).

1088 1815 1172 1837 Samio.
1191 1814 1276 1837 Similis
1292 1816 1365 1837 tactus
1382 1818 1415 1836 est
1432 1814 1491 1836 leoni
1508 1814 1531 1835 in
1543 1812 1652 1841 operibus
1663 1813 1718 1840 suis,
1731 1812 1821 1835 etsieut

1212 1863 1300 1884 catulus
1325 1861 1396 1884 leonis
1421 1861 1514 1889 rugiens
1540 1861 1561 1882 in
1588 1860 1709 1882 venatione
1733 1862 1784 1886 eto,
1805 1860 1820 1882 l.

1213 1910 1286 1931 mach.
1303 1909 1335 1936 tlt,
1350 1909 1370 1931 t.
1383 1925 1388 1931 .
1422 1925 1428 1930 .

1120 1981 1155 2003 DE
1173 1980 1283 2003 SANCTA
1300 1980 1417 2002 AGATHA
1437 1980 1548 2002 VtRGth
1566 1979 1602 2001 ΕΤ
1621 1979 1759 2000 MARTYRE
1777 1978 1800 2006 (ὅ
1818 1977 1901 2007 Febt‘.).

1089 2052 1170 2073 Sannio.
1189 2051 1306 2073 Fortitudo
1324 2054 1345 2073 et
1362 2051 1432 2073 decor
1450 2050 1608 2072 indumentum
1626 2050 1682 2077 eius,
1700 2052 1722 2071 et
1739 2048 1819 2071 ridebit

1214 2099 1234 2119 in
1254 2098 1291 2120 die
1307 2097 1441 2125 novissimo,
1459 2097 1526 2119 prov.
1545 2097 1627 2125 XXXI,
1643 2097 1680 2118 25.
1698 2114 1703 2118 .
1738 2113 1743 2118 .
1776 2113 1781 2118 .
1815 2113 1820 2118 .
1853 2104 1863 2116 ³>
1885 2095 1929 2117 513

1151 2169 1186 2191 DE
1204 2168 1316 2191 SANCTO
1335 2168 1441 2190 MATtltA
1459 2167 1608 2190 APOSTOLO
1628 2167 1666 2195 (24
1684 2168 1720 2189 vel
1738 2167 1767 2189 25
1785 2166 1868 2195 Febr).

1088 2239 1163 2261 Sentio
1182 2239 1196 2260 l.
1214 2238 1257 2265 Tu,
1275 2237 1378 2264 Domine,
1391 2237 1430 2265 qui
1448 2237 1516 2259 corda
1529 2236 1587 2258 nosti
1603 2237 1715 2263 omnium,
1727 2236 1821 2258 ostende

1213 2291 1283 2314 quem
1308 2285 1405 2312 elegeris
1429 2291 1455 2307 ex
1484 2284 1518 2306 liis
1545 2283 1638 2306 duobus
1662 2290 1748 2310 unum,
1773 2284 1821 2305 Act.

1214 2334 1229 2359 l,
1246 2332 1275 2354 ‘24
1279 2347 1820 2354 ...............
1853 2339 1865 2350 ⁷>
1885 2330 1930 2352 514

1184 2380 1206 2401 tt.
1225 2379 1292 2401 Posui
1309 2385 1359 2405 vos,
1382 2381 1406 2401 ut
1427 2378 1484 2400 eatis
1506 2381 1527 2400 et
1551 2379 1648 2400 [ructum
1672 2377 1782 2404 asseratis,
1799 2381 1819 2399 et

1215 2427 1300 2448 tructus
1322 2429 1398 2447 vester
1421 2428 1524 2451 maneat,
1548 2425 1607 2446 loau.
1630 2424 1681 2451 XV,
1707 2425 1740 2446 16,
1777 2441 1782 2446 .
1816 2441 1821 2446 .
1854 2432 1864 2444 >1
1885 2424 1927 2445 5ls

1191 2496 1226 2518 DE
1244 2495 1354 2518 SANCTO
1373 2494 1469 2517 MARCO
1488 2494 1683 2516 EVANGELISTA
1702 2494 1741 2522 (25
1759 2495 1831 2522 Apin).

1088 2567 1163 2589 SERMO
1182 2566 1195 2588 l.
1214 2566 1310 2588 Sanctus
1327 2565 1347 2587 in
1373 2565 1483 2592 snpientia
1510 2567 1586 2586 manet
1609 2564 1668 2586 sicut
1693 2564 1737 2591 sol⁷
1755 2564 1821 2586 Eccli.

1214 2612 1296 2634 XXVll
1328 2613 1383 2634 12..
1419 2629 1424 2633 .
1460 2629 1464 2633 .
1499 2628 1503 2633 .
1538 2628 1544 2633 .
1577 2628 1583 2632 .
1616 2627 1621 2632 .
1656 2627 1662 2632 .
1695 2628 1700 2632 .
1735 2627 1740 2632 .
1775 2628 1779 2632 .
1815 2627 1820 2632 .
1854 2619 1863 2630 »
1885 2611 1929 2632 Sto

1146 2689 1148 2691 ι
1183 2658 1315 2681 Protlu’ma.
1326 2658 1415 2681 Orietur
1425 2657 1492 2680 vobis
1504 2657 1636 2679 timentibus
1649 2663 1731 2679 nomen
1743 2663 1820 2679 meum

1214 2706 1251 2727 Sol
1269 2705 1378 2732 iustitiae,
1396 2705 1489 2727 illalacli.
1508 2705 1543 2732 lV‚
1561 2705 1581 2726 2.
1617 2720 1621 2725 .
1656 2721 1661 2725 .
1695 2722 1699 2726 .
1734 2721 1738 2725 .
1775 2721 1778 2726 .
1814 2720 1819 2725 .
1852 2712 1862 2724 υ
1898 2703 1929 2725 ib.

1127 2761 1139 2772 n
1183 2753 1206 2774 11.
1224 2752 1363 2779 Sapientiam
1381 2752 1430 2774 sine
1448 2751 1538 2774 fictione
1555 2751 1624 2774 didici
1637 2755 1658 2773 et
1669 2751 1718 2773 sine
1736 2751 1820 2773 invidia

1214 2799 1374 2825 communico,
1396 2800 1448 2826 Sap.
1473 2799 1521 2825 Vll,
1547 2799 1579 2820 13.
1618 2816 1622 2820 .
1658 2815 1662 2819 .
1697 2815 1701 2820 ,
1736 2814 1741 2819 ,
1775 2815 1779 2820 .
1814 2815 1819 2819 .
1853 2806 1863 2817 1>
1885 2798 1928 2820 524-

1184 2846 1316 2869 Prothoum.
1331 2846 1350 2867 ln
1365 2845 1539 2867 mausuetudine
1551 2845 1659 2872 suscipite
1672 2845 1762 2867 iusitum
1773 2850 1821 2866 ver<

1214 2893 1277 2919 hiim,
1294 2893 1359 2921 quod
1376 2895 1450 2919 potest
1466 2893 1509 2914 salx
1517 2898 1554 2914 are
1572 2892 1660 2914 animas
1672 2894 1767 2918 testi-as,
1779 2891 1821 2913 lac.

1215 2940 1229 2966 l,
1247 2939 1271 2961 <21
1278 2954 1818 2961 ...............
1852 2946 1863 2957 n
1899 2937 1930 2959 ib.
